2034 3267
453 183 628 216 PANAnn
656 184 752 215 ADv.
777 183 996 215 HAERESES
1021 184 1101 215 LIB.
1123 185 1147 217 1.
1171 185 1276 216 ToM.
1293 185 1317 215 1.
1585 175 1632 214 91

396 353 724 400 ADVERSUS
756 353 1381 401 HEMEROBAPTISTAS.

283 432 400 493 Quae
438 437 503 478 est
537 432 729 478 haeresis
764 431 843 477 IV.
879 431 1113 490 Iudaismi,
1160 433 1311 479 ordine
1346 432 1492 479 XVII.

241 530 428 572 Proxima
460 538 519 571 est
543 529 962 583 Hemerobaptistarum
992 537 1120 576 secta,
1154 545 1249 583 quae
1281 539 1322 571 ut
1352 532 1396 572 ab
1426 531 1511 572 aliis
1538 532 1637 572 nulla
1664 541 1741 583 Cap.
1766 540 1789 570 Ι.

130 600 170 640 ἰη
197 613 240 639 re
273 599 455 648 dissidet,
495 599 701 649 eademque
731 596 908 648 dogmata
940 610 1022 635 cum
1054 595 1201 637 Scribis
1235 612 1279 637 ac
1309 597 1531 640 pharisaeis
1562 611 1640 640 am—

132 667 332 722 plectitur,
364 666 417 705 ita
442 680 524 705 cum
551 662 786 704 Sadducaeis
809 677 885 701 non
912 664 1023 702 modo
1049 664 1087 702 in
1114 666 1288 717 neganda
1311 674 1546 707 mortuorum
1579 681 1640 707 re-

130 735 371 774 surrectione
394 730 595 777 convenit,
628 743 760 769 verum
784 730 899 768 etiam
924 744 1163 769 communem
1191 745 1274 770 cuin
1305 732 1351 771 iis
1379 733 1640 775 infidelitatem

130 809 445 852 caeterarumque
468 811 594 837 rerum
621 796 845 849 pravitatem
868 796 1023 836 retinet.
1085 796 1170 836 Hoc
1194 812 1285 837 vero
1308 801 1550 853 praecipuum
1575 802 1640 842 ha-

129 868 243 917 bent,
278 867 375 920 quod
404 873 478 904 tam
501 876 594 903 vere
618 870 875 916 autumnoque
905 877 1015 916 quam
1047 871 1194 904 aestate
1225 873 1338 918 atque
1365 866 1487 906 hieme
1518 870 1641 920 quoti-

130 936 190 974 die
221 936 372 982 lavant,
404 930 503 971 unde
536 936 573 968 et
600 928 1020 983 Hemerobaptistarum
1054 932 1343 985 appellationem
1378 933 1504 987 adepti
1534 943 1637 975 sunt.

130 1000 187 1042 Ita
212 1002 309 1041 enim
332 997 565 1046 statuebant,
598 997 731 1036 vivere
753 997 863 1036 aliter
885 997 1075 1037 hominem
1098 1013 1172 1038 non
1195 1013 1307 1051 posse
1330 1014 1441 1053 quam
1463 1000 1497 1041 si
1517 1002 1639 1055 quoti-

131 1070 192 1109 die
221 1081 263 1108 se
293 1065 401 1118 aquis
432 1064 602 1113 elueret,
636 1070 749 1117 atque
781 1064 827 1104 ab
859 1065 962 1104 omni
991 1065 1152 1105 crimine
1183 1074 1377 1120 purgaret.

239 1198 316 1241 Sed
343 1212 364 1238 a
387 1198 498 1238 nobis
523 1212 599 1238 uno
628 1198 749 1238 verbo
781 1199 950 1239 funditus
978 1200 1100 1240 everti
1127 1208 1232 1241 secta
1257 1202 1319 1242 illa
1351 1210 1498 1256 potest,
1533 1202 1640 1242 cuius

128 1269 301 1321 dogmata
325 1273 367 1305 nt
387 1279 409 1305 a
431 1266 502 1305 fide
527 1279 683 1318 prorsus
704 1266 844 1315 aliena,
879 1267 934 1306 sic
954 1281 1037 1306 cum
1062 1267 1287 1309 infidelitate
1310 1270 1511 1310 coniuncta
1534 1277 1637 1310 sunt.

127 1333 223 1376 Cum
251 1333 353 1373 enim
378 1333 511 1372 diebus
534 1333 693 1386 singulis
716 1333 942 1385 abluantur,
977 1335 1038 1374 vel
1065 1349 1134 1374 sua
1155 1336 1226 1389 ipsi
1250 1337 1487 1377 conscientia
1510 1338 1642 1378 redar-

125 1409 292 1455 guuntur
313 1414 463 1440 omnem
487 1400 587 1439 illam
620 1414 731 1453 quam
757 1400 877 1454 pridie
907 1409 1164 1455 conceperant
1190 1417 1295 1457 spem
1322 1418 1404 1444 cum
1433 1405 1503 1444 fide
1528 1412 1641 1459 atque

124 1468 345 1523 expiatione
367 1468 595 1522 perdidisse.
655 1466 758 1507 Nam
786 1469 819 1507 si
844 1483 957 1508 unum
988 1469 1174 1509 duntaxat
1196 1470 1421 1524 baptismum
1447 1479 1639 1523 tenerent,

123 1536 162 1576 in
194 1549 240 1576 eo
270 1536 428 1575 fiduciae
461 1535 625 1588 aliquid,
659 1542 789 1588 utpote
820 1543 1002 1589 perpetuo
1036 1543 1148 1590 atque
1183 1537 1411 1588 immortali,
1450 1540 1642 1580 collocare

125 1610 298 1658 possent.
360 1601 439 1643 lam
468 1617 561 1643 vero
597 1603 658 1656 qui
686 1603 796 1642 hodie
829 1617 904 1642 non
932 1604 1089 1643 curandi
1117 1605 1288 1658 corporis
1318 1606 1462 1659 gratia,
1494 1608 1559 1648 sed
1593 1608 1640 1648 ad

125 1671 316 1724 expianda
342 1670 490 1710 scelera
520 1670 585 1709 loti
617 1677 728 1720 sunt,
769 1670 979 1724 quibusque
1007 1670 1094 1710 ideo
1123 1680 1351 1725 repurgata,
1392 1681 1432 1713 ut
1460 1674 1530 1728 ipsi
1562 1682 1640 1716 sta—

126 1745 258 1787 tuunt,
293 1738 420 1778 omnia
451 1751 537 1777 esse
565 1737 724 1786 debent,
757 1737 869 1776 iidem
901 1752 985 1777 cum
1018 1739 1201 1792 postridie
1232 1754 1384 1781 rursum
1416 1742 1636 1793 abluuntur,

124 1805 320 1845 declarant
342 1807 515 1859 profecto
541 1805 760 1844 hesternum
784 1804 886 1844 illum
907 1804 1136 1858 baptismum
1159 1808 1380 1848 evanuisse.
1426 1808 1515 1850 Nisi
1537 1809 1639 1849 enim

123 1874 195 1913 iste
229 1873 430 1926 periisset,
464 1872 555 1912 nihil
587 1879 669 1911 erat
696 1886 762 1911 cur
788 1872 833 1911 ad
857 1872 1056 1912 criminum
1089 1873 1349 1927 expiationem
1380 1877 1504 1916 denuo
1535 1877 1639 1917 illum

124 1947 280 1995 postera
313 1940 396 1979 luce
431 1947 665 1994 repeterent.
730 1937 843 1991 Quod
875 1939 907 1979 si
942 1954 1103 1994 peccare
1140 1942 1294 1982 omnino
1334 1957 1410 1983 non
1440 1944 1635 1993 desinunt,

121 2006 421 2060 existimantque
452 2021 494 2046 se
527 2022 610 2047 cum
643 2013 826 2060 perpetuo
857 2020 901 2046 ac
937 2007 1070 2047 diebus
1104 2008 1264 2061 singulis
1298 2018 1458 2064 peccent
1488 2013 1638 2066 expiari

122 2089 221 2128 aqua
247 2088 383 2128 posse,
416 2075 667 2114 vehementer
694 2074 895 2125 aberrant,
928 2071 999 2114 nec
1034 2083 1093 2114 est
1120 2090 1253 2116 eorum
1291 2078 1467 2119 instituto
1498 2080 1637 2120 vanius

123 2149 188 2182 aut
208 2141 410 2182 absurdius
432 2143 647 2195 quicquam.
708 2140 862 2181 Etenim
886 2155 1008 2195 neque
1036 2141 1217 2184 Oceanus
1240 2144 1336 2198 ipse,
1370 2160 1493 2199 neque
1518 2147 1637 2187 maria

124 2209 274 2258 omnia,
308 2223 431 2263 neque
463 2223 651 2264 perennes
682 2208 881 2248 fluviorum
912 2223 1032 2263 aquae
1064 2211 1125 2250 vel
1159 2211 1343 2263 fontium,
1377 2227 1500 2266 neque
1532 2214 1637 2266 quic-

124 2277 211 2331 quid
241 2277 388 2331 uspiam
422 2277 633 2330 pluviarum
665 2282 746 2324 est,
780 2277 810 2316 si
839 2291 953 2317 unum
987 2278 1026 2317 in
1057 2278 1181 2317 locum
1217 2279 1472 2331 conveniant,
1507 2283 1636 2321 eluere

123 2352 281 2399 peccata
302 2345 493 2384 hominum
523 2351 697 2397 possunt,
731 2344 878 2396 quando
900 2344 938 2384 id
962 2345 1059 2384 citra
1083 2359 1234 2384 omnem
1256 2346 1440 2386 rationem
1464 2348 1636 2402 citraque

123 2412 183 2451 dei
209 2419 454 2466 praeceptum
476 2411 690 2450 adhibetur.
735 2409 907 2465 Purgare
930 2413 1090 2466 proinde
1110 2413 1257 2452 scelera
1281 2414 1537 2467 poenitentiae
1560 2424 1635 2466 est,

123 2479 312 2532 uniusque
337 2479 533 2533 baptismi,
567 2492 635 2532 per
660 2479 903 2532 mysticarum
928 2494 1056 2519 rerum
1088 2480 1395 2534 appellationem.
1458 2480 1536 2523 Sed
1565 2498 1636 2524 uos

123 2546 169 2586 ab
193 2546 261 2586 hac
288 2547 402 2586 etiam
424 2554 528 2585 secta
554 2547 598 2585 ad
626 2545 736 2584 aliam
762 2547 1030 2597 transibimus,
1065 2561 1149 2587 cum
1178 2548 1326 2588 abunde
1350 2563 1436 2590 esse
1460 2557 1636 2603 putemus

122 2614 254 2666 paucis
277 2615 463 2654 adversus
485 2613 635 2652 illorum
657 2613 902 2654 stoliditatem
926 2614 1097 2654 remedia
1119 2629 1379 2670 comparasse.
1439 2616 1635 2659 Hactenus

121 2680 239 2733 igitur
267 2681 307 2721 in
337 2682 523 2721 lectorum
553 2680 714 2734 gratiam
745 2680 817 2721 ista
847 2681 1038 2736 disputata
1066 2682 1157 2723 sint.

1666 1212 1743 1255 Cap.
1770 1213 1807 1243 11.
