<?xml version="1.0" encoding="UTF-8"?>
<!DOCTYPE html PUBLIC "-//W3C//DTD XHTML 1.0 Transitional//EN"
    "http://www.w3.org/TR/xhtml1/DTD/xhtml1-transitional.dtd">
<html xmlns="http://www.w3.org/1999/xhtml" xml:lang="en" lang="en">
 <head>
  <title>
</title>
<meta http-equiv="Content-Type" content="text/html;charset=utf-8" />
  <meta name='ocr-system' content='tesseract 3.04.00' />
  <meta name='ocr-capabilities' content='ocr_page ocr_carea ocr_par ocr_line ocrx_word'/>
</head>
<body>
  <div class='ocr_page' id='page_1' title='image "./p1corporishaereseo02epipuoft/p1corporishaereseo02epipuoft_0518.png"; bbox 0 0 2034 3267; ppageno 0'>
   <div class='ocr_carea' id='block_1_1' title="bbox 161 390 301 425">
    <p class='ocr_par' dir='ltr' id='par_1_1' title="bbox 161 390 301 425">
     <span class='ocr_line' id='line_1_1' title="bbox 161 390 301 425; baseline 0 -9"><span class='ocrx_word' id='word_1_1' title='bbox 161 397 225 425; x_wconf 74' lang='lat' dir='ltr'>pag.</span> <span class='ocrx_word' id='word_1_2' title='bbox 245 390 301 416; x_wconf 69' lang='lat'>274.</span> 
     </span>
    </p>
   </div>
   <div class='ocr_carea' id='block_1_2' title="bbox 136 1397 289 1443">
    <p class='ocr_par' dir='ltr' id='par_1_2' title="bbox 136 1397 289 1443">
     <span class='ocr_line' id='line_1_2' title="bbox 136 1397 289 1443; baseline 0.007 -12"><span class='ocrx_word' id='word_1_3' title='bbox 136 1399 222 1443; x_wconf 75' lang='grc' dir='ltr'><em>Κεφ.</em></span> <span class='ocrx_word' id='word_1_4' title='bbox 247 1397 289 1442; x_wconf 50' lang='grc' dir='ltr'><em>τί.</em></span> 
     </span>
    </p>
   </div>
   <div class='ocr_carea' id='block_1_3' title="bbox 153 2693 294 2728">
    <p class='ocr_par' dir='ltr' id='par_1_3' title="bbox 153 2693 294 2728">
     <span class='ocr_line' id='line_1_3' title="bbox 153 2693 294 2728; baseline 0.007 -9"><span class='ocrx_word' id='word_1_5' title='bbox 153 2701 216 2728; x_wconf 77' lang='lat' dir='ltr'>pag.</span> <span class='ocrx_word' id='word_1_6' title='bbox 237 2693 294 2721; x_wconf 68' lang='lat'><em>2713.</em></span> 
     </span>
    </p>
   </div>
   <div class='ocr_carea' id='block_1_4' title="bbox 323 155 1280 193">
    <p class='ocr_par' dir='ltr' id='par_1_4' title="bbox 323 155 1280 193">
     <span class='ocr_line' id='line_1_4' title="bbox 323 155 1280 193; baseline 0 -1"><span class='ocrx_word' id='word_1_7' title='bbox 323 155 401 193; x_wconf 82' lang='grc'><em>506</em></span> <span class='ocrx_word' id='word_1_8' title='bbox 877 159 1035 192; x_wconf 82' lang='lat' dir='ltr'>SANCTI</span> <span class='ocrx_word' id='word_1_9' title='bbox 1060 160 1280 192; x_wconf 84' lang='lat' dir='ltr'><strong>EPIPHANII</strong></span> 
     </span>
    </p>
   </div>
   <div class='ocr_carea' id='block_1_5' title="bbox 1066 234 1076 248">
    <p class='ocr_par' dir='ltr' id='par_1_5' title="bbox 1066 234 1076 248">
     <span class='ocr_line' id='line_1_5' title="bbox 1066 234 1076 248; baseline 0 -7"><span class='ocrx_word' id='word_1_10' title='bbox 1066 234 1076 248; x_wconf 74' lang='lat'><em>‹-</em></span> 
     </span>
    </p>
   </div>
   <div class='ocr_carea' id='block_1_6' title="bbox 315 234 1836 1242">
    <p class='ocr_par' dir='ltr' id='par_1_6' title="bbox 315 234 1836 1242">
     <span class='ocr_line' id='line_1_6' title="bbox 320 234 1832 295; baseline 0.003 -16"><span class='ocrx_word' id='word_1_11' title='bbox 320 239 501 288; x_wconf 82' lang='grc' dir='ltr'><em>κακιζέτω</em></span> <span class='ocrx_word' id='word_1_12' title='bbox 533 236 603 289; x_wconf 77' lang='grc' dir='ltr'><em>τήν</em></span> <span class='ocrx_word' id='word_1_13' title='bbox 634 241 705 278; x_wconf 89' lang='grc' dir='ltr'><em>τοῦ</em></span> <span class='ocrx_word' id='word_1_14' title='bbox 735 240 834 277; x_wconf 90' lang='grc' dir='ltr'><em>θεοῦ</em></span> <span class='ocrx_word' id='word_1_15' title='bbox 863 238 1002 286; x_wconf 81' lang='grc' dir='ltr'><em>κτίσιν,</em></span> <span class='ocrx_word' id='word_1_16' title='bbox 1045 254 1097 284; x_wconf 89' lang='grc' dir='ltr'><em>ως</em></span> <span class='ocrx_word' id='word_1_17' title='bbox 1125 234 1232 277; x_wconf 65' lang='grc' dir='ltr'><em>ἄλλοι</em></span> <span class='ocrx_word' id='word_1_18' title='bbox 1259 236 1500 290; x_wconf 87' lang='grc' dir='ltr'><em>πλανώμενοι</em></span> <span class='ocrx_word' id='word_1_19' title='bbox 1529 239 1643 282; x_wconf 80' lang='grc' dir='ltr'><em>πάλιν</em></span> <span class='ocrx_word' id='word_1_20' title='bbox 1671 242 1832 295; x_wconf 84' lang='grc' dir='ltr'><em>λέγουσι.</em></span> 
     </span>
     <span class='ocr_line' id='line_1_7' title="bbox 322 302 1834 360; baseline 0.005 -16"><span class='ocrx_word' id='word_1_21' title='bbox 322 309 598 357; x_wconf 91' lang='grc' dir='ltr'><em>Προετυποῦτο</em></span> <span class='ocrx_word' id='word_1_22' title='bbox 630 304 671 344; x_wconf 83' lang='grc' dir='ltr'><em>δὲ</em></span> <span class='ocrx_word' id='word_1_23' title='bbox 697 308 810 345; x_wconf 86' lang='grc' dir='ltr'><em>τοῦτο</em></span> <span class='ocrx_word' id='word_1_24' title='bbox 839 309 920 352; x_wconf 88' lang='grc' dir='ltr'><em>τοῖς</em></span> <span class='ocrx_word' id='word_1_25' title='bbox 950 305 990 344; x_wconf 89' lang='grc' dir='ltr'><em>ἐν</em></span> <span class='ocrx_word' id='word_1_26' title='bbox 1018 308 1063 360; x_wconf 78' lang='grc' dir='ltr'><em>τῇ</em></span> <span class='ocrx_word' id='word_1_27' title='bbox 1089 302 1217 360; x_wconf 81' lang='grc' dir='ltr'><em>ἐρήμῳ</em></span> <span class='ocrx_word' id='word_1_28' title='bbox 1249 303 1312 345; x_wconf 77' lang='grc' dir='ltr'><em>διοῖ</em></span> <span class='ocrx_word' id='word_1_29' title='bbox 1342 303 1412 358; x_wconf 81' lang='grc' dir='ltr'><em>τὴν</em></span> <span class='ocrx_word' id='word_1_30' title='bbox 1434 308 1558 348; x_wconf 81' lang='grc' dir='ltr'><strong><em>αἰτίαν</em></strong></span> <span class='ocrx_word' id='word_1_31' title='bbox 1586 308 1636 360; x_wconf 84' lang='grc' dir='ltr'><em>ἣν</em></span> <span class='ocrx_word' id='word_1_32' title='bbox 1658 308 1785 350; x_wconf 76' lang='grc' dir='ltr'><em>ἐλθών</em></span> <span class='ocrx_word' id='word_1_33' title='bbox 1812 307 1834 351; x_wconf 81' lang='grc' dir='ltr'>ὁ</span> 
     </span>
     <span class='ocr_line' id='line_1_8' title="bbox 322 369 1835 428; baseline 0.004 -15"><span class='ocrx_word' id='word_1_34' title='bbox 322 371 456 425; x_wconf 83' lang='grc' dir='ltr'><em>κύριος</em></span> <span class='ocrx_word' id='word_1_35' title='bbox 483 372 579 425; x_wconf 81' lang='grc' dir='ltr'><em>λέγει</em></span> <span class='ocrx_word' id='word_1_36' title='bbox 609 372 649 412; x_wconf 89' lang='grc' dir='ltr'><em>ἐν</em></span> <span class='ocrx_word' id='word_1_37' title='bbox 678 376 729 428; x_wconf 85' lang='grc' dir='ltr'><em>τῷ</em></span> <span class='ocrx_word' id='word_1_38' title='bbox 752 370 974 428; x_wconf 78' lang='grc' dir='ltr'><em>εὐαγγελίῳ,</em></span> <span class='ocrx_word' id='word_1_39' title='bbox 1016 371 1094 422; x_wconf 81' lang='grc' dir='ltr'><em>ὅτι,</em></span> <span class='ocrx_word' id='word_1_40' title='bbox 1131 369 1200 419; x_wconf 82' lang='grc' dir='ltr'><em>Ὡς</em></span> <span class='ocrx_word' id='word_1_41' title='bbox 1224 370 1359 424; x_wconf 76' lang='grc' dir='ltr'><em>ῦψωσε</em></span> <span class='ocrx_word' id='word_1_42' title='bbox 1383 377 1562 427; x_wconf 83' lang='grc' dir='ltr'><em>Μωϋσῆς</em></span> <span class='ocrx_word' id='word_1_43' title='bbox 1585 375 1651 417; x_wconf 75' lang='grc' dir='ltr'><em>τόν</em></span> <span class='ocrx_word' id='word_1_44' title='bbox 1676 375 1769 428; x_wconf 80' lang='grc' dir='ltr'><em>ὄφιν</em></span> <span class='ocrx_word' id='word_1_45' title='bbox 1794 378 1835 418; x_wconf 85' lang='grc' dir='ltr'><em>ἐν</em></span> 
     </span>
     <span class='ocr_line' id='line_1_9' title="bbox 322 437 1835 500; baseline 0.005 -21"><span class='ocrx_word' id='word_1_46' title='bbox 322 444 366 496; x_wconf 79' lang='grc' dir='ltr'><em>τῇ</em></span> <span class='ocrx_word' id='word_1_47' title='bbox 396 437 546 495; x_wconf 85' lang='grc' dir='ltr'><em>ἐρήμῳ,</em></span> <span class='ocrx_word' id='word_1_48' title='bbox 587 437 711 487; x_wconf 73' lang='grc' dir='ltr'><em>οὕτως</em></span> <span class='ocrx_word' id='word_1_49' title='bbox 740 437 957 492; x_wconf 82' lang='grc' dir='ltr'><em>ῦψωθῆναι</em></span> <span class='ocrx_word' id='word_1_50' title='bbox 988 441 1049 480; x_wconf 88' lang='grc' dir='ltr'><em>δεῖ</em></span> <span class='ocrx_word' id='word_1_51' title='bbox 1070 438 1137 481; x_wconf 75' lang='grc' dir='ltr'><em>τόν</em></span> <span class='ocrx_word' id='word_1_52' title='bbox 1161 438 1249 481; x_wconf 82' lang='grc' dir='ltr'><em>υἷὸν</em></span> <span class='ocrx_word' id='word_1_53' title='bbox 1273 444 1342 481; x_wconf 85' lang='grc' dir='ltr'><em>τοῦ</em></span> <span class='ocrx_word' id='word_1_54' title='bbox 1369 438 1606 494; x_wconf 67' lang='grc' dir='ltr'><em>ἀνθρώπου·</em></span> <span class='ocrx_word' id='word_1_55' title='bbox 1644 443 1666 485; x_wconf 78' lang='grc' dir='ltr'>ὃ</span> <span class='ocrx_word' id='word_1_56' title='bbox 1690 446 1755 485; x_wconf 80' lang='grc' dir='ltr'><em>καὶ</em></span> <span class='ocrx_word' id='word_1_57' title='bbox 1777 446 1835 500; x_wconf 85' lang='grc' dir='ltr'><em>γε’-</em></span> 
     </span>
     <span class='ocr_line' id='line_1_10' title="bbox 320 505 1836 565; baseline 0.004 -17"><span class='ocrx_word' id='word_1_58' title='bbox 320 523 416 561; x_wconf 81' lang='grc' dir='ltr'><em>γονε.</em></span> <span class='ocrx_word' id='word_1_59' title='bbox 476 509 600 559; x_wconf 86' lang='grc' dir='ltr'><em>Δίκην</em></span> <span class='ocrx_word' id='word_1_60' title='bbox 629 505 700 561; x_wconf 73' lang='grc' dir='ltr'><em>γαρ</em></span> <span class='ocrx_word' id='word_1_61' title='bbox 730 506 858 558; x_wconf 81' lang='grc' dir='ltr'><em>ὄφεως</em></span> <span class='ocrx_word' id='word_1_62' title='bbox 881 505 1131 560; x_wconf 65' lang='grc' dir='ltr'><em>ἀτιμάσαντες</em></span> <span class='ocrx_word' id='word_1_63' title='bbox 1160 505 1226 548; x_wconf 78' lang='grc' dir='ltr'><em>τόν</em></span> <span class='ocrx_word' id='word_1_64' title='bbox 1250 512 1403 563; x_wconf 85' lang='grc' dir='ltr'><em>σωτῆρα</em></span> <span class='ocrx_word' id='word_1_65' title='bbox 1433 506 1510 549; x_wconf 63' lang='lat' dir='ltr'><em>&lt;ind</em></span> <span class='ocrx_word' id='word_1_66' title='bbox 1536 510 1740 564; x_wconf 78' lang='grc' dir='ltr'><em>ἐπιβουλῆς</em></span> <span class='ocrx_word' id='word_1_67' title='bbox 1768 517 1836 565; x_wconf 87' lang='grc' dir='ltr'><em>τῆς</em></span> 
     </span>
     <span class='ocr_line' id='line_1_11' title="bbox 319 573 1834 636; baseline 0.004 -21"><span class='ocrx_word' id='word_1_68' title='bbox 319 579 388 615; x_wconf 89' lang='grc' dir='ltr'><em>τοῦ</em></span> <span class='ocrx_word' id='word_1_69' title='bbox 418 573 546 626; x_wconf 81' lang='grc' dir='ltr'><em>ὄφεως</em></span> <span class='ocrx_word' id='word_1_70' title='bbox 574 573 804 627; x_wconf 76' lang='grc' dir='ltr'><em>ἠδικοῦντο,</em></span> <span class='ocrx_word' id='word_1_71' title='bbox 845 576 947 628; x_wconf 86' lang='grc' dir='ltr'><em>φημὶ</em></span> <span class='ocrx_word' id='word_1_72' title='bbox 977 575 1018 616; x_wconf 83' lang='grc' dir='ltr'><em>δὲ</em></span> <span class='ocrx_word' id='word_1_73' title='bbox 1046 579 1115 616; x_wconf 91' lang='grc' dir='ltr'><em>τοῦ</em></span> <span class='ocrx_word' id='word_1_74' title='bbox 1146 574 1343 627; x_wconf 87' lang='grc' dir='ltr'><em>διαβόλου.</em></span> <span class='ocrx_word' id='word_1_75' title='bbox 1404 577 1483 616; x_wconf 86' lang='grc' dir='ltr'><em>Καὶ</em></span> <span class='ocrx_word' id='word_1_76' title='bbox 1507 576 1686 632; x_wconf 80' lang='grc' dir='ltr'><em>καθάπερ</em></span> <span class='ocrx_word' id='word_1_77' title='bbox 1718 581 1758 620; x_wconf 86' lang='grc' dir='ltr'><em>ἐν</em></span> <span class='ocrx_word' id='word_1_78' title='bbox 1782 584 1834 636; x_wconf 84' lang='grc' dir='ltr'><em>τῷ</em></span> 
     </span>
     <span class='ocr_line' id='line_1_12' title="bbox 318 640 1834 704; baseline 0.003 -21"><span class='ocrx_word' id='word_1_79' title='bbox 318 640 504 695; x_wconf 79' lang='grc' dir='ltr'><em>ῦψώματι</em></span> <span class='ocrx_word' id='word_1_80' title='bbox 533 647 602 683; x_wconf 89' lang='grc' dir='ltr'><em>τοῦ</em></span> <span class='ocrx_word' id='word_1_81' title='bbox 632 641 759 694; x_wconf 86' lang='grc' dir='ltr'><em>ὄφεως</em></span> <span class='ocrx_word' id='word_1_82' title='bbox 787 644 886 691; x_wconf 83' lang='grc' dir='ltr'><em>ἴασις</em></span> <span class='ocrx_word' id='word_1_83' title='bbox 917 644 1083 697; x_wconf 86' lang='grc' dir='ltr'><em>ἐγίγνετο</em></span> <span class='ocrx_word' id='word_1_84' title='bbox 1116 648 1197 691; x_wconf 88' lang='grc' dir='ltr'><em>τοῖς</em></span> <span class='ocrx_word' id='word_1_85' title='bbox 1229 644 1497 698; x_wconf 81' lang='grc' dir='ltr'><em>δεδηγμένοις,</em></span> <span class='ocrx_word' id='word_1_86' title='bbox 1540 643 1664 693; x_wconf 75' lang='grc' dir='ltr'><em>οὕτως</em></span> <span class='ocrx_word' id='word_1_87' title='bbox 1697 647 1761 688; x_wconf 86' lang='grc' dir='ltr'><em>ε’πὶ</em></span> <span class='ocrx_word' id='word_1_88' title='bbox 1788 652 1834 704; x_wconf 81' lang='grc' dir='ltr'><em>τῇ</em></span> 
     </span>
     <span class='ocr_line' id='line_1_13' title="bbox 318 709 1836 765; baseline 0.004 -15"><span class='ocrx_word' id='word_1_89' title='bbox 318 715 386 752; x_wconf 89' lang='grc' dir='ltr'><em>τοῦ</em></span> <span class='ocrx_word' id='word_1_90' title='bbox 409 714 579 763; x_wconf 76' lang='grc' dir='ltr'><em>Χριστοῦ</em></span> <span class='ocrx_word' id='word_1_91' title='bbox 610 709 822 765; x_wconf 86' lang='grc' dir='ltr'><em>σταυρώσει</em></span> <span class='ocrx_word' id='word_1_92' title='bbox 850 709 966 765; x_wconf 82' lang='grc' dir='ltr'><em>λύτρα</em></span> <span class='ocrx_word' id='word_1_93' title='bbox 996 711 1126 765; x_wconf 81' lang='grc' dir='ltr'><em>γέγονε</em></span> <span class='ocrx_word' id='word_1_94' title='bbox 1155 716 1239 759; x_wconf 86' lang='grc' dir='ltr'><em>ταῖς</em></span> <span class='ocrx_word' id='word_1_95' title='bbox 1267 709 1379 764; x_wconf 80' lang='grc' dir='ltr'><em>ἡμῶν</em></span> <span class='ocrx_word' id='word_1_96' title='bbox 1409 717 1554 764; x_wconf 82' lang='grc' dir='ltr'><em>ψυχαῖς</em></span> <span class='ocrx_word' id='word_1_97' title='bbox 1583 710 1660 753; x_wconf 83' lang='grc' dir='ltr'><em>α’πὸ</em></span> <span class='ocrx_word' id='word_1_98' title='bbox 1691 719 1766 755; x_wconf 78' lang='grc' dir='ltr'><em>τῶν</em></span> <span class='ocrx_word' id='word_1_99' title='bbox 1795 717 1836 757; x_wconf 83' lang='grc' dir='ltr'><em>ἐν</em></span> 
     </span>
     <span class='ocr_line' id='line_1_14' title="bbox 317 776 1834 834; baseline 0.003 -16"><span class='ocrx_word' id='word_1_100' title='bbox 317 776 409 830; x_wconf 71' lang='grc' dir='ltr'><em>ἡμῖν</em></span> <span class='ocrx_word' id='word_1_101' title='bbox 432 779 647 833; x_wconf 86' lang='grc' dir='ltr'><em>γενομένων</em></span> <span class='ocrx_word' id='word_1_102' title='bbox 671 777 876 833; x_wconf 81' lang='grc' dir='ltr'><em>δηγμάτων</em></span> <span class='ocrx_word' id='word_1_103' title='bbox 896 783 966 830; x_wconf 88' lang='grc' dir='ltr'><em>τῆς</em></span> <span class='ocrx_word' id='word_1_104' title='bbox 992 776 1190 832; x_wconf 66' lang='grc' dir='ltr'><em>ἁμαρτίας.</em></span> <span class='ocrx_word' id='word_1_105' title='bbox 1254 780 1423 834; x_wconf 88' lang='grc' dir='ltr'><em>Φέρουσι</em></span> <span class='ocrx_word' id='word_1_106' title='bbox 1448 780 1488 820; x_wconf 81' lang='grc' dir='ltr'><em>δὲ</em></span> <span class='ocrx_word' id='word_1_107' title='bbox 1513 781 1578 821; x_wconf 81' lang='grc' dir='ltr'><em>καὶ</em></span> <span class='ocrx_word' id='word_1_108' title='bbox 1602 778 1695 822; x_wconf 80' lang='grc' dir='ltr'><em>αὕτὸ</em></span> <span class='ocrx_word' id='word_1_109' title='bbox 1721 786 1834 824; x_wconf 91' lang='grc' dir='ltr'><em>τοῦτο</em></span> 
     </span>
     <span class='ocr_line' id='line_1_15' title="bbox 317 844 1836 903; baseline 0.003 -17"><span class='ocrx_word' id='word_1_110' title='bbox 317 844 357 888; x_wconf 68' lang='lat' dir='ltr'><em>zo*</em></span> <span class='ocrx_word' id='word_1_111' title='bbox 383 845 499 899; x_wconf 76' lang='grc' dir='ltr'><em>ῥἠτὸν</em></span> <span class='ocrx_word' id='word_1_112' title='bbox 521 845 620 901; x_wconf 75' lang='grc' dir='ltr'><em>πρὸς</em></span> <span class='ocrx_word' id='word_1_113' title='bbox 643 849 855 900; x_wconf 76' lang='grc' dir='ltr'><em>μαρτυρίαν</em></span> <span class='ocrx_word' id='word_1_114' title='bbox 877 848 916 888; x_wconf 83' lang='grc' dir='ltr'><em>οἱ</em></span> <span class='ocrx_word' id='word_1_115' title='bbox 933 844 1043 888; x_wconf 75' lang='grc' dir='ltr'><em>αὐτοὶ</em></span> <span class='ocrx_word' id='word_1_116' title='bbox 1065 847 1237 901; x_wconf 85' lang='grc' dir='ltr'><em>λέγοντες</em></span> <span class='ocrx_word' id='word_1_117' title='bbox 1260 846 1339 897; x_wconf 77' lang='grc' dir='ltr'><em>ὅτι,</em></span> <span class='ocrx_word' id='word_1_118' title='bbox 1386 845 1464 900; x_wconf 82' lang='grc' dir='ltr'><em>Οὕχ</em></span> <span class='ocrx_word' id='word_1_119' title='bbox 1488 845 1584 903; x_wconf 76' lang='grc' dir='ltr'><em>ὁρᾷς</em></span> <span class='ocrx_word' id='word_1_120' title='bbox 1609 845 1662 896; x_wconf 75' lang='grc' dir='ltr'><em>ὦς</em></span> <span class='ocrx_word' id='word_1_121' title='bbox 1687 846 1792 890; x_wconf 80' lang='grc' dir='ltr'><em>εἶπεν</em></span> <span class='ocrx_word' id='word_1_122' title='bbox 1814 848 1836 891; x_wconf 82' lang='grc' dir='ltr'>ὁ</span> 
     </span>
     <span class='ocr_line' id='line_1_16' title="bbox 317 912 1836 972; baseline 0.003 -17"><span class='ocrx_word' id='word_1_123' title='bbox 317 913 463 968; x_wconf 77' lang='grc' dir='ltr'><em>σωτὴρ,</em></span> <span class='ocrx_word' id='word_1_124' title='bbox 496 914 571 955; x_wconf 77' lang='lat' dir='ltr'><em>uOv</em></span> <span class='ocrx_word' id='word_1_125' title='bbox 598 913 744 969; x_wconf 79' lang='grc' dir='ltr'><em>τρόπον</em></span> <span class='ocrx_word' id='word_1_126' title='bbox 772 913 908 966; x_wconf 73' lang='grc' dir='ltr'><em>ῦψωσε</em></span> <span class='ocrx_word' id='word_1_127' title='bbox 937 919 1119 966; x_wconf 86' lang='grc' dir='ltr'><em>Μωϋσῆς</em></span> <span class='ocrx_word' id='word_1_128' title='bbox 1147 912 1215 955; x_wconf 81' lang='grc' dir='ltr'><em>τὸν</em></span> <span class='ocrx_word' id='word_1_129' title='bbox 1244 913 1338 966; x_wconf 80' lang='grc' dir='ltr'><em>ὄφιν</em></span> <span class='ocrx_word' id='word_1_130' title='bbox 1368 916 1408 956; x_wconf 87' lang='grc' dir='ltr'><em>ἐν</em></span> <span class='ocrx_word' id='word_1_131' title='bbox 1435 920 1482 972; x_wconf 78' lang='grc' dir='ltr'><em>τῇ</em></span> <span class='ocrx_word' id='word_1_132' title='bbox 1512 914 1663 972; x_wconf 82' lang='grc' dir='ltr'><em>ἐρήμῳ,</em></span> <span class='ocrx_word' id='word_1_133' title='bbox 1711 916 1836 966; x_wconf 73' lang='grc' dir='ltr'><em>οὕτως</em></span> 
     </span>
     <span class='ocr_line' id='line_1_17' title="bbox 315 980 1834 1043; baseline 0.002 -20"><span class='ocrx_word' id='word_1_134' title='bbox 315 980 534 1036; x_wconf 72' lang='grc' dir='ltr'><em>ὑψωθῆναι</em></span> <span class='ocrx_word' id='word_1_135' title='bbox 564 984 626 1023; x_wconf 90' lang='grc' dir='ltr'><em>δεῖ</em></span> <span class='ocrx_word' id='word_1_136' title='bbox 650 981 717 1024; x_wconf 78' lang='grc' dir='ltr'><em>τὸν</em></span> <span class='ocrx_word' id='word_1_137' title='bbox 748 981 834 1024; x_wconf 82' lang='grc' dir='ltr'><em>υἷόν</em></span> <span class='ocrx_word' id='word_1_138' title='bbox 862 987 932 1024; x_wconf 87' lang='grc' dir='ltr'><em>τοῦ</em></span> <span class='ocrx_word' id='word_1_139' title='bbox 962 981 1200 1036; x_wconf 69' lang='grc' dir='ltr'><em>ανθρώπου,</em></span> <span class='ocrx_word' id='word_1_140' title='bbox 1246 984 1325 1023; x_wconf 90' lang='grc' dir='ltr'><em>Καὶ</em></span> <span class='ocrx_word' id='word_1_141' title='bbox 1356 982 1420 1024; x_wconf 67' lang='grc' dir='ltr'><em>διὰ</em></span> <span class='ocrx_word' id='word_1_142' title='bbox 1444 987 1556 1024; x_wconf 86' lang='grc' dir='ltr'><em>τοῦτο</em></span> <span class='ocrx_word' id='word_1_143' title='bbox 1582 985 1646 1024; x_wconf 85' lang='grc' dir='ltr'><em>καὶ</em></span> <span class='ocrx_word' id='word_1_144' title='bbox 1672 985 1713 1025; x_wconf 87' lang='grc' dir='ltr'><em>ἐν</em></span> <span class='ocrx_word' id='word_1_145' title='bbox 1736 983 1834 1043; x_wconf 68' lang='grc' dir='ltr'><em>ἄλλῳ</em></span> 
     </span>
     <span class='ocr_line' id='line_1_18' title="bbox 315 1048 1834 1107; baseline 0.003 -16"><span class='ocrx_word' id='word_1_146' title='bbox 315 1049 438 1107; x_wconf 88' lang='grc' dir='ltr'><em>τόπῳ,</em></span> <span class='ocrx_word' id='word_1_147' title='bbox 474 1056 486 1079; x_wconf 84' lang='lat'>¹</span> <span class='ocrx_word' id='word_1_148' title='bbox 504 1052 619 1101; x_wconf 86' lang='grc' dir='ltr'><em>φασὶ,</em></span> <span class='ocrx_word' id='word_1_149' title='bbox 653 1051 749 1105; x_wconf 85' lang='grc' dir='ltr'><em>λέγει</em></span> <span class='ocrx_word' id='word_1_150' title='bbox 773 1049 846 1100; x_wconf 79' lang='grc' dir='ltr'><em>ὄτι,</em></span> <span class='ocrx_word' id='word_1_151' title='bbox 878 1053 1040 1091; x_wconf 79' lang='grc' dir='ltr'><em>Γίνεσθε</em></span> <span class='ocrx_word' id='word_1_152' title='bbox 1062 1049 1248 1103; x_wconf 89' lang='grc' dir='ltr'><em>φρόνιμοι</em></span> <span class='ocrx_word' id='word_1_153' title='bbox 1273 1048 1326 1098; x_wconf 73' lang='grc' dir='ltr'><em>ὥς</em></span> <span class='ocrx_word' id='word_1_154' title='bbox 1354 1049 1408 1092; x_wconf 75' lang='lat'><em>26</em></span> <span class='ocrx_word' id='word_1_155' title='bbox 1434 1049 1539 1103; x_wconf 87' lang='grc' dir='ltr'><em>ὄφις,</em></span> <span class='ocrx_word' id='word_1_156' title='bbox 1569 1053 1637 1092; x_wconf 83' lang='grc' dir='ltr'><em>καὶ</em></span> <span class='ocrx_word' id='word_1_157' title='bbox 1660 1050 1834 1106; x_wconf 72' lang='grc' dir='ltr'><em>ἀκέραιοι</em></span> 
     </span>
     <span class='ocr_line' id='line_1_19' title="bbox 317 1116 1836 1173; baseline 0.002 -14"><span class='ocrx_word' id='word_1_158' title='bbox 317 1116 368 1166; x_wconf 77' lang='grc' dir='ltr'><em>ώς</em></span> <span class='ocrx_word' id='word_1_159' title='bbox 402 1121 659 1173; x_wconf 79' lang='grc' dir='ltr'><em>3περιστεραί.</em></span> <span class='ocrx_word' id='word_1_160' title='bbox 720 1120 799 1159; x_wconf 87' lang='grc' dir='ltr'><em>Καὶ</em></span> <span class='ocrx_word' id='word_1_161' title='bbox 828 1118 874 1159; x_wconf 74' lang='grc' dir='ltr'><em>τά</em></span> <span class='ocrx_word' id='word_1_162' title='bbox 899 1120 952 1167; x_wconf 85' lang='grc' dir='ltr'><em>εἰς</em></span> <span class='ocrx_word' id='word_1_163' title='bbox 976 1116 1149 1171; x_wconf 80' lang='grc' dir='ltr'><em>σύμβολα</em></span> <span class='ocrx_word' id='word_1_164' title='bbox 1171 1121 1419 1166; x_wconf 82' lang='grc' dir='ltr'><em>διδασκαλίας</em></span> <span class='ocrx_word' id='word_1_165' title='bbox 1443 1120 1484 1160; x_wconf 83' lang='grc' dir='ltr'><em>ἐκ</em></span> <span class='ocrx_word' id='word_1_166' title='bbox 1505 1124 1606 1160; x_wconf 87' lang='grc' dir='ltr'><em>θεοῦ</em></span> <span class='ocrx_word' id='word_1_167' title='bbox 1632 1125 1759 1170; x_wconf 80' lang='grc' dir='ltr'><em>καλῶς</em></span> <span class='ocrx_word' id='word_1_168' title='bbox 1780 1138 1836 1163; x_wconf 87' lang='grc' dir='ltr'><em>τε-</em></span> 
     </span>
     <span class='ocr_line' id='line_1_20' title="bbox 317 1181 1779 1242; baseline 0.003 -16"><span class='ocrx_word' id='word_1_169' title='bbox 317 1187 483 1241; x_wconf 79' lang='grc' dir='ltr'><em>ταγμένα</em></span> <span class='ocrx_word' id='word_1_170' title='bbox 510 1181 617 1228; x_wconf 82' lang='grc' dir='ltr'><em>οῦτοι</em></span> <span class='ocrx_word' id='word_1_171' title='bbox 647 1188 701 1236; x_wconf 84' lang='grc' dir='ltr'><em>εἰς</em></span> <span class='ocrx_word' id='word_1_172' title='bbox 728 1185 798 1239; x_wconf 85' lang='grc' dir='ltr'><em>τήν</em></span> <span class='ocrx_word' id='word_1_173' title='bbox 831 1187 977 1227; x_wconf 78' lang='grc' dir='ltr'><em>ἑαυτῶν</em></span> <span class='ocrx_word' id='word_1_174' title='bbox 1007 1187 1180 1227; x_wconf 86' lang='grc' dir='ltr'><em>ἐπίνοιαν</em></span> <span class='ocrx_word' id='word_1_175' title='bbox 1209 1185 1277 1238; x_wconf 74' lang='grc' dir='ltr'><em>τὴν</em></span> <span class='ocrx_word' id='word_1_176' title='bbox 1302 1184 1552 1239; x_wconf 73' lang='grc' dir='ltr'><em>’ἧπατημένην</em></span> <span class='ocrx_word' id='word_1_177' title='bbox 1582 1189 1779 1242; x_wconf 88' lang='grc' dir='ltr'><em>φέρουσιν.</em></span> 
     </span>
    </p>
   </div>
   <div class='ocr_carea' id='block_1_7' title="bbox 310 1388 1834 2937">
    <p class='ocr_par' dir='ltr' id='par_1_7' title="bbox 310 1388 1834 2937">
     <span class='ocr_line' id='line_1_21' title="bbox 426 1388 1834 1445; baseline 0.001 -14"><span class='ocrx_word' id='word_1_178' title='bbox 426 1389 467 1431; x_wconf 81' lang='lat' dir='ltr'><em>&#39;O</em></span> <span class='ocrx_word' id='word_1_179' title='bbox 490 1390 561 1445; x_wconf 74' lang='grc' dir='ltr'><em>γαρ</em></span> <span class='ocrx_word' id='word_1_180' title='bbox 586 1389 722 1443; x_wconf 82' lang='grc' dir='ltr'><em>κύριος</em></span> <span class='ocrx_word' id='word_1_181' title='bbox 743 1388 854 1443; x_wconf 78' lang='grc' dir='ltr'><em>ἡμῶν</em></span> <span class='ocrx_word' id='word_1_182' title='bbox 875 1388 1023 1442; x_wconf 83' lang='grc' dir='ltr'><em>Ἰησοῦς</em></span> <span class='ocrx_word' id='word_1_183' title='bbox 1048 1388 1216 1444; x_wconf 79' lang='grc' dir='ltr'><em>Χριστὸς</em></span> <span class='ocrx_word' id='word_1_184' title='bbox 1240 1391 1306 1431; x_wconf 85' lang='grc' dir='ltr'><em>καὶ</em></span> <span class='ocrx_word' id='word_1_185' title='bbox 1328 1390 1425 1438; x_wconf 80' lang='grc' dir='ltr'><em>θεὸς</em></span> <span class='ocrx_word' id='word_1_186' title='bbox 1444 1389 1597 1445; x_wconf 84' lang='grc' dir='ltr'><em>Λόγος,</em></span> <span class='ocrx_word' id='word_1_187' title='bbox 1640 1388 1662 1432; x_wconf 81' lang='grc' dir='ltr'>ὁ</span> <span class='ocrx_word' id='word_1_188' title='bbox 1685 1392 1727 1432; x_wconf 86' lang='grc' dir='ltr'><em>ἐκ</em></span> <span class='ocrx_word' id='word_1_189' title='bbox 1752 1395 1834 1432; x_wconf 91' lang='grc' dir='ltr'><em>Πα-</em></span> 
     </span>
     <span class='ocr_line' id='line_1_22' title="bbox 313 1455 1832 1513; baseline 0.002 -15"><span class='ocrx_word' id='word_1_190' title='bbox 313 1456 404 1511; x_wconf 78' lang='grc' dir='ltr'><em>τρός</em></span> <span class='ocrx_word' id='word_1_191' title='bbox 434 1457 509 1511; x_wconf 77' lang='grc' dir='ltr'><em>πρό</em></span> <span class='ocrx_word' id='word_1_192' title='bbox 542 1456 699 1499; x_wconf 75' lang='grc' dir='ltr'><em>πάντων</em></span> <span class='ocrx_word' id='word_1_193' title='bbox 726 1462 803 1499; x_wconf 78' lang='grc' dir='ltr'><em>τῶν</em></span> <span class='ocrx_word' id='word_1_194' title='bbox 831 1456 982 1499; x_wconf 83' lang='grc' dir='ltr'><em>αἰώνων</em></span> <span class='ocrx_word' id='word_1_195' title='bbox 1006 1455 1184 1510; x_wconf 71' lang='grc' dir='ltr'><em>ἆνεὲρχως</em></span> <span class='ocrx_word' id='word_1_196' title='bbox 1207 1459 1272 1498; x_wconf 83' lang='grc' dir='ltr'><em>καὶ</em></span> <span class='ocrx_word' id='word_1_197' title='bbox 1296 1456 1469 1512; x_wconf 72' lang='grc' dir='ltr'><em>οἷχρόνως</em></span> <span class='ocrx_word' id='word_1_198' title='bbox 1493 1460 1717 1513; x_wconf 81' lang='grc' dir='ltr'><em>γεννηθεὶς,</em></span> <span class='ocrx_word' id='word_1_199' title='bbox 1760 1458 1832 1501; x_wconf 83' lang='grc' dir='ltr'><em>οῦκ</em></span> 
     </span>
     <span class='ocr_line' id='line_1_23' title="bbox 312 1521 1830 1584; baseline 0.001 -17"><span class='ocrx_word' id='word_1_200' title='bbox 312 1525 422 1577; x_wconf 82' lang='grc' dir='ltr'><em>ὄφις,</em></span> <span class='ocrx_word' id='word_1_201' title='bbox 463 1525 515 1579; x_wconf 85' lang='grc' dir='ltr'><strong><em>μή</em></strong></span> <span class='ocrx_word' id='word_1_202' title='bbox 541 1527 711 1581; x_wconf 84' lang='grc' dir='ltr'><em>γένοιτο,</em></span> <span class='ocrx_word' id='word_1_203' title='bbox 752 1524 842 1567; x_wconf 74' lang='grc' dir='ltr'><em>ἄλλα</em></span> <span class='ocrx_word' id='word_1_204' title='bbox 865 1524 962 1566; x_wconf 67' lang='grc' dir='ltr'><em>κατὰ</em></span> <span class='ocrx_word' id='word_1_205' title='bbox 982 1529 1050 1566; x_wconf 90' lang='grc' dir='ltr'><em>τοῦ</em></span> <span class='ocrx_word' id='word_1_206' title='bbox 1075 1524 1203 1577; x_wconf 85' lang='grc' dir='ltr'><em>ὄφεως</em></span> <span class='ocrx_word' id='word_1_207' title='bbox 1225 1524 1342 1574; x_wconf 77' lang='grc' dir='ltr'><em>αὐτὸς</em></span> <span class='ocrx_word' id='word_1_208' title='bbox 1363 1521 1492 1578; x_wconf 74' lang='grc' dir='ltr'><em>ἦλθεν.</em></span> <span class='ocrx_word' id='word_1_209' title='bbox 1551 1525 1640 1567; x_wconf 71' lang='grc' dir='ltr'><em>Ἐὰν</em></span> <span class='ocrx_word' id='word_1_210' title='bbox 1663 1527 1703 1568; x_wconf 80' lang='grc' dir='ltr'><em>δὲ</em></span> <span class='ocrx_word' id='word_1_211' title='bbox 1726 1529 1830 1584; x_wconf 76' lang='grc' dir='ltr'><em>εἴπῃ,</em></span> 
     </span>
     <span class='ocr_line' id='line_1_24' title="bbox 314 1591 1832 1648; baseline 0.001 -14"><span class='ocrx_word' id='word_1_212' title='bbox 314 1598 474 1635; x_wconf 78' lang='grc' dir='ltr'><em>Γίνεσθε</em></span> <span class='ocrx_word' id='word_1_213' title='bbox 493 1593 680 1648; x_wconf 86' lang='grc' dir='ltr'><em>φρόνιμοι</em></span> <span class='ocrx_word' id='word_1_214' title='bbox 702 1591 754 1642; x_wconf 74' lang='grc' dir='ltr'><em>ὥς</em></span> <span class='ocrx_word' id='word_1_215' title='bbox 774 1592 797 1635; x_wconf 80' lang='grc' dir='ltr'>ὁ</span> <span class='ocrx_word' id='word_1_216' title='bbox 818 1592 930 1644; x_wconf 83' lang='grc' dir='ltr'><em>ὄφις,</em></span> <span class='ocrx_word' id='word_1_217' title='bbox 961 1596 1028 1634; x_wconf 88' lang='grc' dir='ltr'><em>καὶ</em></span> <span class='ocrx_word' id='word_1_218' title='bbox 1048 1591 1223 1647; x_wconf 85' lang='grc' dir='ltr'><em>α’κέραιοι</em></span> <span class='ocrx_word' id='word_1_219' title='bbox 1247 1591 1300 1642; x_wconf 69' lang='grc' dir='ltr'><em>ὥς</em></span> <span class='ocrx_word' id='word_1_220' title='bbox 1322 1596 1364 1634; x_wconf 83' lang='grc' dir='ltr'><em>αἱ</em></span> <span class='ocrx_word' id='word_1_221' title='bbox 1381 1595 1619 1648; x_wconf 86' lang='grc' dir='ltr'><em>περιστεραὶ,</em></span> <span class='ocrx_word' id='word_1_222' title='bbox 1650 1596 1712 1635; x_wconf 87' lang='grc' dir='ltr'><em>δεῖ</em></span> <span class='ocrx_word' id='word_1_223' title='bbox 1728 1593 1832 1647; x_wconf 77' lang='grc' dir='ltr'><em>ἡμᾶς</em></span> 
     </span>
     <span class='ocr_line' id='line_1_25' title="bbox 311 1659 1828 1717; baseline -0.001 -13"><span class='ocrx_word' id='word_1_224' title='bbox 311 1664 456 1717; x_wconf 80' lang='grc' dir='ltr'><em>ἐρωτᾶν</em></span> <span class='ocrx_word' id='word_1_225' title='bbox 479 1663 545 1704; x_wconf 84' lang='grc' dir='ltr'><em>καὶ</em></span> <span class='ocrx_word' id='word_1_226' title='bbox 566 1660 764 1716; x_wconf 79' lang='grc' dir='ltr'><em>γινώσκειν</em></span> <span class='ocrx_word' id='word_1_227' title='bbox 787 1661 851 1703; x_wconf 70' lang='grc' dir='ltr'><em>διά</em></span> <span class='ocrx_word' id='word_1_228' title='bbox 875 1664 910 1703; x_wconf 91' lang='grc' dir='ltr'><em>τί</em></span> <span class='ocrx_word' id='word_1_229' title='bbox 936 1660 982 1702; x_wconf 68' lang='grc' dir='ltr'><em>τοὶ</em></span> <span class='ocrx_word' id='word_1_230' title='bbox 1007 1660 1078 1702; x_wconf 80' lang='grc' dir='ltr'><em>δύο</em></span> <span class='ocrx_word' id='word_1_231' title='bbox 1102 1667 1222 1702; x_wconf 87' lang='grc' dir='ltr'><em>ταῦτα</em></span> <span class='ocrx_word' id='word_1_232' title='bbox 1244 1661 1432 1716; x_wconf 86' lang='grc' dir='ltr'><em>πρόςωπα</em></span> <span class='ocrx_word' id='word_1_233' title='bbox 1454 1659 1548 1715; x_wconf 78' lang='grc' dir='ltr'><em>ἡμῖν</em></span> <span class='ocrx_word' id='word_1_234' title='bbox 1572 1664 1626 1710; x_wconf 89' lang='grc' dir='ltr'><em>εἰς</em></span> <span class='ocrx_word' id='word_1_235' title='bbox 1648 1664 1828 1704; x_wconf 87' lang='grc' dir='ltr'><em>διδασκα-</em></span> 
     </span>
     <span class='ocr_line' id='line_1_26' title="bbox 310 1727 1833 1787; baseline -0.001 -16"><span class='ocrx_word' id='word_1_236' title='bbox 310 1733 394 1771; x_wconf 90' lang='grc' dir='ltr'><em>λίαν</em></span> <span class='ocrx_word' id='word_1_237' title='bbox 415 1729 687 1785; x_wconf 85' lang='grc' dir='ltr'><em>παρειςήγαγε,</em></span> <span class='ocrx_word' id='word_1_238' title='bbox 727 1733 792 1782; x_wconf 80' lang='grc' dir='ltr'><em>τῆς</em></span> <span class='ocrx_word' id='word_1_239' title='bbox 815 1747 852 1770; x_wconf 87' lang='grc' dir='ltr'><em>τε</em></span> <span class='ocrx_word' id='word_1_240' title='bbox 875 1734 1101 1783; x_wconf 85' lang='grc' dir='ltr'><em>περιστερᾶς</em></span> <span class='ocrx_word' id='word_1_241' title='bbox 1125 1731 1191 1771; x_wconf 90' lang='grc' dir='ltr'><em>καὶ</em></span> <span class='ocrx_word' id='word_1_242' title='bbox 1214 1733 1282 1771; x_wconf 91' lang='grc' dir='ltr'><em>τοῦ</em></span> <span class='ocrx_word' id='word_1_243' title='bbox 1307 1728 1445 1780; x_wconf 87' lang='grc' dir='ltr'><em>ὄφεως.</em></span> <span class='ocrx_word' id='word_1_244' title='bbox 1509 1727 1632 1771; x_wconf 78' lang='grc' dir='ltr'><em>Οὐδὲν</em></span> <span class='ocrx_word' id='word_1_245' title='bbox 1655 1730 1696 1771; x_wconf 84' lang='grc' dir='ltr'><em>δὲ</em></span> <span class='ocrx_word' id='word_1_246' title='bbox 1720 1731 1759 1771; x_wconf 92' lang='grc' dir='ltr'><em>ἐν</em></span> <span class='ocrx_word' id='word_1_247' title='bbox 1779 1735 1833 1787; x_wconf 79' lang='grc' dir='ltr'><em>τῷ</em></span> 
     </span>
     <span class='ocr_line' id='line_1_27' title="bbox 312 1796 1833 1854; baseline 0 -16"><span class='ocrx_word' id='word_1_248' title='bbox 312 1796 400 1849; x_wconf 84' lang='grc' dir='ltr'><em>ὄφει</em></span> <span class='ocrx_word' id='word_1_249' title='bbox 425 1797 634 1852; x_wconf 83' lang='grc' dir='ltr'><em>φρόνιμον,</em></span> <span class='ocrx_word' id='word_1_250' title='bbox 674 1797 772 1850; x_wconf 76' lang='grc' dir='ltr'><em>πλὴν</em></span> <span class='ocrx_word' id='word_1_251' title='bbox 793 1796 864 1839; x_wconf 70' lang='grc' dir='ltr'><em>δύο</em></span> <span class='ocrx_word' id='word_1_252' title='bbox 890 1798 1057 1848; x_wconf 81' lang='grc' dir='ltr'><em>τούτων,</em></span> <span class='ocrx_word' id='word_1_253' title='bbox 1099 1796 1159 1839; x_wconf 79' lang='grc' dir='ltr'><em>ὅτι</em></span> <span class='ocrx_word' id='word_1_254' title='bbox 1182 1799 1222 1838; x_wconf 87' lang='grc' dir='ltr'><em>ἐν</em></span> <span class='ocrx_word' id='word_1_255' title='bbox 1247 1802 1298 1854; x_wconf 85' lang='grc' dir='ltr'><em>τῷ</em></span> <span class='ocrx_word' id='word_1_256' title='bbox 1320 1796 1531 1839; x_wconf 84' lang='grc' dir='ltr'><em>διώκεσθαι</em></span> <span class='ocrx_word' id='word_1_257' title='bbox 1552 1796 1751 1852; x_wconf 78' lang='grc' dir='ltr'><em>γινώσκων</em></span> <span class='ocrx_word' id='word_1_258' title='bbox 1773 1797 1833 1839; x_wconf 80' lang='grc' dir='ltr'><em>ὅτι</em></span> 
     </span>
     <span class='ocr_line' id='line_1_28' title="bbox 314 1863 1831 1923; baseline 0.001 -17"><span class='ocrx_word' id='word_1_259' title='bbox 314 1867 354 1907; x_wconf 80' lang='grc' dir='ltr'><em>ἐν</em></span> <span class='ocrx_word' id='word_1_260' title='bbox 375 1871 421 1923; x_wconf 86' lang='grc' dir='ltr'><em>τῇ</em></span> <span class='ocrx_word' id='word_1_261' title='bbox 444 1870 592 1923; x_wconf 76' lang='grc' dir='ltr'><em>κεφαλῇ</em></span> <span class='ocrx_word' id='word_1_262' title='bbox 614 1864 734 1907; x_wconf 75' lang='grc' dir='ltr'><em>αὐτοῦ</em></span> <span class='ocrx_word' id='word_1_263' title='bbox 757 1864 783 1918; x_wconf 75' lang='grc' dir='ltr'>ἡ</span> <span class='ocrx_word' id='word_1_264' title='bbox 805 1870 910 1906; x_wconf 89' lang='grc' dir='ltr'><em>πᾶσα</em></span> <span class='ocrx_word' id='word_1_265' title='bbox 935 1864 1010 1917; x_wconf 85' lang='grc' dir='ltr'><em>ζωὴ</em></span> <span class='ocrx_word' id='word_1_266' title='bbox 1033 1863 1155 1906; x_wconf 74' lang='grc' dir='ltr'><em>αι’-τοῦ</em></span> <span class='ocrx_word' id='word_1_267' title='bbox 1177 1864 1372 1920; x_wconf 80' lang='grc' dir='ltr'><em>τυγχάνει,</em></span> <span class='ocrx_word' id='word_1_268' title='bbox 1404 1867 1467 1906; x_wconf 83' lang='grc' dir='ltr'><em>καὶ</em></span> <span class='ocrx_word' id='word_1_269' title='bbox 1492 1864 1627 1914; x_wconf 75' lang='grc' dir='ltr'><em>δεδιώς</em></span> <span class='ocrx_word' id='word_1_270' title='bbox 1646 1864 1713 1918; x_wconf 82' lang='grc' dir='ltr'><em>τὴν</em></span> <span class='ocrx_word' id='word_1_271' title='bbox 1735 1864 1831 1907; x_wconf 79' lang='grc' dir='ltr'><em>ἄνω-</em></span> 
     </span>
     <span class='ocr_line' id='line_1_29' title="bbox 310 1931 1829 1988; baseline -0.001 -13"><span class='ocrx_word' id='word_1_272' title='bbox 310 1935 423 1988; x_wconf 87' lang='grc' dir='ltr'><em>τέραν</em></span> <span class='ocrx_word' id='word_1_273' title='bbox 445 1932 542 1987; x_wconf 76' lang='grc' dir='ltr'><em>πρός</em></span> <span class='ocrx_word' id='word_1_274' title='bbox 566 1931 683 1974; x_wconf 78' lang='grc' dir='ltr'><em>αὐτὸν</em></span> <span class='ocrx_word' id='word_1_275' title='bbox 707 1933 907 1987; x_wconf 83' lang='grc' dir='ltr'><em>εἰρημένην</em></span> <span class='ocrx_word' id='word_1_276' title='bbox 930 1931 1007 1974; x_wconf 69' lang='grc' dir='ltr'><em>ἀπὸ</em></span> <span class='ocrx_word' id='word_1_277' title='bbox 1033 1937 1104 1974; x_wconf 88' lang='grc' dir='ltr'><em>τοῦ</em></span> <span class='ocrx_word' id='word_1_278' title='bbox 1128 1937 1225 1974; x_wconf 84' lang='grc' dir='ltr'><em>θεοῦ</em></span> <span class='ocrx_word' id='word_1_279' title='bbox 1251 1933 1314 1974; x_wconf 74' lang='grc' dir='ltr'><em>διὰ</em></span> <span class='ocrx_word' id='word_1_280' title='bbox 1336 1932 1404 1975; x_wconf 80' lang='grc' dir='ltr'><em>τόν</em></span> <span class='ocrx_word' id='word_1_281' title='bbox 1426 1931 1641 1986; x_wconf 65' lang='grc' dir='ltr'><em>ἄνθρωπον</em></span> <span class='ocrx_word' id='word_1_282' title='bbox 1665 1950 1829 1987; x_wconf 88' lang='grc' dir='ltr'><em>προςτα-</em></span> 
     </span>
     <span class='ocr_line' id='line_1_30' title="bbox 311 1993 1828 2056; baseline -0.001 -13"><span class='ocrx_word' id='word_1_283' title='bbox 311 2001 382 2056; x_wconf 82' lang='grc' dir='ltr'><em>γήν</em></span> <span class='ocrx_word' id='word_1_284' title='bbox 410 2001 490 2052; x_wconf 74' lang='grc' dir='ltr'><em>ὅτι,</em></span> <span class='ocrx_word' id='word_1_285' title='bbox 534 2000 720 2050; x_wconf 77' lang='grc' dir='ltr'><em>Φυλάξεις</em></span> <span class='ocrx_word' id='word_1_286' title='bbox 750 1999 870 2042; x_wconf 72' lang='grc' dir='ltr'><em>αὐτοῦ</em></span> <span class='ocrx_word' id='word_1_287' title='bbox 893 1999 1086 2053; x_wconf 77' lang='grc' dir='ltr'><em>κεφαλὴν,</em></span> <span class='ocrx_word' id='word_1_288' title='bbox 1130 1999 1246 2050; x_wconf 77' lang='grc' dir='ltr'><em>αὐτὸς</em></span> <span class='ocrx_word' id='word_1_289' title='bbox 1276 2002 1318 2042; x_wconf 89' lang='grc' dir='ltr'><em>δέ</em></span> <span class='ocrx_word' id='word_1_290' title='bbox 1347 2015 1417 2042; x_wconf 89' lang='grc' dir='ltr'><em>σου</em></span> <span class='ocrx_word' id='word_1_291' title='bbox 1444 2001 1629 2055; x_wconf 85' lang='grc' dir='ltr'><em>πτέρναν,</em></span> <span class='ocrx_word' id='word_1_292' title='bbox 1670 2000 1758 2042; x_wconf 76' lang='grc' dir='ltr'><em>ὅλον</em></span> <span class='ocrx_word' id='word_1_293' title='bbox 1785 1993 1828 2042; x_wconf 73' lang='grc' dir='ltr'><em>τό</em></span> 
     </span>
     <span class='ocr_line' id='line_1_31' title="bbox 311 2066 1830 2123; baseline -0.001 -12"><span class='ocrx_word' id='word_1_294' title='bbox 311 2074 420 2123; x_wconf 78' lang='grc' dir='ltr'><em>σῶμα</em></span> <span class='ocrx_word' id='word_1_295' title='bbox 442 2067 632 2122; x_wconf 82' lang='grc' dir='ltr'><em>ἐνειλήσας</em></span> <span class='ocrx_word' id='word_1_296' title='bbox 654 2070 717 2110; x_wconf 84' lang='grc' dir='ltr'><em>ἐπὶ</em></span> <span class='ocrx_word' id='word_1_297' title='bbox 737 2066 806 2121; x_wconf 79' lang='grc' dir='ltr'><em>τήν</em></span> <span class='ocrx_word' id='word_1_298' title='bbox 827 2067 998 2121; x_wconf 79' lang='grc' dir='ltr'><em>κεφαλὴν</em></span> <span class='ocrx_word' id='word_1_299' title='bbox 1020 2066 1140 2109; x_wconf 75' lang='grc' dir='ltr'><em>αὐτοῦ</em></span> <span class='ocrx_word' id='word_1_300' title='bbox 1161 2067 1322 2123; x_wconf 85' lang='grc' dir='ltr'><em>κρύπτει</em></span> <span class='ocrx_word' id='word_1_301' title='bbox 1343 2068 1411 2121; x_wconf 74' lang='grc' dir='ltr'><em>μὲν</em></span> <span class='ocrx_word' id='word_1_302' title='bbox 1429 2067 1472 2110; x_wconf 80' lang='grc' dir='ltr'><em>τὸ</em></span> <span class='ocrx_word' id='word_1_303' title='bbox 1493 2070 1652 2123; x_wconf 88' lang='grc' dir='ltr'><em>κρανίον</em></span> <span class='ocrx_word' id='word_1_304' title='bbox 1672 2068 1830 2118; x_wconf 78' lang='grc' dir='ltr'><em>ἑαυτοῦ,</em></span> 
     </span>
     <span class='ocr_line' id='line_1_32' title="bbox 314 2134 1832 2193; baseline -0.001 -14"><span class='ocrx_word' id='word_1_305' title='bbox 314 2139 557 2191; x_wconf 88' lang='grc' dir='ltr'><em>παραδίδωσι</em></span> <span class='ocrx_word' id='word_1_306' title='bbox 585 2137 625 2178; x_wconf 81' lang='grc' dir='ltr'><em>δὲ</em></span> <span class='ocrx_word' id='word_1_307' title='bbox 652 2135 695 2177; x_wconf 73' lang='grc' dir='ltr'><em>τό</em></span> <span class='ocrx_word' id='word_1_308' title='bbox 723 2135 811 2177; x_wconf 66' lang='grc' dir='ltr'><em>ἄλλο</em></span> <span class='ocrx_word' id='word_1_309' title='bbox 843 2140 953 2189; x_wconf 82' lang='grc' dir='ltr'><em>σῶμα</em></span> <span class='ocrx_word' id='word_1_310' title='bbox 984 2137 1024 2178; x_wconf 85' lang='grc' dir='ltr'><em>ἐν</em></span> <span class='ocrx_word' id='word_1_311' title='bbox 1047 2134 1242 2193; x_wconf 70' lang='grc' dir='ltr'><em>ὑπερβολῇ</em></span> <span class='ocrx_word' id='word_1_312' title='bbox 1270 2139 1520 2191; x_wconf 89' lang='grc' dir='ltr'><em>πανουργίας.</em></span> <span class='ocrx_word' id='word_1_313' title='bbox 1584 2134 1695 2176; x_wconf 78' lang='grc' dir='ltr'><em>Οῦτω</em></span> <span class='ocrx_word' id='word_1_314' title='bbox 1725 2136 1832 2177; x_wconf 82' lang='grc' dir='ltr'><em>θέλει</em></span> 
     </span>
     <span class='ocr_line' id='line_1_33' title="bbox 314 2201 1831 2260; baseline -0.001 -13"><span class='ocrx_word' id='word_1_315' title='bbox 314 2204 417 2258; x_wconf 70' lang='grc' dir='ltr'><em>ἡμᾶς</em></span> <span class='ocrx_word' id='word_1_316' title='bbox 447 2203 470 2247; x_wconf 81' lang='grc' dir='ltr'>ὁ</span> <span class='ocrx_word' id='word_1_317' title='bbox 494 2203 704 2260; x_wconf 75' lang='grc' dir='ltr'><em>μονογενὴς</em></span> <span class='ocrx_word' id='word_1_318' title='bbox 732 2202 848 2253; x_wconf 77' lang='grc' dir='ltr'><em>θεὸς,</em></span> <span class='ocrx_word' id='word_1_319' title='bbox 888 2201 909 2244; x_wconf 84' lang='grc' dir='ltr'>ὁ</span> <span class='ocrx_word' id='word_1_320' title='bbox 935 2205 977 2245; x_wconf 84' lang='grc' dir='ltr'><em>ἐκ</em></span> <span class='ocrx_word' id='word_1_321' title='bbox 1002 2202 1160 2258; x_wconf 77' lang='grc' dir='ltr'><em>Πατρός</em></span> <span class='ocrx_word' id='word_1_322' title='bbox 1181 2202 1407 2258; x_wconf 74' lang='grc' dir='ltr'><em>προελθών,</em></span> <span class='ocrx_word' id='word_1_323' title='bbox 1450 2206 1491 2245; x_wconf 78' lang='grc' dir='ltr'><em>ἐν</em></span> <span class='ocrx_word' id='word_1_324' title='bbox 1514 2207 1634 2260; x_wconf 82' lang='grc' dir='ltr'><em>καιρῷ</em></span> <span class='ocrx_word' id='word_1_325' title='bbox 1658 2205 1831 2258; x_wconf 89' lang='grc' dir='ltr'><em>διωγμοῦ</em></span> 
     </span>
     <span class='ocr_line' id='line_1_34' title="bbox 312 2270 1830 2329; baseline -0.001 -15"><span class='ocrx_word' id='word_1_326' title='bbox 312 2275 377 2314; x_wconf 86' lang='grc' dir='ltr'><em>καὶ</em></span> <span class='ocrx_word' id='word_1_327' title='bbox 409 2275 447 2315; x_wconf 86' lang='grc' dir='ltr'><em>ἐν</em></span> <span class='ocrx_word' id='word_1_328' title='bbox 471 2277 593 2329; x_wconf 77' lang='grc' dir='ltr'><em>καιρῷ</em></span> <span class='ocrx_word' id='word_1_329' title='bbox 615 2275 832 2325; x_wconf 87' lang='grc' dir='ltr'><em>πειρασμοῦ</em></span> <span class='ocrx_word' id='word_1_330' title='bbox 861 2271 908 2312; x_wconf 72' lang='grc' dir='ltr'><em>τὰ</em></span> <span class='ocrx_word' id='word_1_331' title='bbox 933 2270 1060 2312; x_wconf 77' lang='grc' dir='ltr'><em>πάντα</em></span> <span class='ocrx_word' id='word_1_332' title='bbox 1086 2270 1194 2325; x_wconf 72' lang='grc' dir='ltr'><em>ἡμῶν</em></span> <span class='ocrx_word' id='word_1_333' title='bbox 1216 2271 1477 2326; x_wconf 87' lang='grc' dir='ltr'><em>παραδιδόναι</em></span> <span class='ocrx_word' id='word_1_334' title='bbox 1501 2275 1667 2328; x_wconf 73' lang='grc' dir='ltr'><em>μαχαίρᾳ</em></span> <span class='ocrx_word' id='word_1_335' title='bbox 1696 2288 1734 2312; x_wconf 86' lang='grc' dir='ltr'><em>τε</em></span> <span class='ocrx_word' id='word_1_336' title='bbox 1763 2273 1830 2313; x_wconf 86' lang='grc' dir='ltr'><em>καὶ</em></span> 
     </span>
     <span class='ocr_line' id='line_1_35' title="bbox 312 2337 1828 2395; baseline -0.001 -13"><span class='ocrx_word' id='word_1_337' title='bbox 312 2342 426 2395; x_wconf 84' lang='grc' dir='ltr'><em>πυρὶ,</em></span> <span class='ocrx_word' id='word_1_338' title='bbox 466 2340 669 2392; x_wconf 77' lang='grc' dir='ltr'><em>φυλάττειν</em></span> <span class='ocrx_word' id='word_1_339' title='bbox 694 2340 734 2381; x_wconf 80' lang='grc' dir='ltr'><em>δὲ</em></span> <span class='ocrx_word' id='word_1_340' title='bbox 756 2340 902 2380; x_wconf 77' lang='grc' dir='ltr'><em>ἑαυτῶν</em></span> <span class='ocrx_word' id='word_1_341' title='bbox 922 2338 993 2392; x_wconf 81' lang='grc' dir='ltr'><em>τήν</em></span> <span class='ocrx_word' id='word_1_342' title='bbox 1014 2338 1206 2392; x_wconf 81' lang='grc' dir='ltr'><em>κεφαλὴν,</em></span> <span class='ocrx_word' id='word_1_343' title='bbox 1246 2340 1415 2381; x_wconf 87' lang='grc' dir='ltr'><em>τουτέστι</em></span> <span class='ocrx_word' id='word_1_344' title='bbox 1442 2338 1612 2395; x_wconf 78' lang='grc' dir='ltr'><em>Χριστὸν</em></span> <span class='ocrx_word' id='word_1_345' title='bbox 1631 2338 1683 2392; x_wconf 79' lang='grc' dir='ltr'><strong><em>μή</em></strong></span> <span class='ocrx_word' id='word_1_346' title='bbox 1707 2337 1828 2392; x_wconf 79' lang='grc' dir='ltr'><em>ἆρνεῖ-</em></span> 
     </span>
     <span class='ocr_line' id='line_1_36' title="bbox 311 2405 1828 2463; baseline -0.001 -13"><span class='ocrx_word' id='word_1_347' title='bbox 311 2416 422 2450; x_wconf 89' lang='grc' dir='ltr'><em>σθαι·</em></span> <span class='ocrx_word' id='word_1_348' title='bbox 453 2407 679 2463; x_wconf 80' lang='grc' dir='ltr'><em>ἐπειδήπερ,</em></span> <span class='ocrx_word' id='word_1_349' title='bbox 711 2406 874 2459; x_wconf 81' lang='grc' dir='ltr'><em>Κεφαλή</em></span> <span class='ocrx_word' id='word_1_350' title='bbox 898 2406 1042 2456; x_wconf 77' lang='grc' dir='ltr'><em>παντός</em></span> <span class='ocrx_word' id='word_1_351' title='bbox 1064 2406 1280 2462; x_wconf 74' lang='grc' dir='ltr'><em>ανθρώπου</em></span> <span class='ocrx_word' id='word_1_352' title='bbox 1305 2405 1493 2461; x_wconf 78' lang='grc' dir='ltr'><em>Χριστός,</em></span> <span class='ocrx_word' id='word_1_353' title='bbox 1531 2405 1677 2460; x_wconf 76' lang='grc' dir='ltr'><em>κεφαλὴ</em></span> <span class='ocrx_word' id='word_1_354' title='bbox 1702 2407 1742 2448; x_wconf 80' lang='grc' dir='ltr'><em>δὲ</em></span> <span class='ocrx_word' id='word_1_355' title='bbox 1762 2426 1828 2462; x_wconf 87' lang='grc' dir='ltr'><em>γυ-</em></span> 
     </span>
     <span class='ocr_line' id='line_1_37' title="bbox 313 2473 1828 2530; baseline -0.002 -12"><span class='ocrx_word' id='word_1_356' title='bbox 313 2475 445 2525; x_wconf 81' lang='grc' dir='ltr'><em>ναικός</em></span> <span class='ocrx_word' id='word_1_357' title='bbox 467 2474 489 2518; x_wconf 81' lang='grc' dir='ltr'>ὁ</span> <span class='ocrx_word' id='word_1_358' title='bbox 509 2475 621 2530; x_wconf 68' lang='grc' dir='ltr'><em>ἀνὴρ,</em></span> <span class='ocrx_word' id='word_1_359' title='bbox 652 2474 800 2528; x_wconf 80' lang='grc' dir='ltr'><em>κεφαλὴ</em></span> <span class='ocrx_word' id='word_1_360' title='bbox 820 2475 860 2516; x_wconf 86' lang='grc' dir='ltr'><em>δὲ</em></span> <span class='ocrx_word' id='word_1_361' title='bbox 882 2478 1052 2529; x_wconf 88' lang='grc' dir='ltr'><em>Χριστοῦ</em></span> <span class='ocrx_word' id='word_1_362' title='bbox 1074 2473 1096 2516; x_wconf 80' lang='grc' dir='ltr'>ὁ</span> <span class='ocrx_word' id='word_1_363' title='bbox 1116 2475 1225 2526; x_wconf 74' lang='grc' dir='ltr'><em>θεός,</em></span> <span class='ocrx_word' id='word_1_364' title='bbox 1255 2474 1353 2517; x_wconf 72' lang='grc' dir='ltr'><em>κατὰ</em></span> <span class='ocrx_word' id='word_1_365' title='bbox 1370 2474 1437 2517; x_wconf 82' lang='grc' dir='ltr'><em>τὸν</em></span> <span class='ocrx_word' id='word_1_366' title='bbox 1459 2473 1685 2517; x_wconf 69' lang='grc' dir='ltr'><em>ἀπόστολον.</em></span> <span class='ocrx_word' id='word_1_367' title='bbox 1720 2473 1828 2516; x_wconf 66' lang='grc' dir='ltr'><em>’Ἐτε-</em></span> 
     </span>
     <span class='ocr_line' id='line_1_38' title="bbox 312 2540 1828 2599; baseline -0.002 -13"><span class='ocrx_word' id='word_1_368' title='bbox 312 2562 380 2599; x_wconf 90' lang='grc' dir='ltr'><em>ρον</em></span> <span class='ocrx_word' id='word_1_369' title='bbox 410 2543 523 2585; x_wconf 77' lang='grc' dir='ltr'><em>πάλιν</em></span> <span class='ocrx_word' id='word_1_370' title='bbox 553 2545 626 2597; x_wconf 75' lang='grc' dir='ltr'><em>ἔχει</em></span> <span class='ocrx_word' id='word_1_371' title='bbox 654 2541 949 2598; x_wconf 81' lang='grc' dir='ltr'><em>φρονιμώτατον</em></span> <span class='ocrx_word' id='word_1_372' title='bbox 978 2540 1001 2583; x_wconf 78' lang='grc' dir='ltr'><em>ὅ</em></span> <span class='ocrx_word' id='word_1_373' title='bbox 1032 2541 1142 2593; x_wconf 83' lang='grc' dir='ltr'><em>ὄφις,</em></span> <span class='ocrx_word' id='word_1_374' title='bbox 1187 2542 1240 2592; x_wconf 73' lang='grc' dir='ltr'><em>ὥς</em></span> <span class='ocrx_word' id='word_1_375' title='bbox 1267 2558 1385 2595; x_wconf 89' lang='grc' dir='ltr'><em>φασιν</em></span> <span class='ocrx_word' id='word_1_376' title='bbox 1417 2545 1457 2584; x_wconf 86' lang='grc' dir='ltr'><em>οἷ</em></span> <span class='ocrx_word' id='word_1_377' title='bbox 1484 2540 1712 2596; x_wconf 89' lang='grc' dir='ltr'><em>φυσιολόγοι</em></span> <span class='ocrx_word' id='word_1_378' title='bbox 1740 2544 1828 2597; x_wconf 84' lang='grc' dir='ltr'><em>περὶ</em></span> 
     </span>
     <span class='ocr_line' id='line_1_39' title="bbox 310 2608 1829 2664; baseline 0 -12"><span class='ocrx_word' id='word_1_379' title='bbox 310 2611 450 2653; x_wconf 86' lang='grc' dir='ltr'><em>τούτου</em></span> <span class='ocrx_word' id='word_1_380' title='bbox 479 2617 547 2653; x_wconf 87' lang='grc' dir='ltr'><em>τοῦ</em></span> <span class='ocrx_word' id='word_1_381' title='bbox 576 2610 689 2662; x_wconf 80' lang='grc' dir='ltr'><em>ζώου.</em></span> <span class='ocrx_word' id='word_1_382' title='bbox 738 2610 861 2652; x_wconf 73' lang='grc' dir='ltr'><em>’Ὅταν</em></span> <span class='ocrx_word' id='word_1_383' title='bbox 887 2608 959 2664; x_wconf 72' lang='grc' dir='ltr'><em>γάρ</em></span> <span class='ocrx_word' id='word_1_384' title='bbox 988 2608 1160 2662; x_wconf 86' lang='grc' dir='ltr'><em>διψήσας</em></span> <span class='ocrx_word' id='word_1_385' title='bbox 1185 2609 1264 2652; x_wconf 69' lang='grc' dir='ltr'><em>ἀπὸ</em></span> <span class='ocrx_word' id='word_1_386' title='bbox 1287 2615 1357 2652; x_wconf 88' lang='grc' dir='ltr'><em>τοῦ</em></span> <span class='ocrx_word' id='word_1_387' title='bbox 1380 2615 1532 2662; x_wconf 88' lang='grc' dir='ltr'><em>φωλεοῦ</em></span> <span class='ocrx_word' id='word_1_388' title='bbox 1553 2610 1742 2664; x_wconf 88' lang='grc' dir='ltr'><em>προέλθοι</em></span> <span class='ocrx_word' id='word_1_389' title='bbox 1765 2611 1829 2652; x_wconf 86' lang='grc' dir='ltr'><em>ἐπί</em></span> 
     </span>
     <span class='ocr_line' id='line_1_40' title="bbox 313 2675 1828 2736; baseline 0 -17"><span class='ocrx_word' id='word_1_390' title='bbox 313 2697 349 2720; x_wconf 84' lang='grc' dir='ltr'><em>τι</em></span> <span class='ocrx_word' id='word_1_391' title='bbox 372 2678 477 2733; x_wconf 73' lang='grc' dir='ltr'><em>ὕδωρ</em></span> <span class='ocrx_word' id='word_1_392' title='bbox 501 2681 565 2720; x_wconf 82' lang='grc' dir='ltr'><em>ἵνα</em></span> <span class='ocrx_word' id='word_1_393' title='bbox 589 2682 682 2736; x_wconf 81' lang='grc' dir='ltr'><em>πίῃ,</em></span> <span class='ocrx_word' id='word_1_394' title='bbox 723 2676 770 2720; x_wconf 79' lang='grc' dir='ltr'><em>οὐ</em></span> <span class='ocrx_word' id='word_1_395' title='bbox 793 2676 1161 2732; x_wconf 80' lang='grc' dir='ltr'><em>συμπαραλαμβάνει</em></span> <span class='ocrx_word' id='word_1_396' title='bbox 1184 2677 1251 2720; x_wconf 84' lang='grc' dir='ltr'><em>τὸν</em></span> <span class='ocrx_word' id='word_1_397' title='bbox 1274 2678 1334 2720; x_wconf 81' lang='grc' dir='ltr'><em>ι’ὀν</em></span> <span class='ocrx_word' id='word_1_398' title='bbox 1360 2676 1447 2731; x_wconf 85' lang='grc' dir='ltr'><em>μεθ’</em></span> <span class='ocrx_word' id='word_1_399' title='bbox 1473 2679 1632 2727; x_wconf 79' lang='grc' dir='ltr'><em>ἑαυτοῦ,</em></span> <span class='ocrx_word' id='word_1_400' title='bbox 1672 2675 1765 2718; x_wconf 71' lang='grc' dir='ltr'><em>ἄλλα</em></span> <span class='ocrx_word' id='word_1_401' title='bbox 1788 2679 1828 2719; x_wconf 90' lang='grc' dir='ltr'><em>ἐν</em></span> 
     </span>
     <span class='ocr_line' id='line_1_41' title="bbox 311 2743 1826 2803; baseline -0.001 -15"><span class='ocrx_word' id='word_1_402' title='bbox 311 2751 363 2803; x_wconf 78' lang='grc' dir='ltr'><em>τῷ</em></span> <span class='ocrx_word' id='word_1_403' title='bbox 384 2751 518 2803; x_wconf 81' lang='grc' dir='ltr'><em>φωλεῷ</em></span> <span class='ocrx_word' id='word_1_404' title='bbox 541 2746 830 2800; x_wconf 81' lang='grc' dir='ltr'><em>καταλιμπάνει,</em></span> <span class='ocrx_word' id='word_1_405' title='bbox 860 2746 925 2787; x_wconf 79' lang='grc' dir='ltr'><em>καὶ</em></span> <span class='ocrx_word' id='word_1_406' title='bbox 948 2743 1072 2793; x_wconf 72' lang='grc' dir='ltr'><em>οὕτως</em></span> <span class='ocrx_word' id='word_1_407' title='bbox 1092 2744 1219 2787; x_wconf 78' lang='grc' dir='ltr'><em>ἐλθών</em></span> <span class='ocrx_word' id='word_1_408' title='bbox 1239 2745 1424 2800; x_wconf 79' lang='grc' dir='ltr'><em>λαμβάνει</em></span> <span class='ocrx_word' id='word_1_409' title='bbox 1442 2744 1484 2787; x_wconf 75' lang='grc' dir='ltr'><em>τό</em></span> <span class='ocrx_word' id='word_1_410' title='bbox 1506 2744 1613 2797; x_wconf 87' lang='grc' dir='ltr'><em>πόμα</em></span> <span class='ocrx_word' id='word_1_411' title='bbox 1635 2749 1711 2786; x_wconf 79' lang='grc' dir='ltr'><em>τῶν</em></span> <span class='ocrx_word' id='word_1_412' title='bbox 1733 2743 1826 2786; x_wconf 73' lang='grc' dir='ltr'><em>ὑδά-</em></span> 
     </span>
     <span class='ocr_line' id='line_1_42' title="bbox 312 2809 1828 2867; baseline -0.001 -13"><span class='ocrx_word' id='word_1_413' title='bbox 312 2831 396 2855; x_wconf 88' lang='grc' dir='ltr'><em>των.</em></span> <span class='ocrx_word' id='word_1_414' title='bbox 458 2815 535 2855; x_wconf 87' lang='grc' dir='ltr'><em>Καὶ</em></span> <span class='ocrx_word' id='word_1_415' title='bbox 556 2813 665 2855; x_wconf 79' lang='grc' dir='ltr'><em>αὐτοὶ</em></span> <span class='ocrx_word' id='word_1_416' title='bbox 685 2809 756 2856; x_wconf 79' lang='grc' dir='ltr'><em>οῦν</em></span> <span class='ocrx_word' id='word_1_417' title='bbox 774 2818 888 2855; x_wconf 87' lang='grc' dir='ltr'><em>τοῦτο</em></span> <span class='ocrx_word' id='word_1_418' title='bbox 911 2811 1190 2865; x_wconf 82' lang='grc' dir='ltr'><em>μιμησώμεθα,</em></span> <span class='ocrx_word' id='word_1_419' title='bbox 1221 2816 1308 2864; x_wconf 78' lang='grc' dir='ltr'><em>ἵνα,</em></span> <span class='ocrx_word' id='word_1_420' title='bbox 1339 2814 1432 2856; x_wconf 77' lang='grc' dir='ltr'><em>ὅταν</em></span> <span class='ocrx_word' id='word_1_421' title='bbox 1453 2812 1653 2867; x_wconf 85' lang='grc' dir='ltr'><em>ἐρχώμεθα</em></span> <span class='ocrx_word' id='word_1_422' title='bbox 1673 2813 1737 2854; x_wconf 85' lang='grc' dir='ltr'><em>ἐπὶ</em></span> <span class='ocrx_word' id='word_1_423' title='bbox 1758 2812 1828 2866; x_wconf 81' lang='grc' dir='ltr'><em>τήν</em></span> 
     </span>
     <span class='ocr_line' id='line_1_43' title="bbox 314 2878 1826 2937; baseline -0.001 -14"><span class='ocrx_word' id='word_1_424' title='bbox 314 2881 426 2937; x_wconf 74' lang='grc' dir='ltr'><em>ἁγίαν</em></span> <span class='ocrx_word' id='word_1_425' title='bbox 454 2887 524 2923; x_wconf 90' lang='grc' dir='ltr'><em>τοῦ</em></span> <span class='ocrx_word' id='word_1_426' title='bbox 546 2886 643 2923; x_wconf 86' lang='grc' dir='ltr'><em>θεοῦ</em></span> <span class='ocrx_word' id='word_1_427' title='bbox 665 2883 886 2934; x_wconf 81' lang='grc' dir='ltr'><em>ἐκκλησίαν,</em></span> <span class='ocrx_word' id='word_1_428' title='bbox 925 2879 951 2933; x_wconf 81' lang='grc' dir='ltr'><em>ἢ</em></span> <span class='ocrx_word' id='word_1_429' title='bbox 972 2881 1025 2928; x_wconf 86' lang='grc' dir='ltr'><em>εἰς</em></span> <span class='ocrx_word' id='word_1_430' title='bbox 1046 2878 1180 2934; x_wconf 76' lang='grc' dir='ltr'><em>εὐχὴν,</em></span> <span class='ocrx_word' id='word_1_431' title='bbox 1222 2881 1249 2935; x_wconf 77' lang='grc' dir='ltr'><em>ἢ</em></span> <span class='ocrx_word' id='word_1_432' title='bbox 1271 2883 1325 2930; x_wconf 87' lang='grc' dir='ltr'><em>εἰς</em></span> <span class='ocrx_word' id='word_1_433' title='bbox 1344 2880 1391 2922; x_wconf 75' lang='grc' dir='ltr'><em>τοὶ</em></span> <span class='ocrx_word' id='word_1_434' title='bbox 1414 2885 1482 2923; x_wconf 91' lang='grc' dir='ltr'><em>τοῦ</em></span> <span class='ocrx_word' id='word_1_435' title='bbox 1506 2885 1605 2922; x_wconf 88' lang='grc' dir='ltr'><em>θεοῦ</em></span> <span class='ocrx_word' id='word_1_436' title='bbox 1625 2880 1826 2935; x_wconf 83' lang='grc' dir='ltr'><em>μυστήρια,</em></span> 
     </span>
    </p>
   </div>
   <div class='ocr_carea' id='block_1_8' title="bbox 358 2971 1197 3016">
    <p class='ocr_par' dir='ltr' id='par_1_8' title="bbox 358 2971 1197 3016">
     <span class='ocr_line' id='line_1_44' title="bbox 358 2971 1197 3016; baseline -0.001 -11"><span class='ocrx_word' id='word_1_437' title='bbox 358 2974 435 3005; x_wconf 68' lang='lat' dir='ltr'>CAP.</span> <span class='ocrx_word' id='word_1_438' title='bbox 457 2974 527 3006; x_wconf 79' lang='lat' dir='ltr'>VII.</span> <span class='ocrx_word' id='word_1_439' title='bbox 552 2993 592 2998; x_wconf 98' lang='lat'><strong>—</strong></span> <span class='ocrx_word' id='word_1_440' title='bbox 618 2973 644 3006; x_wconf 87' lang='lat'><em>1.</em></span> <span class='ocrx_word' id='word_1_441' title='bbox 670 2972 775 3016; x_wconf 82' lang='grc' dir='ltr'><em>λέγει,</em></span> <span class='ocrx_word' id='word_1_442' title='bbox 800 2971 883 3016; x_wconf 86' lang='grc' dir='ltr'><em>φασί</em></span> <span class='ocrx_word' id='word_1_443' title='bbox 905 2974 993 3005; x_wconf 79' lang='lat' dir='ltr'><em>habet</em></span> <span class='ocrx_word' id='word_1_444' title='bbox 1015 2974 1080 3004; x_wconf 84' lang='lat' dir='ltr'><em>cod.</em></span> <span class='ocrx_word' id='word_1_445' title='bbox 1103 2975 1197 3005; x_wconf 78' lang='lat' dir='ltr'><em>Vatic.</em></span> 
     </span>
    </p>
   </div>
  </div>
 </body>
</html>
