2034 3267
517 164 692 196 PANARII
716 164 798 196 LIB.
819 165 841 196 Ι.
866 165 970 197 ΤΟΜ.
998 167 1034 198 ΙΙ.
1061 166 1187 198 HAER.
1210 166 1328 198 XXX.
1598 160 1674 197 245

170 251 207 283 rt
240 243 394 283 castitas
427 242 581 282 omnino
610 243 853 297 prohibetur,
886 243 921 283 id
949 244 1045 297 quod
1074 252 1112 284 et
1137 251 1290 285 ceterae
1323 258 1456 285 omnes
1489 245 1674 286 eiusmodi

170 311 351 350 haereses
375 316 572 363 usurpant.
618 309 718 350 Nam
745 311 833 350 olim
858 311 902 350 de
924 311 1144 363 virginitate
1167 312 1324 365 gloriari
1345 312 1533 364 solebant,
1566 314 1676 354 nimi-

168 391 248 416 rum
274 376 321 416 ob
346 374 525 416 Iacobum
551 378 703 416 fratrem
732 377 889 427 domini,
923 379 1093 431 adeoque
1116 379 1234 419 libros
1259 393 1348 419 suos
1372 380 1418 420 ad
1441 381 1616 421 seniores
1639 389 1677 422 et

166 444 335 496 virgines
368 443 594 483 inscribunt.
657 442 734 484 Sed
768 443 878 483 huius
911 444 1087 484 factionis
1114 446 1314 486 exordium
1343 454 1426 500 post
1449 446 1675 503 Hierosoly-

165 511 330 550 mitanae
357 511 461 550 urbis
490 511 680 550 excidium
702 510 843 563 eoepit.
903 509 990 562 Quo
1014 518 1183 564 tempore
1204 510 1412 553 Christiani
1435 529 1567 555 omnes
1590 529 1674 555 cum

163 578 201 617 in
226 576 374 618 Peraea
398 578 605 630 (legerent,
638 584 750 630 atque
773 575 811 615 in
836 576 929 616 urbe
950 575 1057 616 Pella
1084 578 1336 631 potissimum,
1369 595 1466 633 quae
1491 582 1527 621 in
1554 581 1675 622 Deca-

165 645 327 698 politana
354 645 550 699 provincia
577 651 649 694 est,
683 643 791 683 cuius
816 650 922 682 extat
950 643 986 682 in
1010 645 1212 697 evang-elio
1234 647 1391 697 mentio,
1425 663 1540 701 prope
1562 648 1675 689 Bata-

164 726 295 751 naeam
323 726 366 752 ae
390 711 671 752 Basanitidem:
706 724 788 749 cum
816 709 906 759 illic,
939 710 1108 763 inquam,
1142 712 1370 752 domicilium
1401 715 1871 767 collocassentmatth.⁴‚25.

164 778 249 818 hinc
272 778 411 819 Ebioni
442 779 526 818 data
552 784 610 817 est
634 776 867 830 propagandi
897 778 1042 816 erroris
1068 778 1235 818 occasio.
1299 777 1375 831 Qui
1398 781 1436 820 in
1458 796 1553 835 pago
1575 798 1667 836 quo·
1680 775 1872 844 Μυῗξζζῇο·

163 846 245 885 dam
274 844 428 886 Coeabe
451 845 489 884 in
510 844 667 897 regione
691 841 985 884 Carnaimorum
1001 875 1011 893 ,
1048 844 1206 884 Arnemi
1231 853 1268 885 et
1289 847 1600 899 Astarotharum,
1635 859 1673 890 et

163 911 394 952 Basanitidis
415 918 536 951 tractu
556 910 728 950 habitare
749 911 890 964 coepit,
923 912 1237 964 quemadmodum
1259 920 1371 953 vetus
1394 916 1439 954 ad
1462 930 1532 955 nos
1556 931 1674 970 usque

165 982 260 1019 lama
285 979 450 1033 pertulit.
499 976 590 1017 Inde
611 978 727 1030 igitur
749 978 902 1031 pessimi
928 978 1169 1032 praedicandi
1192 981 1378 1034 dogmatis
1401 982 1548 1022 initium
1572 997 1674 1023 sum-

163 1046 258 1100 psit,
300 1046 397 1085 unde
432 1052 470 1084 et
499 1043 635 1098 impios
662 1043 894 1084 Nazarenos
929 1045 1104 1099 coepisse
1139 1047 1352 1115 docuimus..
1415 1049 1542 1089 Ambo
1573 1051 1673 1090 enim

161 1113 306 1152 collatis
328 1113 428 1151 inter
452 1124 495 1151 se
520 1111 705 1166 capitibus
731 1126 837 1151 suam
860 1112 957 1152 alter
979 1127 1063 1152 cum
1090 1114 1210 1154 altero
1233 1114 1509 1169 improbitatem
1537 1132 1581 1157 ac
1606 1132 1673 1157 ne-

160 1179 312 1233 quitiam
338 1178 648 1218 communicavit.
709 1179 839 1233 Atque
870 1179 940 1219 etsi
976 1181 1251 1233 quadamtenus
1283 1197 1304 1222 a
1330 1196 1372 1222 se
1400 1190 1530 1224 mutuo
1561 1185 1672 1226 dissi-

160 1248 292 1296 deant,
325 1245 362 1285 in
395 1245 652 1299 excogitando
681 1253 806 1286 tamen
838 1247 1066 1300 pravissimo
1090 1249 1265 1303 dogmate
1296 1264 1384 1290 sese
1406 1251 1570 1292 invicem
1603 1267 1672 1293 ex-

158 1319 393 1367 presserunt.
456 1310 639 1353 Ceterum
666 1314 818 1353 memini
842 1328 900 1353 me
924 1314 1010 1354 aliis
1033 1315 1072 1355 in
1095 1315 1215 1366 locis,
1248 1331 1331 1357 cum
1357 1319 1544 1359 adversus
1574 1320 1670 1360 alias

157 1380 337 1420 haereses
363 1380 660 1431 contenderem,
695 1381 739 1422 de
765 1378 1005 1421 Cocaborum
1035 1382 1112 1423 situ
1135 1390 1246 1437 atque
1269 1384 1411 1425 Arabia
1436 1386 1666 1441 disputasse.

260 1512 456 1570 Principio
480 1515 596 1569 igitur
617 1514 765 1565 Ebion,
799 1523 840 1556 ut
862 1516 963 1567 dixi,
999 1515 1193 1558 Christum
1221 1533 1242 1559 e
1265 1520 1338 1561 viri
1362 1521 1524 1572 semine,
1558 1522 1668 1563 nimi·
1696 1528 1772 1571 Cap.
1796 1531 1850 1562 ΙΙΙ.

153 1595 235 1621 rum
260 1579 436 1636 losephi,
476 1583 645 1636 genitum
678 1583 900 1623 affirmabat.
951 1583 1096 1625 Verum
1117 1575 1311 1640 aliquanto
1335 1588 1471 1629 abhinc
1496 1596 1668 1644 tempore

153 1648 190 1688 in
219 1649 442 1689 hodiernum
469 1664 590 1704 usque
619 1650 716 1690 diem
749 1650 812 1704 qui
843 1651 925 1691 eius
950 1665 1120 1692 errorem
1145 1655 1265 1694 secuti
1290 1663 1400 1707 sunt,
1440 1657 1576 1696 animis
1601 1671 1666 1697 eo—

153 1730 235 1755 rum
260 1717 297 1756 in
321 1717 485 1757 absurda
507 1731 551 1757 ac
573 1718 755 1772 perplexa
780 1719 963 1771 quaedam
988 1719 1177 1774 abreptis,
1211 1722 1273 1761 alii
1300 1723 1412 1762 aliter
1435 1724 1481 1763 de
1510 1721 1666 1765 Christo

152 1784 414 1836 pronuntiant.
474 1784 534 1824 Ae
569 1784 755 1838 suspicari
793 1799 884 1825 sane
920 1786 1009 1826 lieet
1041 1786 1087 1826 ab
1122 1802 1168 1828 eo
1205 1796 1374 1844 tempore
1414 1805 1488 1844 quo
1519 1805 1561 1831 se
1591 1792 1665 1831 illis

153 1850 328 1891 Etxaeus
359 1852 531 1892 adiunxit
569 1852 685 1892 falsus
719 1853 865 1906 quidam
898 1854 1107 1908 propheta,
1152 1856 1212 1909 qui
1243 1858 1338 1911 apud
1361 1856 1597 1912 Sampsenos
1629 1867 1667 1899 et

154 1916 330 1959 Ossenos
355 1926 467 1972 atque
492 1918 723 1959 Ele-essaeos
761 1920 912 1970 extitit,
953 1921 998 1961 ab
1033 1923 1166 1962 eodem
1198 1924 1354 1965 edoctos
1386 1926 1587 1966 confictum
1619 1927 1663 1966 de

152 1984 308 2026 Christo
342 2000 385 2025 ac
417 1986 551 2040 spiritu
583 1994 717 2026 sancto
752 1987 882 2027 nescio
917 1988 1004 2042 quid
1037 1990 1188 2031 effutire
1223 1993 1413 2046 coepisse.
1474 1992 1662 2034 Nonnulli

150 2053 250 2092 enini
274 2067 323 2093 ex
348 2054 394 2093 iis
413 2054 599 2094 Adamum
627 2054 743 2094 fuisse
767 2052 960 2094 Christum
981 2056 1217 2110 praedicant,
1249 2059 1350 2099 illum
1378 2060 1530 2113 inquam
1558 2061 1663 2100 Ada-

152 2135 269 2170 mum,
303 2121 365 2174 qui
392 2123 533 2174 primns
557 2136 577 2161 a
601 2122 671 2160 deo
697 2123 883 2161 formatus
907 2123 1074 2164 eiusdem
1101 2133 1160 2165 est
1184 2125 1373 2167 animatus
1396 2128 1534 2168 afflatu.
1584 2128 1661 2168 Alii

151 2201 171 2227 e
196 2188 304 2227 coelo
330 2186 524 2228 Christum
550 2202 636 2228 esse
663 2190 914 2240 confitentur,
947 2191 1012 2231 sed
1038 2199 1126 2232 ante
1148 2193 1272 2232 omnia
1295 2202 1485 2245 creatum,
1519 2209 1562 2235 ac
1587 2196 1661 2250 spi—

150 2254 263 2294 ritum
298 2269 383 2295 esse
418 2258 628 2309 quendam,
670 2256 890 2310 angelisque
926 2266 1147 2312 praestare,
1187 2267 1299 2313 atque
1335 2261 1502 2301 omnium
1534 2276 1659 2303 rerum

152 2322 382 2362 dominatum
412 2330 567 2373 tenere,
602 2323 782 2377 appellari
806 2338 919 2377 porro
944 2323 1156 2367 Christum.
1219 2326 1295 2379 Qui
1326 2342 1409 2367 cum
1441 2337 1659 2383 perpetuam

148 2389 226 2428 illic
258 2388 528 2430 habitationem
565 2391 723 2430 sortitus
750 2390 820 2440 sit,
853 2393 1000 2445 quoties
1032 2394 1186 2434 libuerit
1211 2395 1248 2434 in
1279 2395 1371 2435 haec
1399 2395 1526 2436 infima
1558 2398 1658 2437 dela-

148 2456 271 2506 bitur,
312 2458 625 2510 quemadmodum
663 2457 701 2496 in
731 2457 878 2499 Adamo
910 2460 1130 2511 descendit,
1171 2469 1208 2502 et
1241 2463 1466 2515 patriarchis
1497 2478 1658 2519 corpore

150 2522 404 2564 circumfusus
426 2525 619 2578 apparuit,
654 2525 757 2564 velut
779 2539 861 2565 cum
885 2527 932 2566 ab
953 2528 1229 2579 Abrahamum,
1264 2528 1458 2580 isaacum,
1492 2539 1530 2570 et
1555 2530 1659 2571 laco-

150 2590 234 2630 bum
269 2590 374 2631 adiit.
435 2589 540 2630 Idem
573 2591 734 2645 denique
766 2594 967 2646 postremis
991 2595 1224 2650 temporibus
1249 2597 1374 2647 venit,
1408 2597 1545 2638 Adami
1574 2612 1658 2639 cor-

151 2672 243 2710 pore
273 2665 494 2708 contectus,
528 2666 566 2698 et
593 2659 703 2698 homo
729 2659 834 2699 visus
865 2669 944 2711 est,
978 2663 1014 2702 in
1043 2677 1192 2703 crucem
1223 2664 1391 2705 sublatus
1423 2668 1655 2717 resurrexit,

151 2731 189 2764 et
209 2726 381 2765 ascendit
403 2726 440 2765 iu
468 2727 630 2766 coelum.
691 2725 843 2768 Rursus
867 2729 928 2768 ubi
954 2729 1108 2771 libuerit
1128 2731 1179 2771 ita
1203 2745 1289 2771 sese
1315 2745 1393 2771 rem
1421 2732 1561 2774 babere
1589 2748 1656 2775 ne-

151 2858 361 2892 Hetcessaeos
384 2860 567 2904 appellatos
580 2884 590 2899 ,
613 2861 703 2892 velut
723 2861 777 2893 ille.
798 2862 883 2894 ima-
927 2876 1023 2903 „cum
1042 2865 1095 2897 ille
1113 2865 1299 2908 figmentum
1319 2866 1483 2910 quoddam
1501 2880 1538 2901 ac
1557 2880 1656 2912 nugas

150 2901 349 2943 ginationem
372 2905 534 2948 quandam
562 2906 602 2937 de
628 2906 757 2938 Christo
782 2913 814 2938 et
841 2908 882 2940 de
927 2911 1037 2942 nescio
1071 2923 1148 2953 quas
1179 2911 1219 2942 de
1245 2911 1372 2945 Christo
1405 2920 1437 2946 et
1469 2913 1510 2946 de
1542 2921 1656 2946 saneto

150 2955 263 2980 sancto
285 2949 407 2992 Spiritu
427 2957 608 2983 recensent.
646 2953 789 2984 Verterim
810 2962 883 2993 090:
927 2955 1040 2998 spiritu
1064 2960 1207 2988 narret.“
