2034 3267
488 179 667 212 PANARu
691 180 773 212 Lm.
793 182 816 213 1.
841 181 946 214 ΤοΜ.
963 182 1006 213 11.
1030 181 1160 214 HAER.
1179 183 1293 215 xxx.
1563 179 1642 218 273

125 257 234 298 vohis
268 257 391 298 iustos
422 257 508 298 illos
541 259 777 313 praedicari,
820 259 943 314 iisque
982 274 1052 301 vos
1088 261 1311 314 parentibus
1347 262 1519 317 gloriari.
1579 265 1642 306 Ad

126 326 221 365 haec
250 324 303 365 ita
338 326 594 379 respondent,
638 327 711 366 sibi
743 327 779 366 id
816 341 837 366 a
869 325 1026 367 Christo
1061 329 1308 381 patefactum.
1367 329 1475 384 Ergo
1505 331 1644 372 bonam

125 392 222 445 legis
253 399 400 446 partem
438 394 714 433 contumeliose
748 394 972 442 traducunt,
1014 401 1052 434 et
1083 393 1337 450 Sampsonem
1364 410 1408 437 ac
1433 396 1639 449 Davidem,

125 457 273 509 Etiam,
304 458 504 500 Elizaeum
536 467 764 514 ceterosque
794 467 994 512 respuunt.

236 524 313 567 Sed
342 541 364 566 a
389 524 544 567 Christo
570 527 723 566 domino
744 526 892 580 penitus
923 526 1112 581 impostor
1133 528 1196 568 ille
1219 530 1499 604 manifesteque
1522 533 1637 573 retel-
1651 544 1837 588 Cap.XtX.

124 593 237 643 litur‚
279 594 339 647 qui
373 595 616 649 depravatam
650 607 800 633 omnem
830 593 912 633 eius
942 594 1152 634 doctrinam
1185 597 1315 649 paucis
1352 599 1479 638 verbis
1510 600 1643 640 redar-

126 660 230 714 guit,
265 676 347 700 cum
377 662 427 701 ita
451 662 638 714 loquitur·
674 663 782 698 Vetat
802 663 958 698 Ioannes
979 664 1016 699 iu
1038 664 1095 699 zia
1118 665 1281 701 iustitiae
1301 679 1373 702 non
1396 669 1634 715 manducans,
1685 672 1797 738 Μιῆῑῖῐέ-

125 743 240 780 neque
263 729 408 775 bibens,
441 736 478 766 ct
495 731 643 774 dicant,
676 730 912 765 Daemonmm
935 729 1066 775 lmbet‚·
1109 732 1209 767 venit
1226 732 1340 780 filias
1360 734 1515 771 hominis
1536 748 1638 773 matz-

124 799 262 834 (locans
285 804 322 834 et
342 797 477 834 chbens
540 793 650 846 Quod
683 793 838 846 perinde
865 808 939 833 non
965 801 1024 834 est
1054 795 1316 849 accipiendum
1343 811 1387 837 ac
1412 798 1445 837 si
1476 798 1642 841 loannes

126 863 229 903 nulla
256 861 410 902 omnino
436 874 502 910 re,
537 858 714 900 Christus
743 861 919 901 omnibus
952 862 1194 915 promiscue,
1238 864 1411 918 adeoque
1441 866 1642 918 prohibitis

124 937 364 970 vesceretur.
426 926 502 968 Sed
531 927 721 980 scriptura
752 927 830 966 vim
854 928 1029 968 veritatis
1057 930 1273 983 expressit,
1307 938 1348 970 ut
1375 946 1450 971 non
1483 935 1641 974 mandu-

125 1011 217 1036 cans
246 1003 284 1036 et
309 996 440 1035 bibens
458 995 554 1033 idem
582 994 631 1033 sit
652 1007 696 1033 ac
718 991 901 1034 Ioannem
926 995 1103 1035 carnibus
1126 999 1293 1051 vinoque
1317 1012 1392 1038 non
1416 1013 1522 1039 usum
1549 1001 1643 1041 nihil

127 1071 281 1118 praeter
304 1063 471 1103 locustas
496 1074 540 1099 ac
572 1061 646 1100 met
681 1061 829 1112 edisse,
862 1069 904 1101 ut
924 1076 1061 1116 aquam
1082 1064 1235 1104 interim
1260 1065 1479 1106 adhibuisse
1510 1069 1643 1108 ereda-

125 1139 201 1171 tur.
260 1129 404 1183 Ecquis
436 1127 560 1167 nescit
587 1125 785 1168 Christum
818 1129 1010 1169 dominum
1039 1131 1247 1172 excitatum
1281 1146 1301 1171 a
1327 1134 1488 1174 mortuis
1514 1149 1642 1175 come—

129 1199 255 1238 disse?
286 1195 599 1250 quemadmodum
623 1195 797 1236 veritatis
820 1197 1021 1250 evangelia
1046 1199 1266 1249 continent,
1328 1202 1495 1240 Oblatum
1519 1205 1558 1241 ei
1571 1218 1640 1254 pa-
1657 1219 1728 1247 Luc.
1741 1220 1784 1255 21,
1798 1222 1840 1248 42,

122 1280 201 1304 nem
224 1279 268 1303 ac
293 1266 410 1315 piscis
434 1266 514 1301 assi
533 1266 780 1313 particulam,
825 1267 870 1302 de
901 1266 1033 1316 quibas
1066 1280 1146 1304 cam
1177 1271 1436 1307 manducasset
1464 1273 1640 1320 apostolis

121 1335 198 1371 suis
221 1333 398 1382 reliquias
418 1333 606 1381 impertiit.
671 1328 711 1370 ld
736 1331 834 1384 quod
860 1332 905 1370 ad
931 1330 1148 1373 Tiberiadis
1172 1348 1274 1375 mare
1297 1336 1409 1387 fecit,
1445 1337 1545 1387 edit,
1579 1337 1638 1376 in·
1667 1354 1818 1383 toann.2l.

122 1413 248 1452 quam,
270 1412 313 1438 ac
336 1397 542 1437 distribuit.
577 1395 726 1452 Qua-de
750 1412 791 1437 re
812 1398 971 1452 plurima
990 1400 1147 1440 dicenda
1172 1401 1281 1441 nobis
1304 1410 1525 1444 occurrunt.
1561 1402 1640 1445 Sed

121 1467 166 1506 ad
187 1466 336 1520 putidos
358 1464 443 1504 illos
467 1465 728 1518 absurdosque
751 1479 967 1516 sermones,
1001 1467 1063 1520 qui
1087 1467 1132 1506 ab
1155 1468 1245 1522 ipsis
1268 1468 1533 1520 instituuntur,
1560 1471 1640 1511 sin-

121 1533 277 1588 gillatim
303 1533 533 1573 refellendos
560 1539 674 1586 atque
699 1533 932 1573 evertendos
964 1535 1230 1575 transferenda
1255 1536 1365 1577 nobis
1389 1544 1448 1578 est
1469 1538 1608 1578 oratio.

231 1667 292 1708 Ac
322 1667 480 1722 primum
510 1667 556 1707 de
582 1665 759 1717 Christo,
793 1682 868 1708 non
893 1682 1040 1709 merum
1067 1669 1257 1710 hominem
1284 1684 1371 1712 esse
1396 1673 1636 1715 demonstra·
1656 1688 1733 1731 Gap.
1755 1689 1837 1721 xx,

121 1735 258 1775 bimus.
317 1734 458 1789 Neque
487 1735 586 1774 enim
620 1736 682 1788 qui
719 1735 810 1775 nihil
843 1736 997 1776 omnino
1032 1737 1080 1777 sit
1110 1745 1264 1791 praeter
1289 1738 1504 1791 hominem,
1537 1741 1638 1794 signi

120 1803 243 1843 instar
267 1803 440 1842 exhiberi
466 1803 605 1842 mundo
631 1810 776 1856 potest3
809 1804 906 1857 quod
929 1804 1084 1858 spiritus
1108 1813 1262 1845 sanetus
1286 1806 1331 1846 de
1347 1804 1503 1847 Christo
1528 1822 1638 1863 prae-

120 1869 239 1920 dixit,
273 1884 356 1910 cum
380 1871 432 1910 ita
454 1870 616 1910 Achazo
650 1870 798 1910 locutus
835 1878 914 1911 est:
955 1875 1040 1910 Pele
1065 1874 1322 1924 tibi-signam:
1356 1874 1420 1913 illo
1446 1889 1540 1915 vero
1571 1890 1637 1930 pe-

121 1945 202 1978 tere
229 1938 480 1987 detrectante,
510 1937 692 1991 propheta
718 1937 894 1988 subiecit,
928 1942 1011 1990 Ipse
1031 1942 1198 1979 dominas
1217 1942 1323 1979 {labit
1340 1942 1440 1980 vobis
1462 1946 1633 1993 signum.-

117 2020 199 2044 ecce
228 2008 334 2056 virgo
367 2008 557 2057 concipiet.
620 2003 794 2058 Virginis
824 1998 937 2059 porro
964 2007 1117 2047 nomine
1150 2022 1223 2047 uon
1259 2021 1304 2047 ea
1329 2009 1467 2048 mulier
1492 2009 1637 2063 signifi-

120 2079 228 2112 catur
253 2086 349 2126 quae
377 2073 572 2126 nupserit,
607 2078 644 2111 et
668 2085 752 2111 eum
780 2072 862 2112 viro
885 2073 1087 2113 coniuncta
1113 2075 1183 2124 sit,
1217 2076 1283 2115 sed
1307 2089 1350 2115 ea
1374 2076 1523 2116 demum
1547 2091 1635 2131 pro-

118 2140 199 2195 prie
220 2140 330 2194 virgo
357 2140 494 2180 dicitur
525 2154 618 2193 quae
643 2139 810 2179 divinum
835 2141 994 2181 verbum
1026 2141 1064 2181 in
1088 2155 1130 2182 se
1154 2142 1296 2195 absque
1328 2143 1405 2183 ullo
1429 2144 1502 2183 viri
1528 2158 1633 2184 com-

117 2207 232 2262 plexu
257 2207 447 2260 genuerit.
510 2205 835 2260 Quemadmodum
868 2206 1004 2248 Esaias
1039 2209 1112 2249 alio
1146 2209 1184 2249 in
1212 2209 1296 2249 loco
1326 2217 1509 2251 testatur:
1551 2215 1631 2251 Vooe
1647 2225 1783 2260 Esaiae,

118 2277 291 2313 clamoris
311 2290 358 2313 ea:
383 2276 492 2322 arbe,
526 2290 597 2313 voa?
620 2290 639 2312 e
667 2276 816 2325 templo,
850 2290 922 2314 voa·
946 2278 1087 2315 domini
1113 2278 1389 2324 retributionis,
1423 2280 1631 2318 retribuen-

122 2345 169 2381 tis
198 2345 368 2381 inimicis.
436 2346 645 2393 Antequam
673 2345 889 2392 parturiens
917 2351 1088 2394 pareret,
1133 2352 1325 2395 antequam
1359 2349 1502 2384 veniret
1527 2349 1634 2386 dolor

114 2417 268 2461 partas,
303 2412 408 2465 “Zffi‘g
410 2414 458 2457 z',t
493 2418 529 2448 et
547 2412 692 2460 pepetz't
717 2412 929 2448 masculam.
993 2413 1082 2461 Quis
1110 2414 1251 2449 audivit
1274 2426 1431 2463 anquam
1460 2416 1561 2452 lale?
1597 2422 1635 2453 et

120 2480 201 2529 qais
223 2480 315 2516 vidit
330 2480 416 2516 lzuie
433 2479 570 2516 simile.
564 2481 580 2505 ⁹
608 2479 798 2527 N‘mnqmd
808 2481 994 2528 parturiit
1013 2486 1113 2516 terra
1134 2481 1191 2517 die
1211 2493 1297 2526 aaa,
1328 2487 1364 2517 et
1379 2483 1525 2530 peperit
1540 2496 1633 2532 gen-

121 2552 190 2583 tem
214 2547 327 2583 simul
333 2550 351 2583 ?
389 2548 474 2597 qaia
491 2546 699 2596 parturivit
721 2551 757 2581 et
772 2548 918 2595 peperit
934 2547 1024 2584 Sion
1041 2547 1151 2596 filios
1175 2561 1273 2584 suos.
1335 2549 1419 2597 Ego
1443 2562 1528 2586 vero
1549 2551 1635 2587 dedi

121 2613 215 2650 hanc
236 2615 540 2663 expectationem,
574 2618 612 2649 et
633 2625 704 2649 non
727 2614 916 2650 recordati
931 2620 1039 2659 sant,
1074 2615 1166 2651 dicit
1185 2616 1364 2652 dominas·
1429 2612 1629 2666 Quaenam

121 2677 237 2731 igitur
259 2692 305 2719 ea
329 2687 387 2719 est
411 2678 656 2733 expectatio?
698 2677 846 2730 quinam
874 2679 910 2718 hi
932 2679 1021 2729 filii,
1054 2679 1127 2719 nisi
1153 2682 1250 2734 quod
1272 2682 1366 2720 citra
1393 2681 1629 2736 parturiendi

122 2744 293 2785 laborem
314 2746 423 2800 virgo
455 2744 668 2800 pepererit,
702 2745 799 2798 quod
825 2759 1008 2800 nusquam
1034 2754 1148 2787 autea
1173 2747 1413 2801 contigerat?
1454 2749 1629 2803 quodque

125 2834 302 2866 Ioannem?
329 2835 425 2866 etiam
447 2834 473 2866 si
493 2836 628 2866 Ioannes
647 2845 704 2876 per
721 2833 850 2865 dolores
895 2846 968 2877 ται,
1000 2835 1057 2869 καὶ
1085 2835 1139 2869 τὸν
1164 2832 1207 2869 82'.
1238 2833 1335 2870 αὐτὸν
1367 2841 1430 2869 cett.
1460 2847 1573 2878 repono
1605 2842 1632 2870 et

124 2885 232 2919 partus
257 2880 383 2922 genitus
404 2886 462 2912 est.
509 2881 737 2911 Restituenaum
759 2881 852 2918 iyitur
895 2882 1073 2921 interpretor
1102 2884 1162 2912 sic:
1200 2892 1294 2923 quam
1323 2881 1411 2924 quod
1434 2881 1526 2925 virgo
1551 2882 1631 2914 citra

122 2926 242 2960 putavit
273 2924 467 2966 γεγένηται,
509 2926 589 2964 quod
616 2926 706 2955 etiam
740 2925 772 2954 in
804 2925 852 2955 ed.
897 2932 1008 2967 partus
1021 2926 1168 2957 dolorem
1184 2927 1351 2969 pepererit
1372 2927 1459 2969 quod
1475 2939 1631 2970 nusquam

126 2968 242 2998 Petavii
273 2979 449 3008 expressum
477 2971 575 3000 video.
617 2971 681 3008 Ερο
703 2967 854 3010 γεγέννηέ
898 2977 1026 3011 partum
1047 2978 1096 3002 est
1116 2972 1158 3013 th.
1171 2981 1196 3003 e.
1210 2972 1326 3013 deum),
1343 2979 1377 3003 et
1395 2973 1549 3004 Ioannem
1565 2976 1630 3004 cett.

194 3020 309 3055 Corpus
327 3022 500 3050 Haereseot.
520 3022 557 3049 Π.
1315 3031 1364 3070 18
