2034 3267
464 119 641 151 PANAau
668 121 747 152 [ΑΒ.
770 121 792 151 i.
818 121 922 153 TOM.
945 122 982 152 ιι.
1016 120 1145 153 HAER.
1170 121 1330 153 xxxin.
1577 116 1654 156 401

137 200 296 249 habeat,
331 213 377 239 ne
402 199 447 238 de
469 198 621 239 bomine
643 199 816 253 quidem,
852 201 987 240 nedum
1012 201 1057 240 de
1079 201 1150 240 deo
1174 201 1375 254 quicquam
1397 201 1536 242 audeat
1558 202 1659 242 eius-

137 267 237 308 modi
260 274 445 307 statuere.
497 264 594 306 Mihi
617 281 710 307 vcro
734 268 846 306 etiam
870 266 1062 308 Homerus
1084 268 1308 322 prudentior
1330 269 1392 310 illo
1415 269 1532 310 tuisse
1555 269 1660 310 vide-

139 342 213 385 tur,
240 335 324 374 dum
350 334 552 374 sollicitum
579 333 725 384 lovem,
755 335 933 388 curisque
957 337 1173 376 confectum
1200 343 1238 376 et
1260 337 1413 388 iratum,
1446 338 1659 378 insomnem

136 409 287 443 noctem
319 402 446 455 egisse
478 401 702 456 descripsit,
743 402 789 442 de
817 402 1054 442 Graecorum
1081 404 1251 457 pernicie
1278 405 1532 458 cogitantem,
1575 420 1659 446 cum

137 475 239 509 esset
267 476 424 523 rogatus
453 483 473 509 a
503 468 692 519 Thetide,
738 476 777 509 ut
801 470 844 509 ad
870 470 1124 510 ulciscendam
1149 471 1312 512 Achillis
1336 473 1509 513 iniuriam
1534 480 1611 513 tam
1637 487 1660 513 a

138 535 377 577 Graecorum
408 536 643 592 principibus
672 550 781 590 quam
811 536 974 577 Graecis
1001 537 1092 591 ipsis
1120 552 1261 592 poenas
1285 546 1493 593 repeteret.
1553 539 1661 581 Nihil

136 605 236 644 enim
264 603 511 645 Ptolemaeus
542 606 586 644 de
615 604 679 644 illo
703 617 773 644 suo
798 605 963 644 omnium
991 612 1172 658 parente,
1219 621 1328 660 quem
1350 605 1517 661 Bythum
1540 608 1661 648 nomi-

136 679 217 722 nat,
251 673 376 727 aptius
397 672 634 727 excogitavit
656 685 766 725 quam
789 680 847 711 est
869 671 914 711 ab
939 671 1109 712 Homero
1131 673 1175 712 de
1197 671 1289 714 love
1311 675 1527 715 confictum.
1583 674 1661 716 Sed

135 738 241 780 Iovis
266 740 407 795 ipsius,
448 739 596 794 qualem
623 739 669 779 ab
694 738 865 778 Homero
891 738 1096 790 didicerat,
1131 741 1327 781 notionem
1351 742 1581 783 informasse
1603 744 1660 783 vi-

135 808 259 847 detur.
331 807 412 848 lmo
453 821 544 848 vero
585 813 728 846 tantam
766 807 811 846 ad
848 807 1146 861 expromendam
1181 809 1380 848 audaciam
1413 809 1659 851 Homericum

134 875 222 915 illud
255 875 300 915 de
334 874 426 916 love
453 874 690 928 Graecisque
722 881 977 914 commentum
1008 874 1244 915 tolerabilius
1280 885 1502 931 usurparet,
1549 893 1657 932 quam

135 943 186 983 ita
212 943 256 983 de
282 943 471 983 communi
495 942 662 982 omnium
687 942 840 982 domino
866 942 1091 996 disputaret.
1155 942 1230 996 Qui
1257 944 1366 984 simul
1393 952 1507 998 atque
1532 946 1659 986 animo

137 1011 314 1065 concepit
334 1010 496 1064 aliquid,
529 1010 656 1050 statim
681 1009 856 1064 quicquid
880 1010 1046 1050 voluerit
1068 1011 1201 1062 efficit,
1236 1012 1438 1066 statimque
1459 1028 1502 1053 ac
1523 1014 1657 1064 voluit,

135 1078 262 1118 animo
287 1077 452 1132 concipit
482 1078 580 1131 quod
612 1077 754 1128 voluit,
800 1092 843 1118 ac
876 1086 951 1118 tum
982 1079 1155 1132 cogitans
1188 1094 1270 1119 cum
1303 1080 1406 1131 vult,
1450 1081 1660 1135 volensque

136 1161 218 1186 cum
241 1146 398 1199 cogitat.
451 1143 643 1185 Nimirum
669 1152 770 1185 totus
792 1145 872 1200 ipse
895 1147 1078 1200 cogitatio
1100 1154 1172 1198 est,
1207 1154 1309 1188 totus
1332 1148 1523 1200 voluntas,
1558 1156 1660 1189 totus

134 1227 256 1263 mens,
280 1219 380 1253 totus
401 1213 544 1263 lumen,
569 1220 669 1253 totus
687 1214 836 1264 oculus,
858 1221 957 1254 totus
977 1214 1144 1266 auditus,
1166 1221 1267 1255 totus
1285 1215 1472 1256 bonorum
1491 1216 1658 1257 omnium

134 1282 233 1332 fons,
268 1295 502 1336 prorsusque
523 1281 568 1321 ab
593 1282 695 1321 omni
718 1282 1006 1336 perturbatione
1029 1290 1215 1333 remotus,
1249 1298 1324 1324 non
1345 1284 1548 1336 sollicitus,
1582 1300 1658 1326 non

133 1349 295 1400 anxius,
342 1349 448 1389 velut
471 1347 621 1403 Bythus
649 1349 737 1400 ille,
784 1350 846 1390 vel
875 1348 1065 1405 luppiter,
1113 1351 1158 1391 de
1189 1366 1263 1405 quo
1291 1366 1386 1406 quae
1415 1353 1461 1392 ab
1485 1352 1657 1411 Homero

131 1416 273 1470 scripta
297 1423 406 1466 sunt,
441 1415 686 1457 Ptolemaeus
713 1417 758 1457 ad
781 1416 946 1472 Bythum
972 1418 1180 1458 transtulit.
1244 1420 1369 1474 Atque
1395 1427 1434 1460 ut
1455 1419 1657 1475 improbis-

131 1483 250 1524 simus
282 1484 341 1524 bic
367 1484 501 1540 planus
526 1485 648 1539 magis
675 1485 872 1539 magisque
895 1486 1116 1536 refellatur,
1161 1486 1267 1526 iuvat
1292 1487 1362 1528 hoc
1389 1488 1473 1528 loco
1499 1503 1543 1528 ea
1569 1489 1658 1529 sub-

129 1551 250 1592 iicere
276 1566 373 1606 quae
397 1553 442 1593 ad
466 1551 622 1593 Floram
648 1554 834 1607 quandam
857 1553 1118 1594 mulierculam
1142 1553 1317 1609 scripsit,
1351 1556 1459 1610 plena
1486 1556 1550 1596 illa
1577 1557 1659 1611 qui-

131 1620 215 1659 dem
239 1619 446 1661 illecebrae
473 1621 517 1661 ad
547 1621 851 1676 persuadendum
875 1635 919 1661 ac
944 1622 1146 1676 pestifera,
1191 1637 1237 1663 ue
1262 1624 1344 1676 quis
1367 1624 1526 1664 forsitan
1553 1631 1660 1679 putet

131 1701 190 1727 me
215 1702 264 1728 ex
292 1688 423 1729 auditu
449 1689 532 1730 solo
558 1696 690 1729 contra
714 1689 942 1729 nebulonem
968 1690 1065 1730 liunc
1091 1690 1242 1743 egisse,
1280 1691 1499 1746 nullumque
1523 1692 1658 1747 depra-

129 1763 242 1796 vatae
269 1755 350 1796 eius
376 1757 573 1797 doctrinae
599 1757 800 1810 vestigium
827 1764 938 1797 antea
963 1758 1192 1812 pervidisse.
1253 1757 1305 1798 Et
1330 1759 1479 1813 quidem
1508 1767 1659 1814 praeter

131 1837 174 1863 ea
198 1838 294 1878 quae
319 1824 486 1864 diximus
507 1823 719 1865 Mosaicam
746 1825 858 1865 etiam
881 1826 1003 1880 legem
1027 1826 1238 1867 maledictis
1261 1826 1436 1868 incessit.
1499 1826 1570 1868 Est
1593 1842 1657 1869 au-

128 1898 204 1932 tem
237 1892 426 1933 eiusmodi
458 1892 551 1933 haec
583 1892 766 1948 epistola:

498 2017 751 2049 PTOLEMAEI
776 2018 833 2049 AD
859 2018 1039 2050 FLORAM
1065 2020 1286 2052 EPISTOLA.

238 2095 385 2148 Legem
411 2096 509 2136 illam
536 2110 632 2150 quae
657 2111 677 2136 a
701 2095 813 2138 Mose
837 2099 973 2139 tradita
998 2106 1071 2148 est,
1104 2097 1221 2139 Flora
1243 2113 1355 2139 soror
1378 2100 1653 2151 amantissima,

128 2177 253 2218 neque
275 2172 514 2219 perspectam
536 2164 663 2205 baberi
686 2167 998 2220 quamplurimos,
1023 2181 1146 2221 neque
1168 2167 1250 2208 eius
1269 2167 1373 2207 velut
1392 2168 1652 2220 fundamenta,

127 2232 186 2272 vel
211 2234 444 2287 praescripta
470 2247 729 2286 cognoscere,
764 2234 874 2274 facile
897 2241 932 2274 te
955 2235 1234 2276 intellecturam
1259 2235 1455 2285 existimo,
1489 2235 1520 2276 si
1544 2251 1651 2291 quam

127 2300 258 2340 variae
291 2301 336 2340 de
369 2301 430 2341 illa
463 2302 540 2341 sint
571 2300 772 2355 opiniones
806 2301 998 2343 didiceris.
1063 2301 1163 2344 Sunt
1191 2303 1290 2343 enim
1317 2303 1379 2357 qui
1408 2304 1508 2343 illam
1535 2318 1555 2343 a
1583 2305 1653 2344 deo

126 2374 258 2420 putant
280 2383 323 2409 ae
344 2376 451 2423 patre
478 2369 595 2408 fuisse
618 2369 879 2410 constitutam.
941 2371 1018 2410 Alii
1041 2371 1270 2411 contrariam
1296 2371 1395 2411 viam
1418 2372 1583 2425 ingressi
1607 2372 1652 2412 ab

127 2435 208 2476 eius
234 2437 384 2477 aemulo
409 2437 559 2476 nefario
587 2437 771 2477 daemone
799 2437 911 2478 latam
938 2440 1146 2489 affirmant,
1192 2453 1211 2479 a
1238 2453 1311 2493 quo
1335 2446 1372 2479 et
1395 2440 1574 2480 mundum
1598 2441 1652 2480 sa·

123 2527 220 2557 ticoni
244 2528 366 2558 adiecit.
917 2529 1009 2561 multi
1035 2529 1305 2572 praeoccuparint
1329 2534 1394 2562 cell.

168 2574 200 2603 ὅ.
226 2571 306 2605 εἴσω
329 2570 456 2610 nasone
480 2574 551 2604 dedi
576 2582 613 2604 ex
640 2574 791 2606 emendat,
813 2575 870 2605 Pe·
961 2577 991 2606 2.
1018 2571 1119 2608 αὐτοῦ
1142 2578 1331 2607 coniecerunt
1355 2576 1539 2615 Cornarins,
1563 2577 1653 2608 Peta-

124 2618 209 2648 tavii
232 2621 258 2648 et
281 2619 442 2656 Ceruarii,
465 2620 518 2658 qui
539 2620 646 2649 vertit:
670 2625 703 2649 et
725 2618 757 2650 in
781 2618 870 2650 nullo
913 2623 995 2659 vius,
1016 2623 1159 2659 GraMus,
1179 2622 1357 2652 Massuetus.
1397 2622 1442 2660 Cf.
1463 2623 1562 2653 Grabe
1581 2624 1653 2662 Spi-

123 2658 248 2693 affeetu
273 2661 416 2693 haereat.
916 2667 1001 2706 ciley.
1022 2667 1069 2704 11,
1092 2675 1165 2705 pay.
1183 2665 1226 2696 09
1244 2675 1306 2705 sqq.

165 2706 198 2740 9.
222 2709 391 2738 Articulum
414 2709 514 2739 adieci
536 2718 573 2739 ex
595 2709 660 2740 cod.
686 2710 780 2740 Valic.
959 2712 990 2742 ὃ.
1014 2712 1062 2743 Ila
1087 2712 1219 2742 Grabz'us
1237 2712 1350 2750 aliique
1369 2720 1426 2750 pro
1445 2712 1570 2752 vulgato
1592 2707 1651 2746 αὖ·

170 2751 219 2784 10.
243 2751 447 2794 πεποιημένη
473 2754 537 2784 cod.
562 2755 655 2785 Varie.
911 2756 987 2789 τῶν.

169 2796 219 2828 11.
242 2794 309 2836 τὸν,
332 2798 413 2837 quod
433 2799 626 2829 desideratur
644 2801 676 2829 in
696 2800 742 2830 ed.
758 2800 867 2840 princ„
955 2801 986 2832 4.
1012 2798 1168 2844 μαὲούσῃ
1190 2801 1255 2832 cod.
1274 2801 1372 2833 Venet.
1412 2803 1506 2842 Vulyo
1523 2800 1650 2845 μαθού-

123 2841 268 2873 Ρείαυίιιε
287 2844 425 2881 primum
447 2844 560 2875 adiecit
583 2853 620 2874 ex
642 2844 707 2874 cod.
730 2845 821 2876 Vane.
913 2856 986 2888 σης.

169 2884 244 2917 Cap.
262 2887 319 2918 111.
337 2905 380 2910 —
405 2888 431 2918 1.
454 2885 500 2930 μή
521 2890 597 2920 delet
616 2890 783 2921 Cornarius
799 2898 865 2921 ver·
955 2893 985 2922 ὁ.
1008 2891 1119 2925 τοῦτον
1147 2893 1194 2923 vel
1223 2886 1329 2935 τούτῳ
1352 2893 1559 2932 reponendum
1588 2902 1649 2927 esse

124 2933 209 2963 tens.-
244 2931 333 2974 quod
361 2931 466 2974 legem
499 2944 557 2976 per
587 2933 725 2976 Moysen
756 2932 864 2966 datam
911 2937 1060 2976 suspicor.

189 2983 304 3021 Corpus
325 2985 500 3015 Haereseol.
521 2985 559 3015 11.
1327 2996 1379 3037 26

1683 2111 1758 2155 Cap.
1779 2113 1834 2145 111.
