2034 3267
488 117 663 149 PANARH
687 118 769 150 Lm.
790 119 814 150 Ι.
838 119 944 151 Tou.
963 120 1004 150 11.
1029 119 1158 151 HAER.
1182 120 1317 152 xxix.
1574 115 1653 154 237

254 194 332 237 Sed
367 195 430 236 alii
457 194 686 237 Nazaraeos
722 197 870 252 seipsos
903 198 1107 253 appellant.
1179 196 1328 253 Quippe
1359 197 1653 241 Nazaraeorum
1681 203 1757 247 Cap.
1777 207 1831 239 Vt.

140 269 250 303 secta
279 261 474 304 Christum
508 265 737 314 antecessit,
771 278 842 305 nec
874 279 957 305 eum
992 265 1189 319 cognovit.
1250 264 1396 306 Verum
1425 265 1652 320 Christiani,

138 338 181 371 ut
212 331 320 370 initio
355 331 505 380 monui,
538 332 583 371 ab
611 332 786 372 omnibus
809 331 1004 372 Nazaraei
1037 333 1239 386 nuncupati
1266 341 1376 383 sunt,
1410 337 1653 387 quemadmo-

140 399 225 438 dum
246 398 297 438 illi
318 398 513 448 dixerunt,
538 399 599 452 qui
614 398 770 439 Paulum
794 399 1006 452 apostolum
1028 407 1281 440 accusarunt:
1309 404 1429 449 Hunc,
1459 403 1648 457 inquiunt,
1670 415 1731 443 Act.
1751 417 1793 451 2⁴,
1812 420 1836 446 5.

135 468 317 504 hominem
341 469 541 505 invenimus
557 468 788 518 peslzserum,
822 473 862 503 et
879 475 1168 517 corrumpentem
1188 471 1376 519 populum,
1411 478 1448 508 et
1466 479 1653 510 auctorem

139 541 260 571 sectae
274 536 572 572 Nazurenornm.
614 533 668 573 At
688 539 843 571 sanctus
866 533 1062 586 apostolus
1087 547 1210 586 neque
1231 549 1368 575 nomen
1390 537 1488 576 istud
1512 537 1651 590 eiurat,

137 600 290 640 tametsi
317 601 362 640 ab
392 601 542 641 illorum
572 599 720 639 haeresi
752 599 998 648 abhorreret,
1033 606 1070 638 et
1103 602 1201 653 quod
1235 602 1305 641 sibi
1341 604 1650 645 adversariorum

138 667 379 721 improbitate
414 675 567 722 propter
597 664 789 706 Christum
826 666 1042 719 impositum
1078 674 1161 706 erat
1194 669 1443 720 vocabulum,
1486 671 1652 713 libenter

139 735 304 774 admisit.
366 733 423 774 Ita
454 734 552 774 enim
584 740 671 773 ante
701 733 865 772 tribunal
896 733 1015 782 dixit,
1046 736 1175 785 Neque
1201 738 1238 773 z'lz
1271 739 1400 786 lemplo
1434 741 1652 779 invenerunt
1668 752 1740 780 thid.
1763 756 1801 782 12.

138 816 193 840 me
218 817 298 841 eum
325 805 448 853 aliquo
481 804 743 851 deputantem,
784 807 853 838 aut
877 814 1094 839 concursum
1122 803 1318 853 facientem
1352 805 1502 851 turbae,
1536 822 1652 858 neque

137 873 332 920 quiequam
356 883 477 908 eorum
500 868 630 919 quibus
650 881 705 905 me
726 875 905 905 accusant
922 870 1066 906 admisi.
1132 871 1318 919 Confiteor
1337 879 1455 908 aulem
1477 874 1545 910 lzoc
1567 877 1645 922 tibi,

139 939 237 987 quod
264 939 458 975 secundum
489 942 644 981 seciam,
679 949 785 985 qnam
817 937 946 973 dc’cuut
969 937 1158 982 haeresin,
1193 939 1247 975 sz'e
1278 940 1465 986 deservio,
1500 943 1651 980 credens

138 1005 302 1042 omnibus
326 1017 417 1055 quae
441 1005 477 1040 in
502 1003 582 1051 lege
609 1009 648 1039 et
668 1004 860 1052 prophelz's
880 1005 1020 1054 scrzpta
1051 1011 1150 1042 sunt.
1212 1002 1353 1057 Neque
1385 1019 1481 1045 vero
1513 1007 1648 1047 mirum

136 1077 196 1110 est
226 1069 435 1124 apostolum
467 1069 712 1122 semetipsum
734 1067 984 1109 Nazarenum
1017 1070 1214 1120 confiteri,
1249 1085 1331 1110 cum
1358 1072 1529 1112 universi
1561 1081 1650 1114 tunc

138 1151 184 1177 eo
208 1137 357 1177 nomine
382 1133 624 1176 Christianos
649 1144 850 1186 vocarent,
884 1137 929 1176 ab
954 1137 1090 1191 oppido
1113 1136 1304 1187 Nazaret,
1340 1153 1411 1178 nec
1435 1141 1532 1180 ullus
1557 1142 1650 1182 alte-

137 1205 215 1245 rius
243 1210 346 1244 esset
377 1203 483 1243 vocis
515 1217 606 1243 usus
639 1204 711 1243 illis
743 1205 999 1258 temporibus,
1034 1219 1105 1258 qua
1134 1219 1201 1245 eos
1234 1207 1296 1259 qui
1322 1205 1478 1247 Christo
1509 1218 1649 1249 nomen

135 1272 318 1311 dederant
349 1278 506 1325 possent
534 1271 767 1325 exprimere.
828 1270 889 1311 De
921 1286 996 1326 quo
1025 1286 1116 1312 sane
1148 1272 1330 1327 scriptum
1363 1281 1444 1323 est,
1477 1280 1848 1327 qu0712'anzMa1th.2.253.

133 1341 356 1378 Nazarenus
376 1340 576 1377 vocabitur.
627 1337 729 1378 Nam
753 1346 791 1378 et
814 1338 926 1378 hodie
945 1339 1127 1379 haereses
1151 1354 1300 1387 omnes,
1332 1339 1553 1382 Manichaei
1575 1345 1650 1384 sci-

132 1405 244 1456 licet,
275 1403 578 1455 Marcionistae,
613 1404 813 1456 Gnostici,
858 1406 1076 1460 caeterique
1103 1408 1165 1460 qui
1191 1405 1401 1448 Christiani
1433 1424 1510 1450 non
1539 1418 1644 1461 sunt,

130 1470 440 1513 Christianorum
464 1480 586 1512 tamen
606 1473 652 1512 ab
670 1473 845 1513 omnibus
865 1474 1018 1513 nomine
1039 1475 1309 1528 comprehendi
1328 1476 1468 1527 solent,
1497 1485 1535 1518 et
1552 1492 1648 1519 una-

130 1554 303 1594 quaeque
328 1550 456 1590 secta,
489 1540 578 1580 licet
603 1541 677 1580 alio
702 1541 854 1580 nomine
878 1548 1106 1591 censeatur,
1139 1542 1175 1581 id
1200 1542 1271 1582 sibi
1297 1544 1460 1583 nominis
1483 1544 1648 1585 libenter

131 1608 302 1658 asciscit,
336 1608 433 1661 quod
457 1608 527 1647 hoc
551 1622 636 1648 esse
660 1608 730 1647 sibi
756 1608 885 1647 decori
907 1615 1019 1661 atque
1043 1617 1271 1650 ornamento
1297 1610 1451 1651 indicat.
1495 1611 1645 1667 Quippe

131 1675 215 1715 solo
238 1673 385 1716 Christi
407 1675 593 1716 vocabulo
616 1690 689 1715 uon
714 1676 783 1715 lide
809 1683 920 1729 atque
946 1676 1126 1730 operibus
1150 1678 1305 1730 gloriari
1328 1677 1520 1718 videntur.
1566 1679 1647 1720 Eo-

131 1743 215 1782 dem
240 1743 352 1782 modo
375 1744 498 1783 sancti
524 1741 668 1784 Christi
695 1742 867 1797 discipuli
891 1757 978 1783 sese
1003 1751 1081 1783 tum
1102 1745 1136 1783 id
1162 1745 1262 1797 quod
1286 1753 1395 1785 erant
1418 1744 1506 1786 lesu
1532 1747 1645 1787 disci-

131 1810 240 1864 pulos
265 1810 476 1850 vocabant:
513 1824 634 1864 neque
662 1817 789 1850 tamen
814 1825 897 1850 cum
924 1810 970 1850 ab
995 1811 1078 1851 aliis
1106 1810 1308 1852 Nazareni
1334 1813 1554 1854 dicerentur
1576 1829 1645 1854 no-

128 1892 218 1917 men
251 1878 351 1918 istud
385 1878 638 1928 recusabant,
683 1892 768 1917 cum
800 1878 847 1918 ad
880 1891 1011 1917 eorum
1046 1892 1067 1917 a
1103 1879 1239 1932 quibus
1268 1879 1323 1919 sic
1356 1881 1644 1934 appellabantur

130 1947 243 1985 finem
270 1959 501 2000 scopumquc
536 1945 792 1999 respicerent,
826 1945 889 1999 qui
923 1945 994 1985 hoc
1025 1959 1113 1985 sese
1145 1946 1298 1986 nomine
1330 1945 1474 1988 Christi
1506 1963 1644 1990 caussa

130 2013 344 2063 donabant,
378 2013 680 2066 quandoquidem
704 2019 742 2052 et
765 2010 874 2053 lesus
897 2002 978 2067 ipse
997 2012 1229 2054 Nazarenus
1257 2015 1468 2069 appellatus
1491 2023 1570 2067 est,
1603 2024 1644 2057 ut

129 2081 168 2120 in
191 2080 404 2134 evangeliis
436 2088 473 2120 et
508 2080 764 2134 apostolorum
787 2080 948 2120 Actibus
970 2081 1124 2133 legitur,
1159 2096 1227 2135 pro
1248 2096 1294 2121 eo
1319 2083 1416 2136 quod
1440 2083 1478 2123 in
1504 2085 1641 2139 oppido

128 2146 343 2198 Nazareti,
377 2148 438 2202 qui
468 2148 578 2187 hodie
609 2161 725 2201 pagus
754 2154 834 2197 est,
865 2148 904 2187 in
930 2149 1087 2188 aedibus
1113 2147 1266 2203 Iosephi
1299 2150 1415 2190 fuerit
1439 2151 1637 2202 educatus,

130 2224 373 2269 posteaquam
394 2214 607 2255 Bethleemi
630 2215 676 2254 de
699 2214 846 2268 virgine
867 2213 993 2256 Maria
1015 2217 1222 2256 secundum
1249 2230 1403 2256 earnem
1428 2224 1538 2258 natus
1563 2226 1636 2269 est,

127 2296 226 2336 quae
250 2283 398 2337 quidem
427 2281 588 2337 losepho
613 2283 802 2336 desponsa
829 2284 972 2332 suerat,
1006 2283 1069 2336 qui
1089 2282 1280 2323 Nazareti
1309 2290 1396 2323 tunc
1428 2284 1636 2337 habitabat,

127 2365 215 2390 cum
247 2351 381 2390 relicto
412 2348 636 2390 Bethleemo
666 2350 703 2389 in
732 2348 903 2390 Galilaea
933 2351 1161 2390 domicilium
1194 2351 1436 2392 collocasset.

243 2416 354 2470 Quod
381 2432 472 2458 vero
499 2418 545 2457 ad
569 2416 784 2456 haereticos
809 2417 894 2457 illos
928 2418 1085 2466 attinet,
1120 2419 1165 2457 de
1189 2418 1323 2471 quibus
1350 2420 1461 2458 modo
1491 2434 1638 2460 sermo·
1664 2431 1828 2475 Cap.V11.

130 2499 216 2525 nem
249 2486 503 2536 instituimus,
537 2485 679 2524 omisso
705 2482 793 2524 lesu
821 2485 996 2535 nomine,
1030 2499 1153 2539 neque
1183 2484 1356 2525 lessaeos
1389 2487 1539 2541 seipsos
1569 2502 1638 2528 vo-

126 2560 237 2603 cant,
270 2566 392 2607 neque
418 2551 644 2592 ludaeorum
677 2551 900 2593 vocabulum
927 2553 1117 2602 retinent,
1152 2566 1274 2606 neque
1304 2566 1345 2593 sc
1375 2551 1634 2606 Christianos,

128 2620 196 2660 sed
219 2619 451 2661 Nazarenos
473 2621 518 2659 de
539 2619 602 2659 illa
624 2619 695 2658 loci
719 2620 967 2674 appellatione
993 2627 1225 2674 nuncupant,
1259 2634 1341 2660 cum
1364 2620 1515 2661 interim
1540 2623 1634 2662 meri

129 2687 203 2740 ipsi
226 2686 380 2738 Iudaei,
421 2701 542 2741 neque
576 2687 674 2727 aliud
708 2693 907 2741 praeterea
931 2688 1028 2727 sint.
1087 2686 1213 2727 Porro
1251 2702 1325 2727 non
1359 2688 1480 2728 solum
1515 2703 1631 2740 novo,

947 2822 967 2831 ι-

173 2819 203 2853 4.
227 2818 325 2864 ηῧρον
348 2825 414 2854 cod.
439 2825 535 2854 Vener.
954 2835 977 2855 ι.
1002 2822 1076 2863 καὶ,
1110 2824 1189 2862 quod
1218 2824 1298 2854 abest
1329 2833 1347 2853 α
1376 2825 1461 2854 libris
1491 2826 1632 2865 vulgatis,

173 2866 204 2897 5.
226 2867 427 2909 πεποιηκότα
451 2869 516 2899 cod.
541 2869 638 2899 Venel.
901 2870 1014 2900 inserui
1037 2870 1072 2900 de
1097 2870 1273 2899 auctoritate
1296 2869 1360 2899 cod.
1383 2870 1477 2900 Vutic.

171 2908 204 2941 6·
226 2909 379 2955 ὁμολόγει
402 2915 467 2945 cod.
492 2915 587 2944 t'enet.
