2034 3267
198 1178 264 1207 pag.
285 1170 327 1196 96.

182 2382 270 2425 Κεφ.
289 2378 341 2415 ιδ’.

345 204 421 243 192
891 203 1049 235 εΑΝοΤι
1075 202 1297 235 EPIPHANH

341 307 402 330 ται
422 284 525 328 κάτω
537 317 547 335 ,
588 284 661 330 ἕως
684 279 733 322 ἂν
753 278 802 321 τά
823 281 905 321 ἰ’δια
935 279 1049 320 τέκνα
1071 280 1226 335 δυνηθῇ
1258 276 1463 331 ἀναλαβεῖν
1483 282 1549 322 καὶ
1568 278 1772 323 ἀνελκύσαι
1801 281 1856 329 εἷς

341 352 493 406 ἑαυτήν.
552 350 632 390 Καὶ
667 346 787 389 ταῦτά
822 349 899 389 ἐστι
929 346 976 388 τά
1010 345 1164 400 ληρώδη
1199 343 1328 386 αὐτῶν
1363 347 1430 387 καὶ
1460 347 1639 401 μυθώδη.
1694 346 1761 396 Ὡς
1790 348 1856 389 καὶ

340 422 429 475 περὶ
447 422 518 459 τοῦ
541 414 653 471 ἇγίου
674 414 782 456 Ἠλία
802 419 967 467 τολμῶσι
985 416 1227 467 βλασφημεῖν
1250 413 1316 454 καὶ
1335 413 1474 467 λέγειν,
1506 413 1565 456 ὅτι
1587 415 1728 468 φησὶν,
1762 413 1857 455 1’Ότε

341 485 567 538 ἀνελήφθη,
597 481 820 536 κατεβλήθη
847 480 962 523 πάλιν
994 482 1049 529 εἰς
1070 479 1138 522 τὸν
1160 479 1318 533 κόσμον.
1369 476 1492 521 ῗΗλθε
1515 480 1609 536 γάρ,
1640 484 1758 535 φησὶ,
1790 485 1857 535 μία

339 556 509 606 δαίμων,
540 552 606 592 καὶ
626 549 829 605 ἐκράτησε,
859 550 925 590 καὶ
957 546 1062 589 εἶπεν
1092 546 1195 605 αὐτῷ
1227 547 1309 599 ὅτι,
1349 551 1441 588 Ποῦ
1467 548 1639 606 πορεύῃς
1681 551 1752 602 ἔχω
1783 548 1857 604 γαρ

341 622 455 662 τέκνα
480 617 557 660 ἀπὸ
583 622 679 668 σοῦ,
717 618 784 659 καὶ
815 615 860 658 οὗ
889 615 1054 657 δύνασαι
1079 613 1254 657 ἀνελθεῖν
1287 615 1353 656 καὶ
1380 609 1456 655 ὦδε
1484 613 1641 667 ἀφεῖναι
1668 615 1715 657 τοὶ
1744 617 1860 658 τέκνα

342 703 425 730 σου.
484 687 585 737 Καὶ,
615 686 733 738 φησὶ,
763 685 880 739 λέγει,
915 682 1053 725 Πόθεν
1075 684 1170 736 ἔχεις
1191 683 1306 724 τέκνα
1329 679 1393 723 ἀπ’
1415 683 1531 734 ἐμοῦ,
1561 683 1628 723 καὶ
1658 682 1730 738 ἐγώ
1755 683 1860 737 ἥμην

342 757 384 797 ἐν
408 753 559 811 ἁγνείᾳ,-
605 754 741 807 Λέγει,
772 753 892 805 φησὶ,
933 752 1036 802 Ναὶ,
1067 749 1130 792 ὅτε
1158 752 1353 798 ἐνυπνίοις
1379 749 1700 802 ἐνυπνιαζόμενος
1722 750 1859 792 πολλά-

342 840 404 871 κις
426 824 466 864 ἐν
493 827 540 879 τῇ
572 819 764 876 ἀπορροίᾳ
785 823 863 860 τῶν
896 817 1153 873 1σπερμάτων
1179 816 1399 870 ἐκενώθης,
1431 815 1503 871 ἐγώ
1528 815 1633 870 ἥμην
1657 815 1683 870 ἦ
1705 823 1860 870 μεταλα-

343 893 470 944 βοῦσα
494 887 571 930 ἀπὸ
600 893 671 930 σοῦ
703 886 750 928 τά
775 887 976 941 σπέρματα
1000 886 1068 927 καὶ
1091 884 1260 940 γεννῶσά
1288 899 1347 926 σοι
1370 883 1495 933 υἷούς.
1556 883 1688 938 Πολλῆ
1715 885 1755 926 δὲ
1786 902 1863 938 μω-

344 961 408 1011 ρία
433 962 508 999 τῶν
541 954 588 997 τά
610 960 770 998 τοιαῦτα
789 953 988 1009 λεγόντων.
1050 957 1146 1001 Πῶς
1172 951 1243 1008 γάρ
1274 951 1434 993 δύναται
1460 954 1611 1005 δαίμων
1634 957 1786 1005 πνεῦμα
1818 951 1864 993 ὂν

345 1023 576 1079 ἀκάθαρτον
596 1024 663 1065 καὶ
694 1021 900 1075 ἀσώματον
929 1019 1150 1073 2σωμάτων
1173 1018 1490 1073 μεταλαμβάνεινς
1533 1021 1589 1059 Εἰ
1617 1019 1658 1060 δὲ
1688 1020 1755 1060 καὶ
1785 1017 1863 1061 ἀπό

345 1091 535 1145 σωμάτων
561 1089 841 1144 μεταλαμβάνει
868 1090 934 1131 καὶ
965 1091 1134 1138 κυίσκει,
1166 1086 1294 1129 οὐκέτι
1316 1088 1393 1128 ἐστὶ
1410 1090 1582 1138 πνεῦμα,
1611 1085 1704 1127 ἀλλά
1734 1091 1862 1140 σῶμα·

347 1165 458 1213 σῶμα
479 1159 519 1200 δὲ
541 1157 607 1209 ὂν,
645 1163 731 1206 πῶς
761 1159 863 1199 ἐστιν
890 1155 1057 1211 ἀόρατον
1076 1156 1142 1196 καὶ
1165 1159 1337 1206 πνεῦμας
1381 1155 1459 1195 Καὶ
1485 1152 1604 1206 πολλῆ
1626 1152 1766 1195 ἀτοπία
1797 1159 1867 1207 τῆς

348 1226 477 1269 αὐτῶν
498 1228 746 1280 μωρολογίας.
795 1223 1009 1265 Βούλονται
1027 1222 1099 1277 γάρ
1122 1221 1194 1274 τῆν
1212 1220 1294 1262 κατ’
1312 1219 1440 1261 αὐτῶν
1463 1224 1675 1275 μαρτυρίαν
1696 1221 1766 1274 τὴν
1786 1220 1865 1263 ἀπό

346 1300 415 1348 τῆς
436 1296 638 1345 ἐπιστολῆς
659 1296 728 1333 τοῦ
757 1290 877 1332 Ιούδα
902 1295 1042 1342 μᾶλλον
1070 1291 1124 1337 εἰς
1149 1286 1313 1336 ἑαυτούς
1334 1290 1456 1340 δῆθεν
1477 1287 1710 1342 ἐπάγεσθαι,
1741 1290 1781 1330 ἐν
1809 1294 1865 1346 τῷ

348 1363 486 1417 λέγειν,
532 1361 611 1400 Καὶ
646 1361 687 1400 οἱ
713 1358 780 1411 μὲν
809 1355 1123 1409 ἐνυπνιαζόμενοι
1155 1353 1281 1409 σάρκα
1315 1354 1382 1407 μὲν
1410 1358 1628 1407 μιαίνουσι,
1657 1356 1868 1412 κυριότητα

350 1430 391 1471 δὲ
411 1427 612 1478 ἀθετοῦσι,
643 1424 760 1475 δόξας
779 1425 820 1466 δὲ
845 1430 860 1454 ³
876 1427 1157 1477 βλασφημοῦσι.
1221 1420 1303 1463 Οὔκ
1335 1419 1416 1463 εἷπε
1442 1423 1482 1464 δὲ
1514 1420 1536 1464 ὁ
1558 1422 1746 1478 μακάριος
1773 1422 1865 1465 Ἰού-

350 1499 421 1545 δας
456 1493 623 1546 ἀδελφός
654 1498 723 1534 τοῦ
755 1494 895 1547 κυρίου
925 1493 1013 1546 περὶ
1046 1490 1380 1542 ἐνυπνιαζομένων
1412 1490 1454 1531 ἐν
1482 1489 1666 1542 σώμασιν.
1724 1489 1870 1540 Εύθῦς

350 1563 423 1619 γάρ
446 1563 620 1616 ἐπιφέρει
649 1562 716 1602 καὶ
738 1558 903 1601 δεικνύει
927 1558 985 1600 ὅτι
1014 1559 1103 1613 περὶ
1131 1562 1208 1599 τῶν
1231 1558 1560 1610 ἐνυπνιαζομένων
1581 1558 1678 1612 λε’γει
1698 1562 1778 1599 τῶν
1805 1563 1869 1600 λα-

350 1630 524 1673 λούντων
547 1627 600 1678 ὦς
622 1626 670 1670 δι’
694 1626 902 1683 ὀνειράτων
930 1625 978 1668 τά
998 1624 1126 1667 αὐτῶν
1149 1624 1321 1679 ῥήματα,
1360 1625 1426 1666 καὶ
1448 1622 1521 1666 οὐκ
1551 1623 1746 1678 ἀνανήψει
1778 1643 1870 1681 γρη-

351 1697 547 1754 γορήσεως
573 1701 776 1751 λογισμῶν.
837 1695 916 1736 Καὶ
940 1692 1012 1749 γάρ
1034 1695 1099 1735 καὶ
1123 1694 1210 1747 περὶ
1237 1697 1314 1734 τῶν
1345 1693 1384 1734 ἐν
1410 1689 1660 1746 Ἰερουσαλὴμ
1687 1692 1870 1735 διδασκά-

353 1772 428 1807 λων
448 1766 546 1820 λέγει
567 1762 742 1816 Ἡσαΐας,
775 1761 927 1810 Πάντες
946 1761 1059 1810 κύνες
1083 1762 1239 1803 4ἐννεοὶ
1262 1758 1309 1802 οῦ
1335 1757 1541 1812 δυνάμενοι
1561 1757 1756 1811 ὑλακτεῖν,
1787 1762 1871 1803 ἐνυ-

354 1831 600 1885 πνιαζόμενοι
622 1834 774 1883 κοίτην,
804 1831 871 1871 καὶ
901 1827 949 1870 τά
979 1830 1076 1882 ἑξῆς.
1137 1829 1218 1870 Καὶ
1241 1822 1316 1869 οἶδε
1346 1827 1387 1869 δὲ
1411 1827 1452 1869 ἐν
1477 1831 1524 1885 τῇ
1547 1831 1616 1869 τοῦ
1643 1825 1770 1869 Ἰούδα
1792 1829 1873 1870 ἐπι-

356 1905 469 1958 στολῇ
490 1903 655 1941 δείκνυσι
680 1899 820 1953 λέγων,
849 1895 1188 1949 Ἑνυπνιαζόμενοι
1209 1898 1353 1948 κοίτην,
1384 1894 1408 1935 ἃ
1431 1892 1502 1936 οὐκ
1526 1897 1655 1936 οἴδασι
1679 1896 1870 1949 λέγοντες·

356 1969 423 2010 καὶ
441 1970 579 2017 ἔδειξεν
609 1966 668 2008 ὅτι
696 1964 742 2007 οὐ
774 1966 864 2020 περὶ
889 1970 957 2018 τῆς
986 1963 1247 2011 ἐνυπνιάσεως
1275 1964 1371 2017 λέγει
1391 1966 1461 2003 τοῦ
1480 1960 1631 2013 ὕπνου,
1659 1961 1754 2003 ’ἀλλά
1785 1965 1874 2017 περὶ

357 2041 427 2089 τῆς
447 2033 661 2088 μυθώδους
692 2032 819 2075 αὐτῶν
850 2035 1064 2090 τραγῳδίας
1093 2033 1159 2073 καὶ
1181 2032 1424 2086 ληρολογίας,
1455 2027 1507 2079 ὦς
1527 2028 1590 2071 διά
1611 2030 1741 2071 ὕπνου
1770 2035 1872 2085 λεγο·

359 2105 498 2157 μένης,
527 2103 594 2144 καὶ
623 2099 697 2144 οὐκ
726 2099 804 2143 ἀπὸ
836 2101 1054 2156 ἐρρωμένης
1083 2101 1268 2148 διανοίας.

476 2378 685 2426 Περικακῶ
715 2373 757 2414 δὲ
790 2370 843 2420 ὥς
865 2370 1024 2424 ἀληθῶς
1043 2369 1090 2411 τοὶ
1111 2369 1237 2412 πάντα
1261 2371 1434 2419 ἐξειπεῖν.
1495 2371 1595 2409 Θεοῦ
1614 2365 1686 2422 γάρ
1710 2368 1785 2409 ἐστι
1806 2367 1874 2420 μό-

361 2458 433 2483 νου
462 2439 687 2483 ἀποκλεῖσαι
708 2440 775 2482 *cdv
797 2437 927 2493 βυθὸν
948 2443 1016 2491 τῆς
1039 2441 1246 2491 δυςοδμίας
1276 2436 1428 2491 ταύτης.
1487 2437 1566 2476 Καὶ
1594 2434 1876 2489 παρελεύσομαι

363 2511 406 2551 ἐκ
431 2513 501 2550 τοῦ
523 2508 668 2560 τόπου,
708 2506 913 2561 εὐξάμενος
944 2510 997 2563 τῷ
1026 2510 1260 2560 παμβασιλεῖ
1275 2510 1378 2562 θεῷ,
1409 2505 1553 2559 μηδένα
1574 2504 1627 2552 εἰς
1645 2501 1712 2544 τᾶν
1735 2501 1876 2556 βόρβο-

365 2593 434 2630 ρον
453 2578 788 2632 ἐγκαταπαγῆναι,
827 2574 921 2628 μηδὲ
943 2575 1113 2626 ἐμαυτοῦ
1142 2572 1211 2626 τήν
1242 2575 1395 2615 ἔννοιαν
1419 2573 1638 2625 μεταλαβεῖν
1665 2574 1734 2622 τῆς
1756 2569 1877 2618 δυςώ-

366 2646 459 2693 δους
473 2643 728 2699 ἀκαθαρσίας.
756 2647 922 2698 Πρῶτον
942 2642 1010 2695 μὲν
1027 2640 1098 2696 γάρ
1122 2639 1144 2682 ὁ
1160 2640 1372 2690 ἀπόστολος
1387 2644 1544 2687 Παῦλος
1559 2636 1735 2680 ἐκκόπτει
1750 2635 1878 2679 αὐτῶν

367 2715 496 2752 πᾶσαν
519 2714 624 2766 ῥίζαν
648 2717 718 2765 τῆς
736 2714 892 2762 κακίας,
932 2711 1019 2764 περὶ
1042 2713 1170 2763 χηρῶν
1196 2709 1391 2763 νεωτέρων
1409 2706 1694 2762 παραγγέλλων,
1729 2703 1877 2758 Χήρας,

367 2779 507 2831 φησὶν,
538 2780 725 2835 νεωτέρας
747 2782 955 2834 παραιτοῦ·
987 2775 1078 2830 μετά
1102 2776 1174 2831 γάρ
1201 2775 1244 2818 τὸ
1268 2778 1589 2830 καταστρηνιᾶσαι
1610 2776 1680 2814 τοῦ
1706 2776 1877 2827 Χριστοῦ

414 2903 489 2935 CAP.
504 2904 599 2935 XIII.
631 2922 674 2928 —
710 2905 737 2936 1.
764 2901 958 2946 σπερμάτων
981 2905 1102 2943 reposui
1191 2902 1222 2934 2.
1247 2904 1308 2934 Pro
1323 2899 1484 2944 σωμάτων
1504 2901 1630 2939 fortasse
1649 2901 1691 2928 est
1709 2896 1879 2939 σπέρματα

364 2959 422 2989 pro
456 2945 638 2991 σωμάτων,
681 2950 762 2989 quod
795 2959 896 2981 omnes
931 2950 1000 2979 libri
1030 2950 1101 2979 reti·
1146 2949 1380 2979 rescribendum.

367 2997 445 3026 nent.
1190 2992 1221 3025 3.
1247 2990 1498 3035 βλασφημοῦσιν
1520 2989 1586 3020 cod.
1607 2989 1702 3020 Vatic.
1725 2988 1880 3031 βλασφη-
