2034 3267
225 839 312 881 Κεφ.
339 833 376 874 ς’-

259 1063 312 1089 pag
343 1053 381 1079 ἐξ.

241 1981 324 2023 Κεφ.
351 1977 388 2019 ζ’.

400 211 476 250 178
957 212 1114 243 ὃΑΝΟΤΙ
1138 213 1356 245 EPIPHANH

400 293 452 343 ὥς
474 293 538 334 διά
559 296 626 343 τῆς
646 288 828 341 τοιαύτης
847 290 1026 343 ἐργασίας
1046 285 1233 342 εὑρίσκειν
1253 286 1352 341 πρὸς
1371 288 1469 331 θεόν
1489 291 1559 344 τήν
1580 295 1811 346 παρρησίαν.
1861 292 1917 332 Τὰ

401 362 558 414 σώματα
578 359 619 399 δὲ
639 355 768 398 αὐτῶν
786 355 940 409 νύκτωρ
961 372 1000 396 τε
1020 357 1087 396 καὶ
1105 354 1192 407 μεθ’
1213 353 1361 409 ἡμέραν
1378 363 1579 408 τημελοῦσι
1596 358 1830 414 γυναικάρια
1850 360 1917 400 καὶ

401 425 681 480 ἀνθρωπάρια,
724 422 989 479 μυριζόμενοι,
1028 422 1252 475 λουόμενοι,
1292 422 1586 475 θοιναζόμενοι,
1624 429 1770 475 κοίταις
1791 443 1830 467 τε
1851 426 1920 466 καὶ

401 497 542 549 μέθαις
561 492 814 547 σχολάζοντες.
875 492 953 531 Καὶ
975 495 1218 544 καταρῶνται
1237 489 1304 532 τόν
1321 489 1570 543 νηστεύοντα,
1600 495 1772 548 λέγοντες
1793 491 1840 534 οὗ
1862 495 1923 533 δεῖ

400 561 612 616 νηστεύειν·
649 565 728 602 Τοῦ
753 558 1048 614 γάρ”Λρχοντος
1069 557 1209 599 τούτου
1231 562 1301 598 τοῦ
1324 557 1560 611 ποιήσαντος
1581 559 1650 601 τὸν
1671 559 1793 602 αἶῶνά
1818 561 1920 601 ἐστιν

400 629 427 684 ἡ
446 633 620 683 νηστεία,
649 631 709 669 δεῖ
726 628 766 669 δὲ
786 627 1000 681 τρέφεσθαι
1019 627 1073 673 εἰς
1092 623 1134 666 τό
1156 624 1203 666 τά
1225 624 1383 678 σώματα
1405 623 1502 666 εἶναι
1525 626 1678 681 ἰσχυρά,
1708 630 1763 677 εἰς
1784 626 1827 669 τό
1852 625 1917 668 δύ-

400 704 548 740 νασθαι
574 695 643 738 τόν
672 694 825 750 καρπὸν
854 691 1089 735 ἀποδιδόναι
1117 691 1214 734 κατά
1242 691 1378 747 καιρόν
1407 691 1541 734 αὐτοῦ.

517 837 698 887 Χρῶνται
727 831 769 871 δὲ
796 830 863 871 καὶ
892 833 1037 885 παλαιᾷ
1065 829 1130 869 καὶ
1159 832 1275 885 καινῇ
1304 827 1490 885 διαθήκῃ.
1546 826 1851 883 Ἀπαγορεύουσι
1880 828 1921 869 δὲ

400 900 468 944 τὸν
489 899 701 953 λαλήσαντα
731 899 771 939 ἐν
795 902 842 954 τῇ
866 901 1012 952 παλαιᾷ
1037 894 1222 952 διαθήκῃ.
1282 897 1362 936 Καὶ
1385 894 1479 936 ὅταν
1505 895 1573 947 μὲν
1596 898 1700 948 ῥῆμα
1725 894 1864 950 εῦρωσί
1886 914 1921 937 τι

401 967 483 1011 κατ’
505 966 631 1009 αὐτῶν
654 965 868 1018 δυνάμενον
891 966 989 1017 ἔχειν
1008 962 1076 1005 τὸν
1094 967 1210 1013 νοῦν,
1251 964 1371 1014 φασὶν
1393 962 1451 1004 ὅτι
1476 968 1588 1004 τοῦτο
1614 962 1692 1004 άπὸ
1718 967 1789 1004 τοῦ
1808 962 1921 1003 πνεύ·

403 1053 523 1090 ματος
551 1038 621 1076 τοῦ
648 1036 838 1085 κοσμικοῦ
864 1030 1070 1083 λελάληται.
1125 1028 1218 1071 Ἐάν
1248 1031 1290 1071 δέ
1317 1048 1375 1078 τις
1405 1032 1458 1078 εἰς
1483 1028 1668 1082 ὁμοίωσιν
1697 1035 1766 1082 τῆς
1795 1028 1923 1071 αὐτῶν

403 1105 617 1155 ἐπιθυμίας
640 1102 831 1152 δυνηθείη
855 1101 1150 1151 σχηματίζεσθαι
1170 1096 1303 1152 λόγος,
1345 1096 1414 1150 οὐχ
1436 1097 1489 1145 ὥς
1513 1099 1589 1139 ἐστι
1610 1096 1652 1139 τό
1678 1100 1805 1152 ῥῆμα,
1847 1095 1922 1138 ἄλλ’

405 1169 458 1220 οἷς
487 1172 562 1223 ἔχει
590 1166 611 1210 ὅ
641 1166 767 1208 αὐτῶν
790 1170 885 1213 νοῦς
909 1164 931 1206 ό
950 1164 1214 1218 ήπατημένος,
1255 1169 1392 1205 τοῦτον
1416 1165 1758 1217 μετασκευάζοντες
1780 1166 1833 1213 εἰς
1853 1163 1924 1217 τὴν

404 1240 552 1279 ἑαυτῶν
577 1237 791 1286 ἐπιθυμίαν
816 1232 1036 1284 φάσκουσιν
1065 1233 1107 1272 ἐκ
1136 1236 1206 1271 τοῦ
1232 1229 1450 1282 πνεύματος
1475 1236 1543 1284 τῆς
1569 1230 1753 1284 ἀληθείας
1775 1236 1922 1284 λελαλῆ-

406 1312 512 1346 σθαι.
572 1303 673 1351 Καὶ,
710 1298 833 1341 Τοῦτό
862 1301 958 1348 ἐστι,
989 1299 1129 1348 φασὶν,
1161 1296 1183 1338 ὃ
1206 1295 1310 1337 εἶπεν
1333 1295 1356 1338 ὁ
1376 1296 1512 1351 κύριος
1533 1300 1622 1352 περὶ
1641 1297 1844 1350 Ἰωάννου,
1882 1303 1927 1340 Τί

407 1372 583 1424 ἐξήλθετε
613 1370 667 1416 εἰς
694 1366 763 1419 τὴν
792 1367 937 1420 ἔρημον
965 1363 1210 1413 θεάσασθαι,
1251 1362 1426 1416 κάλαμον
1455 1362 1533 1406 ὖπὸ
1556 1364 1701 1419 άνέμου
1724 1365 1927 1419 σαλευόμε-

406 1456 494 1487 νον,
534 1436 592 1478 ὅτι
616 1434 688 1476 οὐκ
712 1429 782 1487 ἦν,
822 1434 941 1484 φασὶ,
979 1432 1121 1480 τέλειος
1144 1429 1166 1473 ὁ
1187 1429 1385 1483 Ἰωάννης·
1426 1433 1621 1474 ἐνεπνέετο
1644 1432 1715 1488 γάρ
1736 1432 1813 1475 ino*
1837 1439 1926 1475 πολ-

405 1511 483 1547 λῶν
507 1501 737 1556 πνευμάτων
760 1499 858 1542 κατά
883 1499 1058 1553 κάλαμον
1083 1498 1149 1540 τόν
1174 1500 1236 1541 ἐπὶ
1261 1497 1408 1555 ἑκάστῳ
1431 1497 1558 1555 άνέμῳ
1583 1500 1830 1553 κινούμενον,
1861 1504 1928 1542 καὶ

1040 1566 1088 1580 mu

407 1573 470 1616 ὅτε
494 1572 562 1625 μὲν
582 1570 716 1625 ἤρχετο
742 1567 784 1610 τό
812 1571 963 1621 πνεῦμα
989 1585 1059 1608 του
1084 1573 1299 1621 Αρχοντος,
1335 1563 1577 1618 Ἰουδαϊσμὸν
1602 1566 1826 1622 ἐκήρυττεν,
1866 1568 1928 1610 ὅτε

409 1642 451 1683 δὲ
471 1638 514 1682 vd
542 1643 704 1690 Πνεῦμα
726 1635 770 1678 τό
793 1635 926 1691 ἅγιον,
953 1636 1042 1688 περὶ
1067 1637 1240 1688 Χριστοῦ
1262 1632 1398 1675 ἐλάλει·
1439 1635 1505 1675 καὶ
1527 1634 1643 1676 τοῦτό
1665 1637 1763 1686 ἐστι,
1793 1637 1928 1688 φασὶν,

410 1708 490 1759 ὅτι,
525 1704 569 1748 Ὁ
594 1703 818 1759 μικρότερος
843 1704 884 1744 ἐν
906 1706 953 1759 τῇ
976 1704 1148 1758 βασιλείᾳ
1173 1706 1250 1742 τῶν
1274 1699 1468 1756 οὐρανῶν,
1508 1703 1597 1755 περὶ
1622 1700 1754 1755 ἡμῶν,
1793 1705 1929 1755 φασὶν,

410 1774 535 1827 εἶπεν,
565 1772 625 1815 ὅτι
655 1770 675 1813 ὁ
705 1773 746 1813 ἐν
774 1768 868 1824 ἡμῖν
897 1768 1121 1825 μικρότερος
1149 1772 1286 1822 μείζων
1315 1766 1436 1810 αὐτοῦ
1464 1766 1638 1823 ὑπάρχει.

528 1977 607 2017 Καὶ
640 1972 763 2022 εῦθῦς
793 1974 1097 2024 ἐπιστομίζονται
1129 1974 1170 2013 οἷ
1195 1974 1364 2013 τοιοῦτοι
1393 1969 1458 2013 ἀπ’
1487 1969 1605 2024 αὐτῆς
1634 1975 1702 2024 τῆς
1733 1971 1930 2026 ἀληθείας.

410 2043 477 2087 Ἐκ
499 2043 571 2099 γάρ
594 2047 670 2084 τῶν
690 2040 996 2095 συνεζευγμένων
1017 2039 1156 2096 ἑκάστῃ
1178 2040 1271 2089 λέξει
1295 2037 1523 2090 άναφανδόν
1547 2037 1572 2092 ἡ
1594 2037 1756 2092 άλήθεια
1777 2041 1931 2094 δειχθή-

415 2127 540 2162 σεται,
581 2111 648 2152 καὶ
679 2108 721 2151 τὸ
755 2109 934 2162 ἐχέγγυον
965 2111 1034 2159 τῆς
1063 2106 1242 2161 φράσεως
1271 2105 1567 2159 ἀποδοθήσεται.
1626 2109 1682 2148 Εἰ
1709 2108 1778 2160 μὲν
1806 2107 1879 2163 γάρ
1910 2106 1933 2150 ὁ

412 2178 594 2231 Ἰωάννης
619 2175 769 2231 μαλακά
795 2174 998 2228 ἠμφίεστο,
1028 2175 1093 2215 καὶ
1120 2175 1160 2215 ἐν
1181 2177 1305 2222 οἴκοις
1327 2174 1514 2227 βασιλέων
1535 2172 1725 2227 ὑπῆρχεν,
1755 2173 1860 2229 ὀρθὴ
1884 2174 1932 2217 ἂν

416 2246 517 2302 πρὸς
540 2244 657 2287 αὐτὸν
686 2242 713 2296 ἦ
733 2245 830 2293 λέξις
858 2243 926 2283 καὶ
950 2240 1085 2283 εὐθεῖα
1115 2240 1213 2296 πρὸς
1234 2243 1381 2296 ἔλεγχον
1409 2245 1478 2282 τοῦ
1501 2239 1620 2282 αὐτοῦ
1641 2240 1821 2295 ὑπῆρχεν.
1880 2245 1936 2284 Εἰ

419 2316 480 2365 δὲ,
527 2317 571 2355 Τί
594 2312 769 2365 ἐξήλθετε
800 2313 912 2360 ἰδεῖν,
953 2307 1168 2363 ἄνθρωπον
1192 2310 1231 2350 ἐν
1254 2315 1438 2362 μαλακοῖς
1461 2310 1626 2361 ἱματίοις
1648 2307 1931 2362 ἠμφιεσμένους

418 2383 485 2423 καὶ
514 2380 584 2434 οὐχ
605 2379 727 2428 οὕτως
754 2377 869 2432 εἶχεν,
900 2375 1028 2419 οὐκέτι
1052 2375 1093 2417 τό
1118 2378 1288 2431 ἔγκλημα
1311 2378 1373 2418 ἐπὶ
1397 2375 1464 2418 τόν
1487 2374 1534 2417 οὗ
1559 2375 1709 2428 μαλακοὶ
1734 2382 1932 2429 φοροῦντα

416 2447 597 2500 Ἰωάννην
628 2451 698 2489 τοῦ
728 2445 844 2500 λόγου
879 2445 1118 2493 ἐπενεκτέον,
1163 2442 1255 2485 άλλά
1286 2445 1350 2486 ἐπὶ
1381 2442 1473 2492 τούς
1503 2442 1625 2491 οὕτως
1658 2441 1835 2497 εὑρήσειν
1865 2444 1933 2486 τόν

417 2514 599 2567 Ἰωάννην
619 2517 873 2567 νομίσαντας,
915 2512 980 2552 καὶ
1000 2509 1076 2552 find
1100 2515 1175 2552 τῶν
1197 2513 1310 2552 ἔνδον
1333 2513 1373 2553 ἐν
1400 2513 1522 2558 οἴκοις
1544 2511 1730 2563 βασιλέων
1751 2511 1934 2560 πολλάκις

420 2582 518 2625 κατά
540 2580 746 2635 ὑπόκρισιν
767 2579 1104 2631 κολακευομένους.
1160 2576 1356 2631 Ἐνόμιζον
1380 2577 1453 2633 γάρ
1475 2573 1585 2620 οὗτοι
1607 2577 1845 2631 ἐξερχόμενοι
1867 2580 1934 2620 καὶ

422 2649 527 2705 παρά
544 2648 724 2691 Ἰωάννου
743 2650 925 2695 ἐπαίνους
941 2644 1140 2700 εὑρίσκειν,
1171 2647 1237 2686 καὶ
1256 2644 1520 2700 μακαρισμοὺς
1537 2646 1601 2686 ἐπὶ
1618 2650 1699 2693 τοῖς
1718 2643 1784 2686 ὑπ’
1805 2644 1934 2687 αὐτῶν

421 2716 515 2758 καθ’
544 2716 708 2769 ἑκάστην
736 2714 883 2769 ἡμέραν
911 2713 1124 2768 γινομένοις
1151 2711 1470 2766 παραπτώμασιν.
1535 2710 1601 2760 Ὡς
1629 2712 1669 2752 δὲ
1699 2711 1766 2765 οὐχ
1795 2708 1932 2768 ηὗρον,

422 2783 708 2839 άνατρεπτικῶς
737 2781 844 2838 παρά
872 2785 943 2823 τοῦ
966 2784 1138 2834 σωτῆρος
1161 2779 1260 2835 πρὸς
1282 2778 1424 2829 αὐτους
1445 2782 1591 2833 εἴρηται
1613 2778 1692 2829 ὅτι,
1742 2783 1786 2820 Τί
1809 2782 1932 2833 ἐνομί-

422 2855 499 2902 ζετε
522 2849 727 2906 εὑρίσκειν,
766 2845 1146 2904 συμπεριφερόμενον
1177 2853 1261 2897 τοῖς
1282 2846 1395 2901 ὑμῶν
1418 2846 1584 2889 πάθεσιν
1607 2844 1838 2901 ἄνθρωπον,
1879 2845 1932 2896 ὥς
