2034 3267
484 166 656 197 PANARH
683 166 763 196 ΗΒ.
786 167 808 197 l.
833 166 937 198 TOM.
960 167 998 197 ll.
1025 166 1151 196 HAER.
1176 167 1308 197 XXXl.
1564 159 1643 197 349

136 253 175 286 ut
200 253 237 286 et
262 243 510 286 Conditorem
536 245 657 299 ipsum
680 245 871 299 Angelum
892 245 950 284 dei
972 245 1131 284 similem
1156 245 1317 296 l'aciunt3
1354 258 1397 285 ac
1417 243 1642 285 Paradisum

135 326 282 367 quoque
313 312 373 366 qui
407 326 519 366 supra
548 312 698 352 tertium
723 312 869 352 coelum
898 312 1063 362 eminet,
1109 319 1280 365 quartum
1308 312 1344 352 vi
1373 313 1530 366 quadam
1558 327 1646 354 esse

135 381 281 420 eoelum
305 379 507 430 definiunt,
541 380 586 420 ab
612 394 733 434 eoque
760 379 931 420 nonnihil
958 380 1170 430 Adamum,
1205 395 1288 419 cum
1313 381 1409 434 apud
1436 381 1556 435 ipsum
1582 382 1646 421 de-

135 455 266 502 geret,
310 447 520 502 accepisse.
585 446 764 488 Ceterum
802 448 926 486 omnia
964 446 1035 486 ista
1070 444 1318 487 Conditorem
1350 456 1503 502 putasse
1535 449 1571 489 vi
1604 463 1646 489 se

135 515 286 570 propria
309 529 352 555 ac
377 529 446 555 sua
471 516 699 568 perfecisse,
733 529 817 554 cum
841 513 993 553 interim
1017 514 1230 554 Achamoth
1258 516 1436 556 universa
1462 517 1647 571 produce-

134 591 215 634 ret,
248 583 311 623 ille
339 597 433 623 vero
460 583 512 623 ita
538 583 682 623 coelum
706 581 926 630 moliretur,
962 588 1000 620 ut
1023 581 1169 621 coelum
1193 582 1346 622 omnino
1371 585 1559 635 nesciret,
1592 585 1646 626 ita

137 651 327 692 bominem
352 652 547 700 l'ormaret,
577 657 618 690 nt
636 649 826 689 bominem
848 648 1062 702 ignoraret,
1095 649 1327 703 ignarusque
1350 658 1476 691 terrae
1498 653 1645 693 demum

136 726 276 759 terram
304 718 549 758 nibilominus
575 717 762 766 efficeret,
796 723 908 769 atque
936 715 1006 756 boc
1030 723 1140 770 pacto
1165 716 1202 756 in
1226 718 1326 757 omni
1353 732 1479 759 rerum
1504 734 1646 773 genere

137 801 267 827 eorum
292 800 389 841 quae
416 788 560 825 faceret
583 782 715 832 ldeas,
758 783 952 837 ipsamque
978 784 1072 824 adeo
1096 782 1287 837 Matrem,
1330 786 1481 827 minime
1505 802 1647 842 cogno-

137 855 263 904 visse,
307 869 349 894 se
378 867 470 893 vero
500 866 611 892 unum
640 850 838 905 complecti
865 851 991 891 omnia
1016 865 1240 906 persuasum
1270 853 1463 895 habuisse.
1527 854 1647 896 Cuius

136 922 186 962 illi
221 923 464 976 arrogantiae.
496 933 670 959 caussam
697 932 717 958 a
742 916 870 958 Matre
898 919 1105 972 praebitam
1135 920 1275 971 fuisse,
1322 936 1420 975 quae
1449 923 1518 963 boc
1543 924 1646 964 illum

136 990 247 1030 modo
275 1001 475 1044 procreare
501 986 688 1037 voluerit,
734 993 772 1026 ut
795 987 971 1041 propriae
997 994 1158 1028 naturae
1182 995 1291 1042 caput
1320 1003 1364 1029 ac
1389 990 1565 1046 princeps
1591 999 1648 1032 to-

138 1058 286 1111 tiusque
309 1055 481 1096 dominus
503 1053 630 1108 operis
652 1053 854 1094 existeret.
900 1053 1074 1095 Eandem
1096 1055 1253 1110 insuper
1270 1055 1436 1098 Matrem
1459 1066 1496 1099 et
1519 1057 1649 1113 Ogdo-

137 1125 243 1165 adem
266 1129 424 1173 vocant,
466 1129 504 1162 et
528 1119 787 1176 Sapientiam,
822 1129 859 1162 et
882 1121 1068 1174 Terram,
1102 1130 1140 1163 et
1166 1122 1431 1176 Hierusalem,
1465 1134 1502 1167 et
1526 1125 1648 1182 Spiri-

138 1200 214 1233 tum
238 1199 423 1240 sanctum,
451 1198 484 1230 et
509 1190 718 1230 masculino
738 1203 883 1244 genere
905 1189 1127 1231 Dominum.
1191 1189 1262 1232 Cui
1284 1193 1321 1233 in
1345 1194 1467 1235 media
1490 1196 1649 1249 regione

137 1259 337 1300 stationem
365 1257 598 1307 attribuunt,
643 1265 681 1298 ut
709 1255 920 1299 Conditorc
945 1259 1205 1314 superiorem,
1249 1260 1305 1300 sie
1328 1262 1424 1302 iufra
1451 1263 1512 1305 vel
1539 1272 1648 1305 extra

134 1326 311 1368 Pleroma
341 1327 385 1366 ad
416 1324 552 1366 Mundi
584 1326 695 1366 linem
727 1340 845 1379 usque
877 1327 1138 1367 constitutam.

245 1392 366 1448 Igitur
396 1394 698 1448 quandoquidem
727 1400 898 1434 naturam
935 1394 1035 1434 illam
1076 1409 1173 1449 quae
1198 1394 1365 1437 Materia
1397 1406 1548 1440 constat
1583 1400 1648 1440 tri·
1663 1408 1848 1452 Cap.xxt.

135 1461 218 1516 plici
248 1462 534 1516 perturbatione
562 1461 752 1502 contineri
782 1469 982 1512 asserunt,
1026 1471 1150 1513 metu,
1194 1464 1324 1505 dolore
1356 1480 1400 1506 ac
1427 1468 1564 1508 mentis
1591 1468 1648 1509 in-

133 1529 241 1584 opia,
288 1543 339 1570 ex
364 1537 466 1570 metu
493 1545 536 1570 ac
564 1530 820 1570 conversione
846 1530 1022 1571 animalia
1045 1544 1216 1585 quaeque
1239 1542 1484 1588 componunt.
1544 1535 1648 1576 Nam

135 1611 186 1637 ex
208 1597 464 1638 conversione
488 1595 737 1638 Conditorem
759 1599 950 1651 genitum,
983 1612 1033 1638 ex
1058 1606 1160 1639 metu
1185 1600 1368 1654 reliquam
1394 1617 1543 1643 omnem
1566 1605 1649 1645 ani—

135 1665 269 1705 malem
291 1665 544 1706 substantiam
570 1666 808 1715 existimant,
843 1665 1052 1706 cuiusmodi
1073 1674 1162 1707 sunt
1181 1668 1326 1708 ratione
1350 1671 1559 1712 carentium
1582 1672 1648 1713 be—

133 1731 292 1773 stiarum
318 1740 356 1773 et
380 1734 546 1774 ferarum
573 1741 686 1787 atque
712 1733 904 1773 hominum
929 1734 1095 1775 animae.
1155 1734 1367 1791 Propterea
1393 1752 1475 1778 cum
1501 1740 1546 1780 ad
1572 1741 1649 1795 spi-

134 1800 255 1840 ritalia
283 1801 466 1855 quaedam
495 1801 759 1856 pernoscenda
786 1801 1011 1842 imbecillior
1036 1803 1158 1853 foret,
1205 1804 1326 1844 solum
1354 1819 1396 1845 se
1421 1820 1508 1847 esse
1537 1808 1646 1848 deum

135 1867 380 1920 arbitratum,
414 1883 457 1909 ac
481 1884 549 1924 per
573 1870 775 1924 propbetas
801 1869 970 1910 edixisse
985 1901 995 1919 ‚
1027 1873 1110 1921 Ego
1134 1874 1244 1919 deus,
1271 1881 1425 1924 praeder
1446 1889 1501 1913 me
1523 1878 1648 1916 mellus
1665 1889 1834 1927 Esai.46‚u.

134 1938 230 1975 alius
255 1945 321 1976 est.
375 1936 440 1977 Ex
465 1938 612 1991 reliquo
634 1951 748 1992 porro
771 1937 1097 1990 perturbationum
1117 1953 1260 1993 genere
1284 1941 1494 1995 spiritualia
1516 1944 1648 1998 nequi-

133 2004 208 2044 tiae
234 2012 457 2059 procreata,
500 2006 662 2059 indeque
689 2012 726 2045 et
753 2003 951 2045 Diabolum
979 2013 1181 2058 exortum,
1224 2022 1334 2062 quem
1361 2008 1649 2053 Moderatorem

133 2072 261 2112 mundi
287 2072 452 2123 faciunt,
487 2088 559 2113 una
584 2088 666 2113 cum
693 2071 914 2113 Daemoniis
939 2080 976 2113 et
998 2074 1182 2128 Angelis,
1217 2082 1422 2131 ceteraque
1447 2079 1549 2119 omni
1573 2081 1649 2134 spi—

134 2139 233 2180 ritali
257 2140 448 2194 nequitiae
473 2139 711 2182 Substantia.
759 2139 903 2181 Verum
927 2138 1176 2183 Conditorem
1197 2143 1318 2198 ipsum
1340 2146 1539 2187 animalem
1564 2146 1649 2188 Ma-

136 2208 203 2247 tris
228 2207 340 2248 lilium
364 2222 450 2249 esse
470 2210 613 2258 dicunt,
645 2206 935 2249 Moderatorem
955 2223 1048 2251 vero
1069 2211 1197 2251 mundi
1223 2212 1407 2265 quoddam
1430 2228 1524 2269 opus
1545 2212 1649 2255 Con—

136 2274 284 2316 ditoris.
345 2276 406 2317 Ac
435 2277 560 2317 mundi
593 2290 686 2317 sane
715 2275 922 2317 Rectorem
955 2291 1050 2332 quae
1078 2293 1192 2332 supra
1219 2292 1260 2319 se
1287 2279 1385 2330 sint,
1428 2288 1556 2336 utpote
1585 2296 1650 2322 ne-

135 2342 274 2396 quitiae
298 2344 494 2398 spiritum,
528 2344 766 2398 intelligere,
800 2342 1074 2396 Conditorem,
1116 2347 1214 2400 quod
1240 2347 1412 2388 animalis
1437 2349 1508 2400 sit,
1542 2349 1650 2404 igno-

133 2424 220 2451 rare
245 2411 467 2452 defendunt.
530 2411 704 2465 Quorum
731 2412 843 2452 etiam
870 2411 1037 2454 Matrem
1063 2428 1177 2468 supra
1201 2415 1347 2455 coelum
1374 2415 1544 2457 babitare
1571 2431 1651 2458 me-

134 2477 195 2518 dio
220 2479 380 2532 quodam
403 2480 503 2530 loco,
530 2478 777 2521 Conditorem
796 2494 890 2521 vero
913 2481 950 2521 in
972 2482 1054 2536 ipso
1077 2479 1214 2533 Coelo,
1241 2483 1416 2523 nimirum
1436 2483 1474 2524 in
1497 2483 1650 2526 Hebdo-

135 2545 267 2598 made,
313 2547 442 2587 mundi
467 2546 676 2588 Rectorem
702 2548 864 2601 denique
891 2548 928 2588 in
957 2548 1028 2589 boc
1054 2549 1238 2590 inferiore
1265 2549 1412 2591 Mundo
1439 2559 1650 2607 nostroque

179 2648 209 2680 2.
234 2647 375 2692 ψυχικὸν
398 2650 588 2681 desideratur
606 2651 638 2680 in
658 2650 724 2680 cod.
742 2650 868 2689 Rhediy.
915 2652 1012 2683 edilis.
1061 2654 1206 2684 Petavius
1231 2655 1353 2694 corrigit
1377 2651 1571 2695 ἐπουράνιον.
1616 2657 1651 2687 1η

136 2697 162 2724 et
176 2695 206 2725 in
225 2695 294 2725 edd.
309 2696 403 2726 libris.
436 2696 541 2726 Adieci
561 2695 597 2725 de
613 2696 789 2726 auctoritate
804 2696 868 2726 cod.
915 2697 980 2727 cod.
997 2699 1067 2728 Ven.
1087 2699 1180 2728 verba
1198 2696 1230 2730 ἐν
1249 2697 1293 2741 τῇ
1311 2696 1524 2740 μεσότητι-
1536 2718 1578 2723 —
1594 2696 1651 2733 ὑπ-

138 2739 236 2770 Veneti
259 2742 284 2770 et
310 2741 370 2770 Vel.
393 2741 518 2778 Interpr.
915 2738 1058 2782 ουράνιον
1077 2746 1146 2773 sunt
1167 2745 1289 2774 omissa.
1329 2745 1385 2774 Vet.
1399 2745 1548 2784 Interpres
1565 2748 1652 2777 vertit

180 2783 210 2815 3.
236 2782 374 2827 ψυχικὸν
398 2785 486 2816 codd.
514 2786 608 2816 Vatic.
645 2786 713 2815 Veri.
742 2785 869 2826 Rhedi9.
915 2785 947 2817 in
973 2797 1012 2818 eo
1037 2786 1092 2829 qui
1116 2786 1157 2817 sit
1181 2787 1213 2818 in
1240 2787 1330 2819 caelo
1351 2787 1451 2820 locus.

137 2830 163 2858 et
184 2829 285 2859 Paris.
330 2831 365 2861 In
390 2831 477 2860 editis
501 2833 583 2861 extat
612 2827 748 2872 ψυχικὰ.
960 2832 990 2862 5.
1016 2830 1266 2873 κοσμοκράτορα
1289 2834 1355 2864 cod.
1380 2835 1449 2865 Ven-
1475 2838 1501 2865 et
1525 2837 1584 2867 Vel.
1603 2836 1652 2867 In-

180 2870 211 2903 4.
236 2869 425 2914 ὑπουράνιον
444 2875 510 2905 cod.
524 2875 650 2914 Rhediy.
686 2875 721 2905 Et
740 2876 784 2905 ita
802 2885 870 2906 con·
915 2880 1006 2915 ierpr.
1041 2875 1287 2919 παντοκράτορα
1305 2879 1394 2910 codd.
1407 2880 1534 2920 Rhediy.
1556 2882 1650 2912 Valic.

136 2918 204 2948 iecit
219 2919 284 2949 iam
301 2920 373 2950 olim
385 2915 496 2950 Billstcs
511 2919 575 2960 (cui
594 2921 775 2950 adversatur
788 2921 871 2950 Mas·
915 2924 942 2952 et
964 2922 1054 2953 editio
1077 2925 1214 2962 utraque.

137 2964 235 2993 suetus
256 2972 330 3004 pay.
351 2962 432 3006 26.)
481 2961 706 3007 ὖπερουράνιον
730 2967 812 2996 extat
839 2966 871 2997 in
