<?xml version="1.0" encoding="UTF-8"?>
<!DOCTYPE html PUBLIC "-//W3C//DTD XHTML 1.0 Transitional//EN"
    "http://www.w3.org/TR/xhtml1/DTD/xhtml1-transitional.dtd">
<html xmlns="http://www.w3.org/1999/xhtml" xml:lang="en" lang="en">
 <head>
  <title>
</title>
<meta http-equiv="Content-Type" content="text/html;charset=utf-8" />
  <meta name='ocr-system' content='tesseract 3.04.00' />
  <meta name='ocr-capabilities' content='ocr_page ocr_carea ocr_par ocr_line ocrx_word'/>
</head>
<body>
  <div class='ocr_page' id='page_1' title='image "./p1corporishaereseo02epipuoft/p1corporishaereseo02epipuoft_0089.png"; bbox 0 0 2034 3267; ppageno 0'>
   <div class='ocr_carea' id='block_1_1' title="bbox 452 175 1637 214">
    <p class='ocr_par' dir='ltr' id='par_1_1' title="bbox 452 175 1637 214">
     <span class='ocr_line' id='line_1_1' title="bbox 452 175 1637 214; baseline -0.003 0"><span class='ocrx_word' id='word_1_1' title='bbox 452 182 627 214; x_wconf 81' lang='lat' dir='ltr'>PANARII</span> <span class='ocrx_word' id='word_1_2' title='bbox 655 182 752 213; x_wconf 86' lang='lat' dir='ltr'><strong>ADV.</strong></span> <span class='ocrx_word' id='word_1_3' title='bbox 777 181 995 213; x_wconf 77' lang='lat' dir='ltr'><strong>tlAEssESEs</strong></span> <span class='ocrx_word' id='word_1_4' title='bbox 1019 181 1100 212; x_wconf 87' lang='lat' dir='ltr'><strong>LlB.</strong></span> <span class='ocrx_word' id='word_1_5' title='bbox 1120 181 1144 212; x_wconf 90' lang='lat'><strong>1.</strong></span> <span class='ocrx_word' id='word_1_6' title='bbox 1170 181 1275 213; x_wconf 73' lang='lat' dir='ltr'><em>TOM.</em></span> <span class='ocrx_word' id='word_1_7' title='bbox 1297 181 1318 212; x_wconf 88' lang='grc' dir='ltr'><strong>Ι.</strong></span> <span class='ocrx_word' id='word_1_8' title='bbox 1588 175 1637 212; x_wconf 83' lang='grc'><strong>77</strong></span> 
     </span>
    </p>
   </div>
   <div class='ocr_carea' id='block_1_2' title="bbox 129 256 1643 581">
    <p class='ocr_par' dir='ltr' id='par_1_2' title="bbox 129 256 1643 581">
     <span class='ocr_line' id='line_1_2' title="bbox 129 256 1642 314; baseline -0.004 -9"><span class='ocrx_word' id='word_1_9' title='bbox 129 263 360 311; x_wconf 76' lang='lat' dir='ltr'><strong>tendebant,</strong></span> <span class='ocrx_word' id='word_1_10' title='bbox 394 261 420 300; x_wconf 92' lang='lat' dir='ltr'><strong>ii</strong></span> <span class='ocrx_word' id='word_1_11' title='bbox 445 274 514 314; x_wconf 88' lang='lat' dir='ltr'><strong>per</strong></span> <span class='ocrx_word' id='word_1_12' title='bbox 539 258 803 301; x_wconf 86' lang='lat' dir='ltr'><strong>Samaritanas</strong></span> <span class='ocrx_word' id='word_1_13' title='bbox 827 260 940 300; x_wconf 87' lang='lat' dir='ltr'><strong>urbes</strong></span> <span class='ocrx_word' id='word_1_14' title='bbox 964 259 1039 299; x_wconf 91' lang='lat' dir='ltr'><strong>iter</strong></span> <span class='ocrx_word' id='word_1_15' title='bbox 1062 260 1248 299; x_wconf 82' lang='lat' dir='ltr'><strong>facerent.</strong></span> <span class='ocrx_word' id='word_1_16' title='bbox 1310 256 1440 312; x_wconf 81' lang='lat' dir='ltr'><strong>Quare</strong></span> <span class='ocrx_word' id='word_1_17' title='bbox 1463 272 1546 298; x_wconf 87' lang='lat' dir='ltr'><strong>cum</strong></span> <span class='ocrx_word' id='word_1_18' title='bbox 1575 273 1642 299; x_wconf 89' lang='lat' dir='ltr'><strong>eo-</strong></span> 
     </span>
     <span class='ocr_line' id='line_1_3' title="bbox 135 325 1641 383; baseline -0.003 -12"><span class='ocrx_word' id='word_1_19' title='bbox 135 333 218 371; x_wconf 88' lang='lat' dir='ltr'><strong>dem</strong></span> <span class='ocrx_word' id='word_1_20' title='bbox 245 336 417 383; x_wconf 86' lang='lat' dir='ltr'><strong>tempore</strong></span> <span class='ocrx_word' id='word_1_21' title='bbox 440 327 674 367; x_wconf 76' lang='lat' dir='ltr'>celebritatis</span> <span class='ocrx_word' id='word_1_22' title='bbox 696 341 833 367; x_wconf 80' lang='lat' dir='ltr'>caussa</span> <span class='ocrx_word' id='word_1_23' title='bbox 856 334 1067 367; x_wconf 88' lang='lat' dir='ltr'><strong>conventus</strong></span> <span class='ocrx_word' id='word_1_24' title='bbox 1089 341 1181 367; x_wconf 90' lang='lat' dir='ltr'><strong>suos</strong></span> <span class='ocrx_word' id='word_1_25' title='bbox 1206 325 1409 376; x_wconf 80' lang='lat' dir='ltr'><strong>haberent,</strong></span> <span class='ocrx_word' id='word_1_26' title='bbox 1442 326 1528 366; x_wconf 88' lang='lat' dir='ltr'><strong>inde</strong></span> <span class='ocrx_word' id='word_1_27' title='bbox 1551 333 1641 366; x_wconf 82' lang='lat' dir='ltr'><strong>nata</strong></span> 
     </span>
     <span class='ocr_line' id='line_1_4' title="bbox 133 391 1643 451; baseline -0.003 -13"><span class='ocrx_word' id='word_1_28' title='bbox 133 397 343 451; x_wconf 85' lang='lat' dir='ltr'><strong>iurgiorum</strong></span> <span class='ocrx_word' id='word_1_29' title='bbox 370 395 520 434; x_wconf 80' lang='lat' dir='ltr'><strong>occasio</strong></span> <span class='ocrx_word' id='word_1_30' title='bbox 547 401 619 433; x_wconf 85' lang='lat' dir='ltr'><strong>est.</strong></span> <span class='ocrx_word' id='word_1_31' title='bbox 682 393 783 446; x_wconf 83' lang='lat' dir='ltr'><strong>Quin</strong></span> <span class='ocrx_word' id='word_1_32' title='bbox 810 393 923 432; x_wconf 88' lang='lat' dir='ltr'><strong>etiam</strong></span> <span class='ocrx_word' id='word_1_33' title='bbox 946 392 1070 434; x_wconf 78' lang='lat' dir='ltr'><strong>Esdra</strong></span> <span class='ocrx_word' id='word_1_34' title='bbox 1093 400 1178 447; x_wconf 88' lang='lat' dir='ltr'><strong>post</strong></span> <span class='ocrx_word' id='word_1_35' title='bbox 1198 393 1359 433; x_wconf 88' lang='lat' dir='ltr'><strong>reditum</strong></span> <span class='ocrx_word' id='word_1_36' title='bbox 1384 407 1404 433; x_wconf 88' lang='lat' dir='ltr'><strong>e</strong></span> <span class='ocrx_word' id='word_1_37' title='bbox 1430 391 1643 448; x_wconf 85' lang='lat' dir='ltr'><strong>Babylonia</strong></span> 
     </span>
     <span class='ocr_line' id='line_1_5' title="bbox 134 458 1643 517; baseline -0.002 -13"><span class='ocrx_word' id='word_1_38' title='bbox 134 463 444 517; x_wconf 75' lang='lat' dir='ltr'><strong>Hierosolymam</strong></span> <span class='ocrx_word' id='word_1_39' title='bbox 463 462 700 501; x_wconf 76' lang='lat' dir='ltr'><strong>instaurante</strong></span> <span class='ocrx_word' id='word_1_40' title='bbox 716 458 949 500; x_wconf 83' lang='lat' dir='ltr'><strong>Samaritani</strong></span> <span class='ocrx_word' id='word_1_41' title='bbox 971 467 1105 513; x_wconf 86' lang='lat' dir='ltr'><strong>sponte</strong></span> <span class='ocrx_word' id='word_1_42' title='bbox 1125 473 1167 500; x_wconf 88' lang='lat' dir='ltr'><strong>se</strong></span> <span class='ocrx_word' id='word_1_43' title='bbox 1188 461 1232 500; x_wconf 88' lang='lat' dir='ltr'><strong>ad</strong></span> <span class='ocrx_word' id='word_1_44' title='bbox 1252 459 1479 514; x_wconf 80' lang='lat' dir='ltr'><strong>praesidium</strong></span> <span class='ocrx_word' id='word_1_45' title='bbox 1498 470 1537 500; x_wconf 82' lang='lat' dir='ltr'><strong>et</strong></span> <span class='ocrx_word' id='word_1_46' title='bbox 1554 475 1643 516; x_wconf 88' lang='lat' dir='ltr'><strong>ope-</strong></span> 
     </span>
     <span class='ocr_line' id='line_1_6' title="bbox 137 524 1558 581; baseline -0.003 -10"><span class='ocrx_word' id='word_1_47' title='bbox 137 531 190 571; x_wconf 85' lang='lat' dir='ltr'><strong>ris</strong></span> <span class='ocrx_word' id='word_1_48' title='bbox 218 529 524 570; x_wconf 84' lang='lat' dir='ltr'><strong>communionem</strong></span> <span class='ocrx_word' id='word_1_49' title='bbox 549 528 756 568; x_wconf 78' lang='lat' dir='ltr'><strong>offerentes</strong></span> <span class='ocrx_word' id='word_1_50' title='bbox 783 525 828 565; x_wconf 86' lang='lat' dir='ltr'><strong>ab</strong></span> <span class='ocrx_word' id='word_1_51' title='bbox 854 524 978 565; x_wconf 86' lang='lat' dir='ltr'><strong>Esdra</strong></span> <span class='ocrx_word' id='word_1_52' title='bbox 1002 533 1040 566; x_wconf 82' lang='lat' dir='ltr'><strong>et</strong></span> <span class='ocrx_word' id='word_1_53' title='bbox 1059 525 1223 567; x_wconf 83' lang='lat' dir='ltr'><strong>Neemia</strong></span> <span class='ocrx_word' id='word_1_54' title='bbox 1247 527 1432 581; x_wconf 85' lang='lat' dir='ltr'><strong>repudiati</strong></span> <span class='ocrx_word' id='word_1_55' title='bbox 1456 535 1558 569; x_wconf 90' lang='lat' dir='ltr'><strong>sunt.</strong></span> 
     </span>
    </p>
   </div>
   <div class='ocr_carea' id='block_1_3' title="bbox 520 827 1251 877">
    <p class='ocr_par' dir='ltr' id='par_1_3' title="bbox 520 827 1251 877">
     <span class='ocr_line' id='line_1_7' title="bbox 520 827 1251 877; baseline -0.004 0"><span class='ocrx_word' id='word_1_56' title='bbox 520 828 815 877; x_wconf 81' lang='lat' dir='ltr'><strong>CONTRA</strong></span> <span class='ocrx_word' id='word_1_57' title='bbox 852 827 1251 875; x_wconf 84' lang='lat' dir='ltr'><strong>SEBUAEOS.</strong></span> 
     </span>
    </p>
   </div>
   <div class='ocr_carea' id='block_1_4' title="bbox 194 906 1591 973">
    <p class='ocr_par' dir='ltr' id='par_1_4' title="bbox 194 906 1591 973">
     <span class='ocr_line' id='line_1_8' title="bbox 194 906 1591 973; baseline -0.002 -13"><span class='ocrx_word' id='word_1_58' title='bbox 194 913 311 973; x_wconf 76' lang='lat' dir='ltr'><strong>Quae</strong></span> <span class='ocrx_word' id='word_1_59' title='bbox 348 915 413 957; x_wconf 82' lang='lat' dir='ltr'><strong>est</strong></span> <span class='ocrx_word' id='word_1_60' title='bbox 447 908 635 955; x_wconf 86' lang='lat' dir='ltr'><strong>secunda</strong></span> <span class='ocrx_word' id='word_1_61' title='bbox 672 906 1045 953; x_wconf 79' lang='lat' dir='ltr'><strong>Samaritanorum</strong></span> <span class='ocrx_word' id='word_1_62' title='bbox 1080 906 1298 966; x_wconf 82' lang='lat' dir='ltr'><strong>haeresis,</strong></span> <span class='ocrx_word' id='word_1_63' title='bbox 1334 907 1485 954; x_wconf 85' lang='lat' dir='ltr'><strong>ordine</strong></span> <span class='ocrx_word' id='word_1_64' title='bbox 1511 909 1591 957; x_wconf 90' lang='lat' dir='ltr'><strong>XI.</strong></span> 
     </span>
    </p>
   </div>
   <div class='ocr_carea' id='block_1_5' title="bbox 134 1004 1651 1719">
    <p class='ocr_par' dir='ltr' id='par_1_5' title="bbox 134 1004 1651 1719">
     <span class='ocr_line' id='line_1_9' title="bbox 246 1004 1642 1064; baseline -0.001 -13"><span class='ocrx_word' id='word_1_65' title='bbox 246 1010 331 1064; x_wconf 78' lang='lat' dir='ltr'><strong>Quo</strong></span> <span class='ocrx_word' id='word_1_66' title='bbox 372 1016 542 1061; x_wconf 84' lang='lat' dir='ltr'><strong>tempore</strong></span> <span class='ocrx_word' id='word_1_67' title='bbox 581 1004 749 1046; x_wconf 86' lang='lat' dir='ltr'><strong>Sebuaei</strong></span> <span class='ocrx_word' id='word_1_68' title='bbox 790 1005 988 1046; x_wconf 80' lang='lat' dir='ltr'><strong>iracundia</strong></span> <span class='ocrx_word' id='word_1_69' title='bbox 1030 1005 1166 1059; x_wconf 89' lang='lat' dir='ltr'><strong>perciti</strong></span> <span class='ocrx_word' id='word_1_70' title='bbox 1206 1006 1317 1046; x_wconf 90' lang='lat' dir='ltr'><strong>trium</strong></span> <span class='ocrx_word' id='word_1_71' title='bbox 1360 1007 1507 1048; x_wconf 88' lang='lat' dir='ltr'><strong>illarum</strong></span> <span class='ocrx_word' id='word_1_72' title='bbox 1549 1023 1642 1062; x_wconf 87' lang='lat' dir='ltr'><strong>quas</strong></span> 
     </span>
     <span class='ocr_line' id='line_1_10' title="bbox 138 1074 1648 1128; baseline -0.001 -10"><span class='ocrx_word' id='word_1_73' title='bbox 138 1079 304 1118; x_wconf 79' lang='lat' dir='ltr'><strong>diximus</strong></span> <span class='ocrx_word' id='word_1_74' title='bbox 348 1074 610 1115; x_wconf 69' lang='lat' dir='ltr'><strong>celebritatum</strong></span> <span class='ocrx_word' id='word_1_75' title='bbox 656 1080 830 1127; x_wconf 85' lang='lat' dir='ltr'><strong>tempora</strong></span> <span class='ocrx_word' id='word_1_76' title='bbox 873 1080 1180 1123; x_wconf 85' lang='lat' dir='ltr'><strong>commutarunt,</strong></span> <span class='ocrx_word' id='word_1_77' title='bbox 1230 1074 1390 1128; x_wconf 88' lang='lat' dir='ltr'><strong>primum</strong></span> <span class='ocrx_word' id='word_1_78' title='bbox 1440 1076 1529 1115; x_wconf 86' lang='lat' dir='ltr'><strong>irati</strong></span> <span class='ocrx_word' id='word_1_79' title='bbox 1573 1075 1648 1117; x_wconf 89' lang='lat' dir='ltr'><strong>Es-</strong></span> 
     </span>
     <span class='ocr_line' id='line_1_11' title="bbox 139 1140 1649 1195; baseline -0.001 -10"><span class='ocrx_word' id='word_1_80' title='bbox 139 1147 252 1195; x_wconf 86' lang='lat' dir='ltr'><strong>drae,</strong></span> <span class='ocrx_word' id='word_1_81' title='bbox 299 1142 434 1184; x_wconf 81' lang='lat' dir='ltr'><strong>deinde</strong></span> <span class='ocrx_word' id='word_1_82' title='bbox 474 1141 571 1195; x_wconf 90' lang='lat' dir='ltr'><strong>quod</strong></span> <span class='ocrx_word' id='word_1_83' title='bbox 612 1140 937 1195; x_wconf 76' lang='lat' dir='ltr'><strong>praetereuntium</strong></span> <span class='ocrx_word' id='word_1_84' title='bbox 973 1140 1175 1180; x_wconf 83' lang='lat' dir='ltr'><strong>occasione</strong></span> <span class='ocrx_word' id='word_1_85' title='bbox 1217 1141 1263 1181; x_wconf 88' lang='lat' dir='ltr'><strong>ad</strong></span> <span class='ocrx_word' id='word_1_86' title='bbox 1303 1141 1428 1195; x_wconf 85' lang='lat' dir='ltr'><strong>iurgia</strong></span> <span class='ocrx_word' id='word_1_87' title='bbox 1465 1156 1649 1195; x_wconf 87' lang='lat' dir='ltr'><strong>provoca-</strong></span> 
     </span>
     <span class='ocr_line' id='line_1_12' title="bbox 139 1206 1651 1263; baseline -0.001 -11"><span class='ocrx_word' id='word_1_88' title='bbox 139 1218 284 1252; x_wconf 84' lang='lat' dir='ltr'><strong>rentur.</strong></span> <span class='ocrx_word' id='word_1_89' title='bbox 347 1206 556 1250; x_wconf 88' lang='lat' dir='ltr'><strong>Caeterum</strong></span> <span class='ocrx_word' id='word_1_90' title='bbox 591 1208 646 1248; x_wconf 83' lang='lat' dir='ltr'><strong>illi</strong></span> <span class='ocrx_word' id='word_1_91' title='bbox 678 1222 848 1248; x_wconf 87' lang='lat' dir='ltr'><strong>mensem</strong></span> <span class='ocrx_word' id='word_1_92' title='bbox 884 1222 1023 1248; x_wconf 89' lang='lat' dir='ltr'><strong>novum</strong></span> <span class='ocrx_word' id='word_1_93' title='bbox 1058 1208 1296 1262; x_wconf 86' lang='lat' dir='ltr'><strong>Azymorum</strong></span> <span class='ocrx_word' id='word_1_94' title='bbox 1326 1216 1412 1263; x_wconf 89' lang='lat' dir='ltr'><strong>post</strong></span> <span class='ocrx_word' id='word_1_95' title='bbox 1441 1210 1529 1249; x_wconf 84' lang='lat' dir='ltr'><strong>anni</strong></span> <span class='ocrx_word' id='word_1_96' title='bbox 1559 1211 1651 1251; x_wconf 85' lang='lat' dir='ltr'><strong>novi</strong></span> 
     </span>
     <span class='ocr_line' id='line_1_13' title="bbox 139 1275 1648 1333; baseline 0 -16"><span class='ocrx_word' id='word_1_97' title='bbox 139 1276 360 1333; x_wconf 85' lang='lat' dir='ltr'><strong>principium</strong></span> <span class='ocrx_word' id='word_1_98' title='bbox 387 1276 597 1326; x_wconf 85' lang='lat' dir='ltr'><strong>collocant,</strong></span> <span class='ocrx_word' id='word_1_99' title='bbox 631 1275 739 1330; x_wconf 88' lang='lat' dir='ltr'><strong>isque</strong></span> <span class='ocrx_word' id='word_1_100' title='bbox 758 1275 797 1315; x_wconf 90' lang='lat' dir='ltr'><strong>in</strong></span> <span class='ocrx_word' id='word_1_101' title='bbox 824 1281 1043 1315; x_wconf 86' lang='lat' dir='ltr'><strong>autumnum</strong></span> <span class='ocrx_word' id='word_1_102' title='bbox 1067 1275 1201 1315; x_wconf 85' lang='lat' dir='ltr'><strong>incidit</strong></span> <span class='ocrx_word' id='word_1_103' title='bbox 1223 1283 1307 1330; x_wconf 86' lang='lat' dir='ltr'><strong>post</strong></span> <span class='ocrx_word' id='word_1_104' title='bbox 1330 1290 1500 1317; x_wconf 89' lang='lat' dir='ltr'><strong>mensem</strong></span> <span class='ocrx_word' id='word_1_105' title='bbox 1524 1276 1648 1329; x_wconf 85' lang='lat' dir='ltr'><strong>Tisri‚</strong></span> 
     </span>
     <span class='ocr_line' id='line_1_14' title="bbox 137 1342 1650 1398; baseline 0.001 -14"><span class='ocrx_word' id='word_1_106' title='bbox 137 1344 199 1398; x_wconf 91' lang='lat' dir='ltr'><strong>qui</strong></span> <span class='ocrx_word' id='word_1_107' title='bbox 233 1358 255 1383; x_wconf 88' lang='lat' dir='ltr'><strong>a</strong></span> <span class='ocrx_word' id='word_1_108' title='bbox 286 1343 475 1384; x_wconf 88' lang='lat' dir='ltr'><strong>Romanis</strong></span> <span class='ocrx_word' id='word_1_109' title='bbox 507 1343 709 1396; x_wconf 84' lang='lat' dir='ltr'><strong>Augustus</strong></span> <span class='ocrx_word' id='word_1_110' title='bbox 746 1342 977 1397; x_wconf 84' lang='lat' dir='ltr'><strong>appellatur,</strong></span> <span class='ocrx_word' id='word_1_111' title='bbox 1019 1342 1064 1382; x_wconf 88' lang='lat' dir='ltr'><strong>ab</strong></span> <span class='ocrx_word' id='word_1_112' title='bbox 1098 1343 1303 1397; x_wconf 85' lang='lat' dir='ltr'><strong>Aegyptiis</strong></span> <span class='ocrx_word' id='word_1_113' title='bbox 1333 1342 1504 1394; x_wconf 87' lang='lat' dir='ltr'><strong>Mesori‚</strong></span> <span class='ocrx_word' id='word_1_114' title='bbox 1549 1344 1650 1385; x_wconf 86' lang='lat' dir='ltr'><strong>Gor-</strong></span> 
     </span>
     <span class='ocr_line' id='line_1_15' title="bbox 136 1409 1650 1466; baseline 0 -14"><span class='ocrx_word' id='word_1_115' title='bbox 136 1411 268 1466; x_wconf 84' lang='lat' dir='ltr'><strong>piaeus</strong></span> <span class='ocrx_word' id='word_1_116' title='bbox 305 1425 328 1450; x_wconf 88' lang='lat' dir='ltr'><strong>a</strong></span> <span class='ocrx_word' id='word_1_117' title='bbox 359 1409 663 1459; x_wconf 83' lang='lat' dir='ltr'><strong>Macedonibus,</strong></span> <span class='ocrx_word' id='word_1_118' title='bbox 705 1424 726 1449; x_wconf 86' lang='lat' dir='ltr'><strong>a</strong></span> <span class='ocrx_word' id='word_1_119' title='bbox 759 1409 923 1450; x_wconf 83' lang='lat' dir='ltr'><strong>Graecis</strong></span> <span class='ocrx_word' id='word_1_120' title='bbox 955 1409 1181 1463; x_wconf 85' lang='lat' dir='ltr'><strong>Apellaeus.</strong></span> <span class='ocrx_word' id='word_1_121' title='bbox 1251 1409 1352 1450; x_wconf 89' lang='lat' dir='ltr'><strong>Hinc</strong></span> <span class='ocrx_word' id='word_1_122' title='bbox 1388 1411 1439 1450; x_wconf 83' lang='lat' dir='ltr'><strong>illi</strong></span> <span class='ocrx_word' id='word_1_123' title='bbox 1471 1412 1559 1451; x_wconf 87' lang='lat' dir='ltr'><strong>anni</strong></span> <span class='ocrx_word' id='word_1_124' title='bbox 1591 1413 1650 1452; x_wconf 92' lang='lat' dir='ltr'><strong>sui</strong></span> 
     </span>
     <span class='ocr_line' id='line_1_16' title="bbox 135 1477 1649 1532; baseline 0.001 -15"><span class='ocrx_word' id='word_1_125' title='bbox 135 1477 342 1532; x_wconf 86' lang='lat' dir='ltr'><strong>primordia</strong></span> <span class='ocrx_word' id='word_1_126' title='bbox 370 1478 583 1527; x_wconf 82' lang='lat' dir='ltr'><strong>deducunt,</strong></span> <span class='ocrx_word' id='word_1_127' title='bbox 618 1478 821 1531; x_wconf 88' lang='lat' dir='ltr'><strong>statimque</strong></span> <span class='ocrx_word' id='word_1_128' title='bbox 846 1478 1083 1531; x_wconf 79' lang='lat' dir='ltr'><strong>Azymorum</strong></span> <span class='ocrx_word' id='word_1_129' title='bbox 1113 1478 1249 1517; x_wconf 87' lang='lat' dir='ltr'><strong>festum</strong></span> <span class='ocrx_word' id='word_1_130' title='bbox 1283 1477 1475 1530; x_wconf 81' lang='lat' dir='ltr'><strong>indicuut3</strong></span> <span class='ocrx_word' id='word_1_131' title='bbox 1506 1477 1649 1520; x_wconf 85' lang='lat' dir='ltr'><strong>Pente-</strong></span> 
     </span>
     <span class='ocr_line' id='line_1_17' title="bbox 134 1543 1650 1600; baseline 0.002 -16"><span class='ocrx_word' id='word_1_132' title='bbox 134 1552 269 1585; x_wconf 87' lang='lat' dir='ltr'><strong>costen</strong></span> <span class='ocrx_word' id='word_1_133' title='bbox 302 1559 416 1600; x_wconf 90' lang='lat' dir='ltr'><strong>porro</strong></span> <span class='ocrx_word' id='word_1_134' title='bbox 444 1544 483 1584; x_wconf 89' lang='lat' dir='ltr'><strong>in</strong></span> <span class='ocrx_word' id='word_1_135' title='bbox 515 1551 734 1584; x_wconf 84' lang='lat' dir='ltr'><strong>autumnum</strong></span> <span class='ocrx_word' id='word_1_136' title='bbox 761 1552 967 1584; x_wconf 82' lang='lat' dir='ltr'><strong>exeuntem</strong></span> <span class='ocrx_word' id='word_1_137' title='bbox 995 1544 1216 1584; x_wconf 84' lang='lat' dir='ltr'><strong>coniiciunt.</strong></span> <span class='ocrx_word' id='word_1_138' title='bbox 1280 1543 1560 1600; x_wconf 86' lang='lat' dir='ltr'><strong>Scenopegiam</strong></span> <span class='ocrx_word' id='word_1_139' title='bbox 1586 1547 1650 1587; x_wconf 86' lang='lat' dir='ltr'><strong>de-</strong></span> 
     </span>
     <span class='ocr_line' id='line_1_18' title="bbox 136 1609 1650 1667; baseline 0.002 -16"><span class='ocrx_word' id='word_1_140' title='bbox 136 1612 252 1665; x_wconf 89' lang='lat' dir='ltr'><strong>nique</strong></span> <span class='ocrx_word' id='word_1_141' title='bbox 284 1619 363 1652; x_wconf 84' lang='lat' dir='ltr'><strong>tum</strong></span> <span class='ocrx_word' id='word_1_142' title='bbox 396 1611 594 1651; x_wconf 82' lang='lat' dir='ltr'><strong>celebrant</strong></span> <span class='ocrx_word' id='word_1_143' title='bbox 625 1625 707 1651; x_wconf 89' lang='lat' dir='ltr'><strong>cum</strong></span> <span class='ocrx_word' id='word_1_144' title='bbox 741 1626 763 1651; x_wconf 87' lang='lat' dir='ltr'><strong>a</strong></span> <span class='ocrx_word' id='word_1_145' title='bbox 791 1609 942 1651; x_wconf 73' lang='lat' dir='ltr'><strong>Iudaeis</strong></span> <span class='ocrx_word' id='word_1_146' title='bbox 968 1611 1142 1666; x_wconf 85' lang='lat' dir='ltr'><strong>Azyma‚</strong></span> <span class='ocrx_word' id='word_1_147' title='bbox 1176 1612 1258 1653; x_wconf 88' lang='lat' dir='ltr'><strong>sivc</strong></span> <span class='ocrx_word' id='word_1_148' title='bbox 1283 1611 1449 1653; x_wconf 85' lang='lat' dir='ltr'><strong>Pascha.</strong></span> <span class='ocrx_word' id='word_1_149' title='bbox 1510 1612 1650 1667; x_wconf 87' lang='lat' dir='ltr'><strong>Neque</strong></span> 
     </span>
     <span class='ocr_line' id='line_1_19' title="bbox 136 1677 844 1719; baseline -0.001 0"><span class='ocrx_word' id='word_1_150' title='bbox 136 1693 231 1719; x_wconf 85' lang='lat' dir='ltr'><strong>vero</strong></span> <span class='ocrx_word' id='word_1_151' title='bbox 262 1677 464 1719; x_wconf 85' lang='lat' dir='ltr'><strong>Sebuaeos</strong></span> <span class='ocrx_word' id='word_1_152' title='bbox 496 1679 560 1719; x_wconf 86' lang='lat' dir='ltr'><strong>alii</strong></span> <span class='ocrx_word' id='word_1_153' title='bbox 588 1679 711 1719; x_wconf 87' lang='lat' dir='ltr'><strong>secuti</strong></span> <span class='ocrx_word' id='word_1_154' title='bbox 741 1685 844 1719; x_wconf 87' lang='lat' dir='ltr'><strong>sunt.</strong></span> 
     </span>
    </p>
   </div>
   <div class='ocr_carea' id='block_1_6' title="bbox 233 1836 1562 1976">
    <p class='ocr_par' dir='ltr' id='par_1_6' title="bbox 233 1836 1562 1976">
     <span class='ocr_line' id='line_1_20' title="bbox 501 1836 1294 1886; baseline 0.001 -1"><span class='ocrx_word' id='word_1_155' title='bbox 501 1836 794 1885; x_wconf 82' lang='lat' dir='ltr'><strong>CONTRA</strong></span> <span class='ocrx_word' id='word_1_156' title='bbox 833 1836 1229 1886; x_wconf 81' lang='lat' dir='ltr'>GORTHENO</span> <span class='ocrx_word' id='word_1_157' title='bbox 1246 1838 1294 1886; x_wconf 86' lang='lat' dir='ltr'><strong>S.</strong></span> 
     </span>
     <span class='ocr_line' id='line_1_21' title="bbox 233 1916 1562 1976; baseline 0.003 -14"><span class='ocrx_word' id='word_1_158' title='bbox 233 1916 350 1976; x_wconf 77' lang='lat' dir='ltr'><strong>Quae</strong></span> <span class='ocrx_word' id='word_1_159' title='bbox 389 1920 455 1963; x_wconf 77' lang='lat' dir='ltr'><strong>est</strong></span> <span class='ocrx_word' id='word_1_160' title='bbox 489 1916 682 1963; x_wconf 87' lang='lat' dir='ltr'><strong>haeresis</strong></span> <span class='ocrx_word' id='word_1_161' title='bbox 720 1917 1091 1964; x_wconf 81' lang='lat' dir='ltr'><strong>Samaritanorum</strong></span> <span class='ocrx_word' id='word_1_162' title='bbox 1125 1917 1210 1964; x_wconf 91' lang='grc' dir='ltr'><strong>ΙΙΙ.</strong></span> <span class='ocrx_word' id='word_1_163' title='bbox 1223 1953 1236 1976; x_wconf 82' lang='grc'>,</span> <span class='ocrx_word' id='word_1_164' title='bbox 1271 1918 1423 1965; x_wconf 88' lang='lat' dir='ltr'><strong>ordine</strong></span> <span class='ocrx_word' id='word_1_165' title='bbox 1456 1918 1562 1966; x_wconf 90' lang='lat' dir='ltr'>XII.</span> 
     </span>
    </p>
   </div>
   <div class='ocr_carea' id='block_1_7' title="bbox 135 2013 1652 2128">
    <p class='ocr_par' dir='ltr' id='par_1_7' title="bbox 135 2013 1652 2128">
     <span class='ocr_line' id='line_1_22' title="bbox 247 2013 1648 2070; baseline 0.001 -14"><span class='ocrx_word' id='word_1_166' title='bbox 247 2013 436 2056; x_wconf 87' lang='lat' dir='ltr'><strong>Gortheni</strong></span> <span class='ocrx_word' id='word_1_167' title='bbox 476 2016 694 2070; x_wconf 87' lang='lat' dir='ltr'><strong>caeterique</strong></span> <span class='ocrx_word' id='word_1_168' title='bbox 737 2015 878 2056; x_wconf 89' lang='lat' dir='ltr'><strong>Esseni</strong></span> <span class='ocrx_word' id='word_1_169' title='bbox 920 2016 1080 2057; x_wconf 82' lang='lat' dir='ltr'><strong>aliorum</strong></span> <span class='ocrx_word' id='word_1_170' title='bbox 1120 2016 1238 2057; x_wconf 88' lang='lat' dir='ltr'><strong>vicini</strong></span> <span class='ocrx_word' id='word_1_171' title='bbox 1278 2018 1409 2058; x_wconf 88' lang='lat' dir='ltr'><strong>eadem</strong></span> <span class='ocrx_word' id='word_1_172' title='bbox 1451 2032 1535 2058; x_wconf 92' lang='lat' dir='ltr'><strong>cum</strong></span> <span class='ocrx_word' id='word_1_173' title='bbox 1573 2018 1648 2059; x_wconf 88' lang='lat' dir='ltr'><strong>illis</strong></span> 
     </span>
     <span class='ocr_line' id='line_1_23' title="bbox 135 2080 1652 2128; baseline 0.003 -5"><span class='ocrx_word' id='word_1_174' title='bbox 135 2082 291 2123; x_wconf 80' lang='lat' dir='ltr'><strong>faciunt.</strong></span> <span class='ocrx_word' id='word_1_175' title='bbox 366 2080 444 2124; x_wconf 91' lang='lat' dir='ltr'><strong>Sed</strong></span> <span class='ocrx_word' id='word_1_176' title='bbox 483 2084 555 2124; x_wconf 83' lang='lat' dir='ltr'><strong>soli</strong></span> <span class='ocrx_word' id='word_1_177' title='bbox 597 2098 679 2124; x_wconf 90' lang='lat' dir='ltr'><strong>cum</strong></span> <span class='ocrx_word' id='word_1_178' title='bbox 714 2082 911 2124; x_wconf 87' lang='lat' dir='ltr'><strong>Dositheis</strong></span> <span class='ocrx_word' id='word_1_179' title='bbox 946 2083 1137 2124; x_wconf 66' lang='lat' dir='ltr'><strong>Gor-thani</strong></span> <span class='ocrx_word' id='word_1_180' title='bbox 1175 2099 1259 2125; x_wconf 90' lang='lat' dir='ltr'><strong>cum</strong></span> <span class='ocrx_word' id='word_1_181' title='bbox 1291 2083 1482 2126; x_wconf 79' lang='lat' dir='ltr'><strong>Sehuaeis</strong></span> <span class='ocrx_word' id='word_1_182' title='bbox 1521 2087 1652 2128; x_wconf 91' lang='lat' dir='ltr'><strong>simul-</strong></span> 
     </span>
    </p>
   </div>
   <div class='ocr_carea' id='block_1_8' title="bbox 134 2215 1650 2406">
    <p class='ocr_par' dir='ltr' id='par_1_8' title="bbox 134 2215 1650 2395">
     <span class='ocr_line' id='line_1_24' title="bbox 135 2215 1649 2260; baseline 0.003 -12"><span class='ocrx_word' id='word_1_183' title='bbox 135 2215 333 2260; x_wconf 77' lang='lat' dir='ltr'><strong>cini‘ipsis‚</strong></span> <span class='ocrx_word' id='word_1_184' title='bbox 383 2217 495 2249; x_wconf 80' lang='lat' dir='ltr'><strong>eadem</strong></span> <span class='ocrx_word' id='word_1_185' title='bbox 536 2230 617 2260; x_wconf 83' lang='lat' dir='ltr'><strong>quae</strong></span> <span class='ocrx_word' id='word_1_186' title='bbox 655 2217 702 2249; x_wconf 83' lang='lat' dir='ltr'><strong>illi</strong></span> <span class='ocrx_word' id='word_1_187' title='bbox 738 2217 871 2250; x_wconf 75' lang='lat' dir='ltr'><strong>faciunt.</strong></span> <span class='ocrx_word' id='word_1_188' title='bbox 915 2221 1113 2251; x_wconf 77' lang='lat' dir='ltr'><strong>transcribere</strong></span> <span class='ocrx_word' id='word_1_189' title='bbox 1131 2230 1207 2259; x_wconf 81' lang='lat' dir='ltr'><strong>quae</strong></span> <span class='ocrx_word' id='word_1_190' title='bbox 1221 2221 1262 2251; x_wconf 81' lang='lat' dir='ltr'><strong>ad</strong></span> <span class='ocrx_word' id='word_1_191' title='bbox 1274 2222 1460 2251; x_wconf 75' lang='lat' dir='ltr'><strong>illustranda</strong></span> <span class='ocrx_word' id='word_1_192' title='bbox 1472 2222 1649 2260; x_wconf 83' lang='lat' dir='ltr'><strong>verbaEpi-</strong></span> 
     </span>
     <span class='ocr_line' id='line_1_25' title="bbox 134 2264 1650 2305; baseline 0.003 -12"><span class='ocrx_word' id='word_1_193' title='bbox 134 2264 230 2301; x_wconf 83' lang='lat' dir='ltr'><strong>Quem</strong></span> <span class='ocrx_word' id='word_1_194' title='bbox 259 2266 378 2294; x_wconf 75' lang='lat' dir='ltr'><strong>secutus</strong></span> <span class='ocrx_word' id='word_1_195' title='bbox 407 2268 512 2302; x_wconf 77' lang='lat' dir='ltr'><strong>postea</strong></span> <span class='ocrx_word' id='word_1_196' title='bbox 538 2266 685 2295; x_wconf 78' lang='lat' dir='ltr'><strong>Petavius</strong></span> <span class='ocrx_word' id='word_1_197' title='bbox 708 2265 871 2295; x_wconf 83' lang='lat' dir='ltr'><strong>rescriben—</strong></span> <span class='ocrx_word' id='word_1_198' title='bbox 913 2265 1032 2303; x_wconf 74' lang='lat' dir='ltr'><strong>phanii,</strong></span> <span class='ocrx_word' id='word_1_199' title='bbox 1057 2267 1181 2303; x_wconf 79' lang='lat' dir='ltr'><strong>cniipse</strong></span> <span class='ocrx_word' id='word_1_200' title='bbox 1199 2266 1337 2304; x_wconf 81' lang='lat' dir='ltr'><strong>plurima</strong></span> <span class='ocrx_word' id='word_1_201' title='bbox 1349 2267 1443 2304; x_wconf 81' lang='lat' dir='ltr'><strong>debet,</strong></span> <span class='ocrx_word' id='word_1_202' title='bbox 1466 2267 1565 2305; x_wconf 74' lang='lat' dir='ltr'><strong>facere</strong></span> <span class='ocrx_word' id='word_1_203' title='bbox 1577 2275 1650 2305; x_wconf 84' lang='lat' dir='ltr'><strong>pos-</strong></span> 
     </span>
     <span class='ocr_line' id='line_1_26' title="bbox 134 2305 1648 2362; baseline 0.003 -24"><span class='ocrx_word' id='word_1_204' title='bbox 134 2309 210 2338; x_wconf 84' lang='lat' dir='ltr'><strong>dum</strong></span> <span class='ocrx_word' id='word_1_205' title='bbox 242 2310 374 2339; x_wconf 81' lang='lat' dir='ltr'><strong>censuit:</strong></span> <span class='ocrx_word' id='word_1_206' title='bbox 413 2305 514 2350; x_wconf 75' lang='grc' dir='ltr'>Ου’μ.</span> <span class='ocrx_word' id='word_1_207' title='bbox 515 2307 555 2351; x_wconf 73' lang='grc' dir='ltr'><strong>ἣν</strong></span> <span class='ocrx_word' id='word_1_208' title='bbox 580 2307 636 2340; x_wconf 60' lang='lat' dir='ltr'><strong>&amp;Tc</strong></span> <span class='ocrx_word' id='word_1_209' title='bbox 627 2307 780 2361; x_wconf 64' lang='grc' dir='ltr'>ι’σὲπησαν</span> <span class='ocrx_word' id='word_1_210' title='bbox 803 2312 871 2346; x_wconf 79' lang='grc' dir='ltr'>τοῖς</span> <span class='ocrx_word' id='word_1_211' title='bbox 915 2311 983 2340; x_wconf 82' lang='lat' dir='ltr'><strong>sint.</strong></span> <span class='ocrx_word' id='word_1_212' title='bbox 1030 2306 1120 2362; x_wconf 79' lang='grc' dir='ltr'>,,Ἐκ</span> <span class='ocrx_word' id='word_1_213' title='bbox 1143 2306 1180 2342; x_wconf 84' lang='lat'><strong>62:</strong></span> <span class='ocrx_word' id='word_1_214' title='bbox 1201 2307 1345 2349; x_wconf 73' lang='grc' dir='ltr'>τούτων,</span> <span class='ocrx_word' id='word_1_215' title='bbox 1370 2312 1485 2349; x_wconf 79' lang='lat' dir='ltr'><strong>inquit,</strong></span> <span class='ocrx_word' id='word_1_216' title='bbox 1507 2309 1648 2353; x_wconf 78' lang='grc' dir='ltr'>προέβη-</span> 
     </span>
     <span class='ocr_line' id='line_1_27' title="bbox 134 2322 1649 2406; baseline 0.002 -22"><span class='ocrx_word' id='word_1_217' title='bbox 134 2351 331 2406; x_wconf 79' lang='grc' dir='ltr'>Σεβουαίοις</span> <span class='ocrx_word' id='word_1_218' title='bbox 347 2351 513 2406; x_wconf 62' lang='grc' dir='ltr'><strong>Γορῧηνοὶ</strong></span> <span class='ocrx_word' id='word_1_219' title='bbox 515 2322 589 2386; x_wconf 50' lang='grc' dir='ltr'><strong>γζιοιὶ</strong></span> <span class='ocrx_word' id='word_1_220' title='bbox 610 2352 638 2385; x_wconf 73' lang='grc' dir='ltr'><strong>οἱ</strong></span> <span class='ocrx_word' id='word_1_221' title='bbox 659 2349 759 2385; x_wconf 78' lang='grc' dir='ltr'><strong>ἄλλοι.</strong></span> <span class='ocrx_word' id='word_1_222' title='bbox 788 2348 870 2386; x_wconf 85' lang='grc' dir='ltr'>Ἐσ-</span> <span class='ocrx_word' id='word_1_223' title='bbox 917 2364 974 2386; x_wconf 91' lang='grc' dir='ltr'>σαν</span> <span class='ocrx_word' id='word_1_224' title='bbox 1001 2354 1029 2386; x_wconf 81' lang='grc' dir='ltr'><strong>οἱ</strong></span> <span class='ocrx_word' id='word_1_225' title='bbox 1047 2350 1207 2395; x_wconf 83' lang='grc' dir='ltr'>Ἐσσηνοι</span> <span class='ocrx_word' id='word_1_226' title='bbox 1229 2353 1283 2386; x_wconf 67' lang='grc' dir='ltr'><strong>καὶ</strong></span> <span class='ocrx_word' id='word_1_227' title='bbox 1308 2354 1486 2397; x_wconf 79' lang='grc' dir='ltr'>Σεβουαιοι</span> <span class='ocrx_word' id='word_1_228' title='bbox 1507 2354 1564 2387; x_wconf 78' lang='grc' dir='ltr'><strong>καὶ</strong></span> <span class='ocrx_word' id='word_1_229' title='bbox 1583 2354 1649 2388; x_wconf 91' lang='grc' dir='ltr'><strong>Γο-</strong></span> 
     </span>
    </p>
   </div>
   <div class='ocr_carea' id='block_1_9' title="bbox 137 2395 1648 2541">
    <p class='ocr_par' dir='ltr' id='par_1_9' title="bbox 137 2395 1648 2530">
     <span class='ocr_line' id='line_1_28' title="bbox 137 2395 1647 2441; baseline 0.002 -12"><span class='ocrx_word' id='word_1_230' title='bbox 137 2395 230 2438; x_wconf 74' lang='grc' dir='ltr'>σηνοὶ</span> <span class='ocrx_word' id='word_1_231' title='bbox 254 2395 290 2430; x_wconf 84' lang='lat'><strong>62:</strong></span> <span class='ocrx_word' id='word_1_232' title='bbox 314 2396 350 2439; x_wconf 74' lang='grc' dir='ltr'><strong>ἐγ</strong></span> <span class='ocrx_word' id='word_1_233' title='bbox 354 2395 413 2438; x_wconf 73' lang='grc' dir='ltr'><strong>(ὓς</strong></span> <span class='ocrx_word' id='word_1_234' title='bbox 437 2402 502 2429; x_wconf 78' lang='lat' dir='ltr'><strong>cett.</strong></span> <span class='ocrx_word' id='word_1_235' title='bbox 916 2398 1048 2440; x_wconf 63' lang='grc' dir='ltr'>ροὲηνοὶ</span> <span class='ocrx_word' id='word_1_236' title='bbox 1071 2410 1127 2431; x_wconf 75' lang='grc' dir='ltr'><strong>και</strong></span> <span class='ocrx_word' id='word_1_237' title='bbox 1150 2398 1269 2431; x_wconf 61' lang='grc' dir='ltr'>Δοσίξε</span> <span class='ocrx_word' id='word_1_238' title='bbox 1273 2410 1320 2437; x_wconf 81' lang='grc' dir='ltr'><strong>οι,</strong></span> <span class='ocrx_word' id='word_1_239' title='bbox 1356 2399 1387 2432; x_wconf 63' lang='grc' dir='ltr'><strong>ἔν</strong></span> <span class='ocrx_word' id='word_1_240' title='bbox 1415 2410 1480 2431; x_wconf 87' lang='grc' dir='ltr'>τισι</span> <span class='ocrx_word' id='word_1_241' title='bbox 1503 2398 1560 2441; x_wconf 83' lang='grc' dir='ltr'><strong>μὲν</strong></span> <span class='ocrx_word' id='word_1_242' title='bbox 1581 2401 1647 2432; x_wconf 82' lang='grc' dir='ltr'><strong>τῶν</strong></span> 
     </span>
     <span class='ocr_line' id='line_1_29' title="bbox 178 2440 1648 2496; baseline 0.003 -23.005"><span class='ocrx_word' id='word_1_243' title='bbox 178 2444 209 2473; x_wconf 74' lang='grc'><strong>2.</strong></span> <span class='ocrx_word' id='word_1_244' title='bbox 238 2440 276 2475; x_wconf 79' lang='grc' dir='ltr'><strong>δὲ</strong></span> <span class='ocrx_word' id='word_1_245' title='bbox 300 2444 571 2474; x_wconf 72' lang='lat' dir='ltr'><strong>om.cod.1enet.</strong></span> <span class='ocrx_word' id='word_1_246' title='bbox 916 2443 1073 2484; x_wconf 68' lang='grc' dir='ltr'>αἱρέσεων</span> <span class='ocrx_word' id='word_1_247' title='bbox 1103 2441 1254 2496; x_wconf 77' lang='grc' dir='ltr'>ἀλλήλος</span> <span class='ocrx_word' id='word_1_248' title='bbox 1287 2441 1490 2486; x_wconf 77' lang='grc' dir='ltr'>σύμφρονες,</span> <span class='ocrx_word' id='word_1_249' title='bbox 1527 2442 1558 2476; x_wconf 76' lang='grc' dir='ltr'><strong>ἔν</strong></span> <span class='ocrx_word' id='word_1_250' title='bbox 1581 2455 1648 2477; x_wconf 83' lang='grc' dir='ltr'>τισι</span> 
     </span>
     <span class='ocr_line' id='line_1_30' title="bbox 178 2485 1648 2541; baseline 0.002 -23"><span class='ocrx_word' id='word_1_251' title='bbox 178 2487 279 2518; x_wconf 76' lang='lat' dir='ltr'><strong>5.11a</strong></span> <span class='ocrx_word' id='word_1_252' title='bbox 304 2488 369 2518; x_wconf 83' lang='lat' dir='ltr'><strong>cod.</strong></span> <span class='ocrx_word' id='word_1_253' title='bbox 396 2489 493 2518; x_wconf 80' lang='lat' dir='ltr'><strong>Venet.</strong></span> <span class='ocrx_word' id='word_1_254' title='bbox 543 2489 637 2538; x_wconf 71' lang='lat' dir='ltr'><strong>anyo</strong></span> <span class='ocrx_word' id='word_1_255' title='bbox 656 2486 829 2541; x_wconf 64' lang='grc' dir='ltr'><strong>Ιορξῑηνοὶ.</strong></span> <span class='ocrx_word' id='word_1_256' title='bbox 916 2487 953 2521; x_wconf 85' lang='grc' dir='ltr'><strong>δὲ</strong></span> <span class='ocrx_word' id='word_1_257' title='bbox 976 2487 1186 2528; x_wconf 70' lang='grc' dir='ltr'>διιστάμενοι</span> <span class='ocrx_word' id='word_1_258' title='bbox 1233 2485 1395 2529; x_wconf 75' lang='grc' dir='ltr'>Εσσηνοὶ</span> <span class='ocrx_word' id='word_1_259' title='bbox 1427 2487 1484 2529; x_wconf 77' lang='grc' dir='ltr'><strong>μὲν</strong></span> <span class='ocrx_word' id='word_1_260' title='bbox 1517 2486 1591 2541; x_wconf 83' lang='grc' dir='ltr'><strong>γὰρ</strong></span> <span class='ocrx_word' id='word_1_261' title='bbox 1614 2487 1648 2522; x_wconf 80' lang='grc' dir='ltr'><strong>ἐν</strong></span> 
     </span>
    </p>
   </div>
   <div class='ocr_carea' id='block_1_10' title="bbox 132 2526 1649 3024">
    <p class='ocr_par' dir='ltr' id='par_1_10' title="bbox 132 2526 1649 3024">
     <span class='ocr_line' id='line_1_31' title="bbox 179 2526 1648 2576; baseline 0.003 -14"><span class='ocrx_word' id='word_1_262' title='bbox 179 2529 209 2562; x_wconf 86' lang='grc'><strong>4.</strong></span> <span class='ocrx_word' id='word_1_263' title='bbox 235 2532 387 2570; x_wconf 75' lang='grc' dir='ltr'>Βεεονὶρεὶ</span> <span class='ocrx_word' id='word_1_264' title='bbox 412 2543 448 2564; x_wconf 84' lang='grc' dir='ltr'><strong>τε</strong></span> <span class='ocrx_word' id='word_1_265' title='bbox 471 2530 527 2564; x_wconf 81' lang='grc' dir='ltr'><strong>καὶ</strong></span> <span class='ocrx_word' id='word_1_266' title='bbox 551 2531 579 2563; x_wconf 79' lang='grc' dir='ltr'><strong>οἱ</strong></span> <span class='ocrx_word' id='word_1_267' title='bbox 611 2526 720 2564; x_wconf 73' lang='grc' dir='ltr'>ἄλλοι·</span> <span class='ocrx_word' id='word_1_268' title='bbox 753 2528 821 2565; x_wconf 82' lang='grc' dir='ltr'>αλλ’</span> <span class='ocrx_word' id='word_1_269' title='bbox 842 2532 871 2565; x_wconf 83' lang='grc' dir='ltr'><strong>οἱ</strong></span> <span class='ocrx_word' id='word_1_270' title='bbox 915 2532 962 2564; x_wconf 80' lang='grc' dir='ltr'><strong>τιδ</strong></span> <span class='ocrx_word' id='word_1_271' title='bbox 986 2529 1168 2576; x_wconf 79' lang='grc' dir='ltr'>Αυγούστῳ</span> <span class='ocrx_word' id='word_1_272' title='bbox 1202 2545 1280 2575; x_wconf 69' lang='grc' dir='ltr'>μηιι</span> <span class='ocrx_word' id='word_1_273' title='bbox 1303 2532 1486 2566; x_wconf 71' lang='grc' dir='ltr'>ἐπιτελοῦσι</span> <span class='ocrx_word' id='word_1_274' title='bbox 1505 2545 1547 2566; x_wconf 87' lang='grc' dir='ltr'><strong>τα</strong></span> <span class='ocrx_word' id='word_1_275' title='bbox 1569 2529 1648 2572; x_wconf 77' lang='grc' dir='ltr'>ἄζυ-</span> 
     </span>
     <span class='ocr_line' id='line_1_32' title="bbox 133 2572 1648 2631; baseline 0.002 -24.026"><span class='ocrx_word' id='word_1_276' title='bbox 133 2572 296 2616; x_wconf 75' lang='grc' dir='ltr'>’ὶΕσσηνο</span> <span class='ocrx_word' id='word_1_277' title='bbox 320 2573 420 2617; x_wconf 42' lang='lat' dir='ltr'><strong>§weg</strong></span> <span class='ocrx_word' id='word_1_278' title='bbox 445 2580 509 2607; x_wconf 77' lang='lat' dir='ltr'><strong>cett.</strong></span> <span class='ocrx_word' id='word_1_279' title='bbox 532 2586 597 2606; x_wconf 82' lang='lat' dir='ltr'><strong>‘meo</strong></span> <span class='ocrx_word' id='word_1_280' title='bbox 626 2579 745 2615; x_wconf 68' lang='lat' dir='ltr'><strong>inqenio</strong></span> <span class='ocrx_word' id='word_1_281' title='bbox 767 2579 870 2616; x_wconf 71' lang='lat' dir='ltr'><strong>fretus.</strong></span> <span class='ocrx_word' id='word_1_282' title='bbox 917 2589 984 2617; x_wconf 84' lang='grc' dir='ltr'>μοι,</span> <span class='ocrx_word' id='word_1_283' title='bbox 1018 2589 1075 2610; x_wconf 84' lang='grc' dir='ltr'><strong>και</strong></span> <span class='ocrx_word' id='word_1_284' title='bbox 1103 2577 1325 2631; x_wconf 62' lang='grc' dir='ltr'>συμφοονοῡσι</span> <span class='ocrx_word' id='word_1_285' title='bbox 1354 2576 1439 2610; x_wconf 74' lang='grc' dir='ltr'><strong><em>κατὰ</em></strong></span> <span class='ocrx_word' id='word_1_286' title='bbox 1461 2578 1557 2611; x_wconf 81' lang='grc' dir='ltr'>τοῦτο</span> <span class='ocrx_word' id='word_1_287' title='bbox 1579 2581 1648 2615; x_wconf 81' lang='grc' dir='ltr'>τοῖς</span> 
     </span>
     <span class='ocr_line' id='line_1_33' title="bbox 137 2620 1646 2676; baseline 0.002 -25"><span class='ocrx_word' id='word_1_288' title='bbox 137 2621 218 2651; x_wconf 77' lang='lat' dir='ltr'><strong>Libri</strong></span> <span class='ocrx_word' id='word_1_289' title='bbox 238 2623 317 2651; x_wconf 79' lang='lat' dir='ltr'><strong>enirn</strong></span> <span class='ocrx_word' id='word_1_290' title='bbox 339 2625 488 2660; x_wconf 82' lang='lat' dir='ltr'><strong>corrupte,</strong></span> <span class='ocrx_word' id='word_1_291' title='bbox 511 2622 544 2651; x_wconf 73' lang='lat' dir='ltr'><strong>id.</strong></span> <span class='ocrx_word' id='word_1_292' title='bbox 563 2622 657 2672; x_wconf 46' lang='lat' dir='ltr'><strong>quod,</strong></span> <span class='ocrx_word' id='word_1_293' title='bbox 657 2622 794 2671; x_wconf 78' lang='lat' dir='ltr'><strong>undique</strong></span> <span class='ocrx_word' id='word_1_294' title='bbox 814 2632 870 2661; x_wconf 84' lang='lat' dir='ltr'><strong>ap-</strong></span> <span class='ocrx_word' id='word_1_295' title='bbox 915 2621 966 2654; x_wconf 90' lang='grc' dir='ltr'><strong>Σ;</strong></span> <span class='ocrx_word' id='word_1_296' title='bbox 970 2622 1111 2675; x_wconf 75' lang='grc' dir='ltr'>βουαίοις</span> <span class='ocrx_word' id='word_1_297' title='bbox 1097 2645 1132 2663; x_wconf 86' lang='grc'>,</span> <span class='ocrx_word' id='word_1_298' title='bbox 1166 2634 1226 2664; x_wconf 82' lang='grc' dir='ltr'><strong>την</strong></span> <span class='ocrx_word' id='word_1_299' title='bbox 1258 2620 1294 2656; x_wconf 80' lang='grc' dir='ltr'><strong>δὲ</strong></span> <span class='ocrx_word' id='word_1_300' title='bbox 1317 2621 1524 2676; x_wconf 67' lang='grc' dir='ltr'>σκηνοτοιΐαν</span> <span class='ocrx_word' id='word_1_301' title='bbox 1557 2622 1646 2664; x_wconf 87' lang='lat' dir='ltr'><strong>(sic),</strong></span> 
     </span>
     <span class='ocr_line' id='line_1_34' title="bbox 132 2660 1649 2718; baseline 0.003 -23"><span class='ocrx_word' id='word_1_302' title='bbox 132 2668 241 2704; x_wconf 82' lang='lat' dir='ltr'><strong>paret,</strong></span> <span class='ocrx_word' id='word_1_303' title='bbox 265 2664 430 2718; x_wconf 53' lang='lat' dir='ltr'><strong>199eran</strong></span> <span class='ocrx_word' id='word_1_304' title='bbox 454 2663 490 2697; x_wconf 81' lang='grc' dir='ltr'><strong>δὲ</strong></span> <span class='ocrx_word' id='word_1_305' title='bbox 512 2663 570 2697; x_wconf 70' lang='grc' dir='ltr'><strong>καὶ</strong></span> <span class='ocrx_word' id='word_1_306' title='bbox 595 2676 623 2697; x_wconf 80' lang='grc' dir='ltr'><strong>οι</strong></span> <span class='ocrx_word' id='word_1_307' title='bbox 645 2660 744 2697; x_wconf 68' lang='grc' dir='ltr'>ἄλλοι</span> <span class='ocrx_word' id='word_1_308' title='bbox 788 2662 870 2699; x_wconf 87' lang='grc' dir='ltr'><strong>Εσ-</strong></span> <span class='ocrx_word' id='word_1_309' title='bbox 915 2677 972 2699; x_wconf 80' lang='grc' dir='ltr'><strong>οτε</strong></span> <span class='ocrx_word' id='word_1_310' title='bbox 1000 2663 1076 2708; x_wconf 73' lang='grc' dir='ltr'><strong>παρ’</strong></span> <span class='ocrx_word' id='word_1_311' title='bbox 1106 2663 1279 2704; x_wconf 76' lang='grc' dir='ltr'>Ἰουδαίοις</span> <span class='ocrx_word' id='word_1_312' title='bbox 1311 2665 1351 2700; x_wconf 86' lang='grc' dir='ltr'><strong>τὰ</strong></span> <span class='ocrx_word' id='word_1_313' title='bbox 1385 2664 1496 2709; x_wconf 78' lang='grc' dir='ltr'>ἄζυμα</span> <span class='ocrx_word' id='word_1_314' title='bbox 1526 2666 1649 2709; x_wconf 84' lang='grc' dir='ltr'>γίνεται</span> 
     </span>
     <span class='ocr_line' id='line_1_35' title="bbox 137 2695 1644 2755; baseline 0.002 -14"><span class='ocrx_word' id='word_1_315' title='bbox 137 2709 230 2750; x_wconf 76' lang='grc' dir='ltr'>σηνοὶ</span> <span class='ocrx_word' id='word_1_316' title='bbox 249 2695 379 2751; x_wconf 78' lang='grc' dir='ltr'>ἐγγυς</span> <span class='ocrx_word' id='word_1_317' title='bbox 378 2721 402 2751; x_wconf 60' lang='lat'><em>4</em></span> <span class='ocrx_word' id='word_1_318' title='bbox 393 2707 483 2750; x_wconf 53' lang='grc' dir='ltr'><strong>νόος</strong></span> <span class='ocrx_word' id='word_1_319' title='bbox 487 2721 531 2742; x_wconf 61' lang='grc' dir='ltr'><strong>ιον.</strong></span> <span class='ocrx_word' id='word_1_320' title='bbox 552 2713 616 2740; x_wconf 76' lang='lat' dir='ltr'><strong>cett.</strong></span> <span class='ocrx_word' id='word_1_321' title='bbox 657 2711 751 2740; x_wconf 74' lang='lat' dir='ltr'><strong>Verba</strong></span> <span class='ocrx_word' id='word_1_322' title='bbox 771 2709 870 2753; x_wconf 63' lang='grc' dir='ltr'>ἐγγὺς</span> <span class='ocrx_word' id='word_1_323' title='bbox 914 2709 973 2753; x_wconf 73' lang='grc' dir='ltr'><strong>τήν</strong></span> <span class='ocrx_word' id='word_1_324' title='bbox 995 2722 1218 2753; x_wconf 78' lang='grc' dir='ltr'>πεντηκοστην</span> <span class='ocrx_word' id='word_1_325' title='bbox 1253 2712 1334 2753; x_wconf 82' lang='lat' dir='ltr'><strong>(cod.</strong></span> <span class='ocrx_word' id='word_1_326' title='bbox 1355 2714 1463 2743; x_wconf 83' lang='lat' dir='ltr'><strong>Baluz.</strong></span> <span class='ocrx_word' id='word_1_327' title='bbox 1488 2714 1576 2743; x_wconf 78' lang='lat' dir='ltr'><strong>habet</strong></span> <span class='ocrx_word' id='word_1_328' title='bbox 1601 2713 1644 2755; x_wconf 81' lang='grc' dir='ltr'><strong>τῇ</strong></span> 
     </span>
     <span class='ocr_line' id='line_1_36' title="bbox 136 2750 1646 2810; baseline 0.002 -24"><span class='ocrx_word' id='word_1_329' title='bbox 136 2751 297 2795; x_wconf 79' lang='grc' dir='ltr'>γινόμενοι</span> <span class='ocrx_word' id='word_1_330' title='bbox 317 2755 383 2786; x_wconf 80' lang='grc' dir='ltr'><strong>τῶν</strong></span> <span class='ocrx_word' id='word_1_331' title='bbox 408 2750 513 2786; x_wconf 79' lang='grc' dir='ltr'>ἄλλων</span> <span class='ocrx_word' id='word_1_332' title='bbox 544 2756 633 2785; x_wconf 76' lang='lat' dir='ltr'><strong>aliter</strong></span> <span class='ocrx_word' id='word_1_333' title='bbox 661 2763 753 2793; x_wconf 83' lang='lat' dir='ltr'><strong>quam</strong></span> <span class='ocrx_word' id='word_1_334' title='bbox 780 2758 870 2787; x_wconf 78' lang='lat' dir='ltr'><strong>inter·</strong></span> <span class='ocrx_word' id='word_1_335' title='bbox 913 2767 954 2788; x_wconf 84' lang='grc' dir='ltr'><strong>π;</strong></span> <span class='ocrx_word' id='word_1_336' title='bbox 956 2768 987 2788; x_wconf 85' lang='grc' dir='ltr'>ν</span> <span class='ocrx_word' id='word_1_337' title='bbox 973 2756 1146 2810; x_wconf 75' lang='grc' dir='ltr'>-ηκοστ-ᾒ)</span> <span class='ocrx_word' id='word_1_338' title='bbox 1186 2756 1216 2789; x_wconf 74' lang='grc' dir='ltr'><strong>ἐν</strong></span> <span class='ocrx_word' id='word_1_339' title='bbox 1250 2756 1296 2799; x_wconf 80' lang='grc' dir='ltr'><strong>τῷ</strong></span> <span class='ocrx_word' id='word_1_340' title='bbox 1332 2755 1524 2800; x_wconf 76' lang='grc' dir='ltr'>μετοπώρῳ</span> <span class='ocrx_word' id='word_1_341' title='bbox 1579 2757 1646 2789; x_wconf 86' lang='grc' dir='ltr'><strong>Σε-</strong></span> 
     </span>
     <span class='ocr_line' id='line_1_37' title="bbox 134 2787 1647 2854; baseline 0.003 -25"><span class='ocrx_word' id='word_1_342' title='bbox 134 2801 246 2836; x_wconf 67' lang='lat' dir='ltr'><strong>prelati</strong></span> <span class='ocrx_word' id='word_1_343' title='bbox 263 2801 513 2830; x_wconf 77' lang='lat' dir='ltr'><strong>suntCornarius</strong></span> <span class='ocrx_word' id='word_1_344' title='bbox 533 2802 621 2838; x_wconf 80' lang='lat' dir='ltr'><strong>atquc</strong></span> <span class='ocrx_word' id='word_1_345' title='bbox 635 2801 778 2830; x_wconf 69' lang='lat' dir='ltr'><strong>Petavius</strong></span> <span class='ocrx_word' id='word_1_346' title='bbox 796 2802 871 2832; x_wconf 78' lang='lat' dir='ltr'><strong>mihi</strong></span> <span class='ocrx_word' id='word_1_347' title='bbox 916 2802 1040 2842; x_wconf 85' lang='grc' dir='ltr'>βουοιιοι</span> <span class='ocrx_word' id='word_1_348' title='bbox 1068 2799 1105 2835; x_wconf 81' lang='grc' dir='ltr'><strong>δὲ</strong></span> <span class='ocrx_word' id='word_1_349' title='bbox 1135 2813 1196 2833; x_wconf 59' lang='grc' dir='ltr'><strong>κιτ</strong></span> <span class='ocrx_word' id='word_1_350' title='bbox 1199 2800 1219 2834; x_wconf 74' lang='grc' dir='ltr'><em>ἀ</em></span> <span class='ocrx_word' id='word_1_351' title='bbox 1252 2813 1308 2842; x_wconf 83' lang='grc' dir='ltr'><strong>μεν</strong></span> <span class='ocrx_word' id='word_1_352' title='bbox 1336 2812 1395 2854; x_wconf 82' lang='grc' dir='ltr'><strong>την</strong></span> <span class='ocrx_word' id='word_1_353' title='bbox 1426 2787 1559 2843; x_wconf 77' lang='grc' dir='ltr'>τελετην</span> <span class='ocrx_word' id='word_1_354' title='bbox 1583 2801 1647 2834; x_wconf 83' lang='grc' dir='ltr'><strong>τῶν</strong></span> 
     </span>
     <span class='ocr_line' id='line_1_38' title="bbox 135 2842 1648 2889; baseline 0.004 -16"><span class='ocrx_word' id='word_1_355' title='bbox 135 2843 275 2874; x_wconf 80' lang='lat' dir='ltr'><strong>videntur</strong></span> <span class='ocrx_word' id='word_1_356' title='bbox 300 2853 362 2875; x_wconf 85' lang='lat' dir='ltr'><strong>esse</strong></span> <span class='ocrx_word' id='word_1_357' title='bbox 391 2845 552 2882; x_wconf 78' lang='lat' dir='ltr'><strong>capienda.</strong></span> <span class='ocrx_word' id='word_1_358' title='bbox 603 2845 706 2874; x_wconf 77' lang='lat' dir='ltr'><strong>Verte:</strong></span> <span class='ocrx_word' id='word_1_359' title='bbox 741 2845 870 2885; x_wconf 77' lang='lat' dir='ltr'><strong>quando</strong></span> <span class='ocrx_word' id='word_1_360' title='bbox 915 2844 1034 2886; x_wconf 78' lang='grc' dir='ltr'>ἑορτῶν</span> <span class='ocrx_word' id='word_1_361' title='bbox 1069 2843 1246 2889; x_wconf 70' lang='grc' dir='ltr'>συνᾴδουσι</span> <span class='ocrx_word' id='word_1_362' title='bbox 1277 2849 1346 2883; x_wconf 77' lang='grc' dir='ltr'>τοῖς</span> <span class='ocrx_word' id='word_1_363' title='bbox 1377 2842 1556 2887; x_wconf 82' lang='grc' dir='ltr'>Ἐσσηνοῖς</span> <span class='ocrx_word' id='word_1_364' title='bbox 1589 2846 1648 2879; x_wconf 76' lang='grc' dir='ltr'><strong>καὶ</strong></span> 
     </span>
     <span class='ocr_line' id='line_1_39' title="bbox 138 2887 1647 2943; baseline 0.004 -27"><span class='ocrx_word' id='word_1_365' title='bbox 138 2896 210 2917; x_wconf 88' lang='lat' dir='ltr'><strong>cum</strong></span> <span class='ocrx_word' id='word_1_366' title='bbox 244 2887 376 2929; x_wconf 86' lang='lat' dir='ltr'><strong>reliquis</strong></span> <span class='ocrx_word' id='word_1_367' title='bbox 413 2888 675 2929; x_wconf 78' lang='lat' dir='ltr'><strong>congrediuntur.</strong></span> <span class='ocrx_word' id='word_1_368' title='bbox 736 2890 871 2921; x_wconf 77' lang='lat' dir='ltr'><strong>Ceterum</strong></span> <span class='ocrx_word' id='word_1_369' title='bbox 915 2888 1023 2931; x_wconf 75' lang='grc' dir='ltr'>Γορο,</span> <span class='ocrx_word' id='word_1_370' title='bbox 1025 2895 1114 2930; x_wconf 76' lang='grc' dir='ltr'>ηνοῐς</span> <span class='ocrx_word' id='word_1_371' title='bbox 1159 2892 1222 2923; x_wconf 69' lang='grc' dir='ltr'><strong>τῶι</strong></span> <span class='ocrx_word' id='word_1_372' title='bbox 1243 2890 1281 2924; x_wconf 84' lang='grc' dir='ltr'><strong>δὲ</strong></span> <span class='ocrx_word' id='word_1_373' title='bbox 1300 2893 1377 2923; x_wconf 80' lang='grc' dir='ltr'>Δοσι</span> <span class='ocrx_word' id='word_1_374' title='bbox 1381 2890 1420 2923; x_wconf 61' lang='grc' dir='ltr'><strong>ἓέ</strong></span> <span class='ocrx_word' id='word_1_375' title='bbox 1422 2903 1464 2923; x_wconf 66' lang='grc' dir='ltr'><strong>ω)</strong></span> <span class='ocrx_word' id='word_1_376' title='bbox 1472 2902 1548 2943; x_wconf 52' lang='grc' dir='ltr'><strong>,αφ</strong></span> <span class='ocrx_word' id='word_1_377' title='bbox 1540 2891 1647 2923; x_wconf 65' lang='lat' dir='ltr'><strong>s&#39;TJna</strong></span> 
     </span>
     <span class='ocr_line' id='line_1_40' title="bbox 138 2912 1647 2977; baseline 0.004 -16"><span class='ocrx_word' id='word_1_378' title='bbox 138 2932 222 2961; x_wconf 73' lang='lat' dir='ltr'><strong>iuvat</strong></span> <span class='ocrx_word' id='word_1_379' title='bbox 251 2941 288 2963; x_wconf 76' lang='lat' dir='ltr'><strong>ex</strong></span> <span class='ocrx_word' id='word_1_380' title='bbox 310 2934 430 2964; x_wconf 76' lang='lat' dir='ltr'><strong>Nicetae</strong></span> <span class='ocrx_word' id='word_1_381' title='bbox 455 2935 620 2964; x_wconf 70' lang='lat' dir='ltr'><strong>Chomarae</strong></span> <span class='ocrx_word' id='word_1_382' title='bbox 645 2935 790 2964; x_wconf 79' lang='lat' dir='ltr'><strong>Thesauri</strong></span> <span class='ocrx_word' id='word_1_383' title='bbox 815 2937 872 2966; x_wconf 89' lang='lat' dir='ltr'><strong>Or·</strong></span> <span class='ocrx_word' id='word_1_384' title='bbox 915 2945 977 2966; x_wconf 84' lang='grc' dir='ltr'><strong>ται.</strong></span> <span class='ocrx_word' id='word_1_385' title='bbox 1022 2912 1155 2977; x_wconf 56' lang='lat' dir='ltr'><strong>romi-q</strong></span> <span class='ocrx_word' id='word_1_386' title='bbox 1159 2935 1207 2968; x_wconf 80' lang='grc' dir='ltr'><strong>νοὶ</strong></span> <span class='ocrx_word' id='word_1_387' title='bbox 1236 2934 1346 2969; x_wconf 84' lang='grc' dir='ltr'>δὲτὰ</span> <span class='ocrx_word' id='word_1_388' title='bbox 1377 2947 1434 2977; x_wconf 83' lang='grc' dir='ltr'><strong>μεν</strong></span> <span class='ocrx_word' id='word_1_389' title='bbox 1467 2931 1549 2968; x_wconf 72' lang='grc' dir='ltr'>ἄλλα</span> <span class='ocrx_word' id='word_1_390' title='bbox 1579 2938 1647 2972; x_wconf 79' lang='grc' dir='ltr'>τοῖς</span> 
     </span>
     <span class='ocr_line' id='line_1_41' title="bbox 139 2948 1646 3024; baseline 0.005 -21"><span class='ocrx_word' id='word_1_391' title='bbox 139 2974 286 3007; x_wconf 74' lang='lat' dir='ltr'><strong>thodoaeae</strong></span> <span class='ocrx_word' id='word_1_392' title='bbox 318 2978 402 3009; x_wconf 78' lang='lat' dir='ltr'><strong>Fidei</strong></span> <span class='ocrx_word' id='word_1_393' title='bbox 432 2979 501 3008; x_wconf 81' lang='lat' dir='ltr'><strong>libri</strong></span> <span class='ocrx_word' id='word_1_394' title='bbox 524 2979 545 3009; x_wconf 89' lang='lat' dir='ltr'><strong>l.</strong></span> <span class='ocrx_word' id='word_1_395' title='bbox 571 2987 637 3017; x_wconf 81' lang='lat' dir='ltr'><strong>cap.</strong></span> <span class='ocrx_word' id='word_1_396' title='bbox 660 2977 713 3011; x_wconf 69' lang='lat'><strong>35».</strong></span> <span class='ocrx_word' id='word_1_397' title='bbox 746 2987 781 3009; x_wconf 80' lang='lat' dir='ltr'><strong>ea</strong></span> <span class='ocrx_word' id='word_1_398' title='bbox 815 2980 870 3010; x_wconf 81' lang='lat' dir='ltr'><strong>huc</strong></span> <span class='ocrx_word' id='word_1_399' title='bbox 914 2975 1092 3021; x_wconf 81' lang='grc' dir='ltr'>Ἐσσηνοῖς</span> <span class='ocrx_word' id='word_1_400' title='bbox 1127 2948 1183 3013; x_wconf 57' lang='lat' dir='ltr'><strong>7.qu-</strong></span> <span class='ocrx_word' id='word_1_401' title='bbox 1216 2980 1265 3013; x_wconf 79' lang='grc' dir='ltr'><strong>Σε</strong></span> <span class='ocrx_word' id='word_1_402' title='bbox 1270 2979 1410 3024; x_wconf 81' lang='grc' dir='ltr'>βουαίοις</span> <span class='ocrx_word' id='word_1_403' title='bbox 1446 2979 1646 3019; x_wconf 81' lang='grc' dir='ltr'>κοινωνοῦσι,</span> 
     </span>
    </p>
   </div>
   <div class='ocr_carea' id='block_1_11' title="bbox 1669 1013 1792 1058">
    <p class='ocr_par' dir='ltr' id='par_1_11' title="bbox 1669 1013 1792 1058">
     <span class='ocr_line' id='line_1_42' title="bbox 1669 1013 1792 1058; baseline 0.033 -13"><span class='ocrx_word' id='word_1_404' title='bbox 1669 1013 1743 1058; x_wconf 89' lang='lat' dir='ltr'><strong>Cap.</strong></span> <span class='ocrx_word' id='word_1_405' title='bbox 1768 1018 1792 1049; x_wconf 83' lang='lat'><strong>1.</strong></span> 
     </span>
    </p>
   </div>
   <div class='ocr_carea' id='block_1_12' title="bbox 1675 2019 1797 2064">
    <p class='ocr_par' dir='ltr' id='par_1_12' title="bbox 1675 2019 1797 2064">
     <span class='ocr_line' id='line_1_43' title="bbox 1675 2019 1797 2064; baseline 0.041 -13"><span class='ocrx_word' id='word_1_406' title='bbox 1675 2019 1751 2064; x_wconf 83' lang='lat' dir='ltr'><strong>Cap.</strong></span> <span class='ocrx_word' id='word_1_407' title='bbox 1773 2023 1797 2056; x_wconf 87' lang='grc' dir='ltr'><strong>Ι.</strong></span> 
     </span>
    </p>
   </div>
  </div>
 </body>
</html>
