<?xml version="1.0" encoding="UTF-8"?>
<!DOCTYPE html PUBLIC "-//W3C//DTD XHTML 1.0 Transitional//EN"
    "http://www.w3.org/TR/xhtml1/DTD/xhtml1-transitional.dtd">
<html xmlns="http://www.w3.org/1999/xhtml" xml:lang="en" lang="en">
 <head>
  <title>
</title>
<meta http-equiv="Content-Type" content="text/html;charset=utf-8" />
  <meta name='ocr-system' content='tesseract 3.04.00' />
  <meta name='ocr-capabilities' content='ocr_page ocr_carea ocr_par ocr_line ocrx_word'/>
</head>
<body>
  <div class='ocr_page' id='page_1' title='image "./p1corporishaereseo02epipuoft/p1corporishaereseo02epipuoft_0479.png"; bbox 0 0 2034 3267; ppageno 0'>
   <div class='ocr_carea' id='block_1_1' title="bbox 460 188 1648 229">
    <p class='ocr_par' dir='ltr' id='par_1_1' title="bbox 460 188 1648 229">
     <span class='ocr_line' id='line_1_1' title="bbox 460 188 1648 229; baseline 0.002 -4"><span class='ocrx_word' id='word_1_1' title='bbox 460 194 636 226; x_wconf 70' lang='lat' dir='ltr'><strong>PANAnn</strong></span> <span class='ocrx_word' id='word_1_2' title='bbox 661 195 741 226; x_wconf 77' lang='lat' dir='ltr'><strong>Llss,</strong></span> <span class='ocrx_word' id='word_1_3' title='bbox 763 196 788 226; x_wconf 87' lang='lat'><strong>1.</strong></span> <span class='ocrx_word' id='word_1_4' title='bbox 813 195 918 227; x_wconf 80' lang='grc' dir='ltr'>ΤοΜ.</span> <span class='ocrx_word' id='word_1_5' title='bbox 938 196 993 226; x_wconf 80' lang='lat'>111.</span> <span class='ocrx_word' id='word_1_6' title='bbox 1017 195 1146 227; x_wconf 82' lang='lat' dir='ltr'><strong>HAER.</strong></span> <span class='ocrx_word' id='word_1_7' title='bbox 1162 195 1322 229; x_wconf 83' lang='lat' dir='ltr'><strong>xxx1v.</strong></span> <span class='ocrx_word' id='word_1_8' title='bbox 1567 188 1648 229; x_wconf 89' lang='grc'><strong>467</strong></span> 
     </span>
    </p>
   </div>
   <div class='ocr_carea' id='block_1_2' title="bbox 131 271 1865 2497">
    <p class='ocr_par' dir='ltr' id='par_1_2' title="bbox 131 271 1653 732">
     <span class='ocr_line' id='line_1_2' title="bbox 135 271 1651 328; baseline 0.002 -14"><span class='ocrx_word' id='word_1_9' title='bbox 135 273 312 314; x_wconf 86' lang='lat' dir='ltr'><strong>videlicet</strong></span> <span class='ocrx_word' id='word_1_10' title='bbox 343 286 387 312; x_wconf 87' lang='lat' dir='ltr'><strong>ac</strong></span> <span class='ocrx_word' id='word_1_11' title='bbox 414 272 548 313; x_wconf 88' lang='lat' dir='ltr'><strong>dulcis.</strong></span> <span class='ocrx_word' id='word_1_12' title='bbox 608 271 709 313; x_wconf 88' lang='lat' dir='ltr'><strong>Nam</strong></span> <span class='ocrx_word' id='word_1_13' title='bbox 743 280 861 313; x_wconf 89' lang='lat' dir='ltr'><strong>totum</strong></span> <span class='ocrx_word' id='word_1_14' title='bbox 893 274 1014 328; x_wconf 89' lang='lat' dir='ltr'><strong>ipsum</strong></span> <span class='ocrx_word' id='word_1_15' title='bbox 1049 274 1238 314; x_wconf 85' lang='lat' dir='ltr'><strong>hominem</strong></span> <span class='ocrx_word' id='word_1_16' title='bbox 1263 275 1483 315; x_wconf 88' lang='lat' dir='ltr'><strong>nniversam</strong></span> <span class='ocrx_word' id='word_1_17' title='bbox 1512 275 1651 317; x_wconf 88' lang='lat' dir='ltr'><strong>Trice-</strong></span> 
     </span>
     <span class='ocr_line' id='line_1_3' title="bbox 133 339 1651 398; baseline 0.003 -19"><span class='ocrx_word' id='word_1_18' title='bbox 133 341 230 380; x_wconf 85' lang='lat' dir='ltr'><strong>narii</strong></span> <span class='ocrx_word' id='word_1_19' title='bbox 264 339 547 380; x_wconf 87' lang='lat' dir='ltr'><strong>similitudinem</strong></span> <span class='ocrx_word' id='word_1_20' title='bbox 580 340 678 381; x_wconf 89' lang='lat' dir='ltr'><strong>bunc</strong></span> <span class='ocrx_word' id='word_1_21' title='bbox 711 340 748 380; x_wconf 93' lang='lat' dir='ltr'><strong>in</strong></span> <span class='ocrx_word' id='word_1_22' title='bbox 780 342 930 381; x_wconf 92' lang='lat' dir='ltr'><strong>modum</strong></span> <span class='ocrx_word' id='word_1_23' title='bbox 965 342 1200 396; x_wconf 79' lang='lat' dir='ltr'><strong>exprimere.</strong></span> <span class='ocrx_word' id='word_1_24' title='bbox 1261 341 1430 383; x_wconf 80' lang='lat' dir='ltr'><strong>Primum</strong></span> <span class='ocrx_word' id='word_1_25' title='bbox 1458 344 1495 383; x_wconf 91' lang='lat' dir='ltr'><strong>in</strong></span> <span class='ocrx_word' id='word_1_26' title='bbox 1524 344 1651 398; x_wconf 85' lang='lat' dir='ltr'><strong>digitis</strong></span> 
     </span>
     <span class='ocr_line' id='line_1_4' title="bbox 131 401 1651 465; baseline 0.003 -18"><span class='ocrx_word' id='word_1_27' title='bbox 131 401 327 448; x_wconf 88' lang='lat' dir='ltr'><strong>Decadem</strong></span> <span class='ocrx_word' id='word_1_28' title='bbox 349 408 612 448; x_wconf 78' lang='lat' dir='ltr'><strong>circumferre.</strong></span> <span class='ocrx_word' id='word_1_29' title='bbox 676 408 775 448; x_wconf 82' lang='lat' dir='ltr'><strong>Tum</strong></span> <span class='ocrx_word' id='word_1_30' title='bbox 802 408 839 448; x_wconf 94' lang='lat' dir='ltr'><strong>in</strong></span> <span class='ocrx_word' id='word_1_31' title='bbox 863 423 1024 463; x_wconf 92' lang='lat' dir='ltr'><strong>corpore</strong></span> <span class='ocrx_word' id='word_1_32' title='bbox 1049 417 1127 449; x_wconf 88' lang='lat' dir='ltr'><strong>toto</strong></span> <span class='ocrx_word' id='word_1_33' title='bbox 1150 409 1417 462; x_wconf 89' lang='lat' dir='ltr'><strong>Dodecadem,</strong></span> <span class='ocrx_word' id='word_1_34' title='bbox 1453 413 1551 465; x_wconf 89' lang='lat' dir='ltr'><strong>quod</strong></span> <span class='ocrx_word' id='word_1_35' title='bbox 1569 410 1651 452; x_wconf 78' lang='grc' dir='ltr'><strong>ΧΠ</strong></span> 
     </span>
     <span class='ocr_line' id='line_1_5' title="bbox 132 474 1651 526; baseline 0.003 -12"><span class='ocrx_word' id='word_1_36' title='bbox 132 475 168 515; x_wconf 90' lang='lat' dir='ltr'><strong>in</strong></span> <span class='ocrx_word' id='word_1_37' title='bbox 197 475 365 515; x_wconf 87' lang='lat' dir='ltr'><strong>membra</strong></span> <span class='ocrx_word' id='word_1_38' title='bbox 389 475 583 516; x_wconf 86' lang='lat' dir='ltr'><strong>dividitur.</strong></span> <span class='ocrx_word' id='word_1_39' title='bbox 647 474 702 516; x_wconf 82' lang='lat' dir='ltr'><strong>lta</strong></span> <span class='ocrx_word' id='word_1_40' title='bbox 723 477 822 516; x_wconf 87' lang='lat' dir='ltr'><strong>enim</strong></span> <span class='ocrx_word' id='word_1_41' title='bbox 847 476 918 516; x_wconf 90' lang='lat' dir='ltr'><strong>hoc</strong></span> <span class='ocrx_word' id='word_1_42' title='bbox 943 477 1196 526; x_wconf 85' lang='lat' dir='ltr'><strong>distribuunt,</strong></span> <span class='ocrx_word' id='word_1_43' title='bbox 1232 484 1271 516; x_wconf 90' lang='lat' dir='ltr'><strong>ut</strong></span> <span class='ocrx_word' id='word_1_44' title='bbox 1293 485 1330 517; x_wconf 87' lang='lat' dir='ltr'><strong>et</strong></span> <span class='ocrx_word' id='word_1_45' title='bbox 1356 477 1543 519; x_wconf 76' lang='lat' dir='ltr'>Veritatis</span> <span class='ocrx_word' id='word_1_46' title='bbox 1566 493 1651 519; x_wconf 91' lang='lat' dir='ltr'><strong>cor-</strong></span> 
     </span>
     <span class='ocr_line' id='line_1_6' title="bbox 132 541 1653 601; baseline 0.002 -18"><span class='ocrx_word' id='word_1_47' title='bbox 132 557 222 597; x_wconf 88' lang='lat' dir='ltr'><strong>pus,</strong></span> <span class='ocrx_word' id='word_1_48' title='bbox 265 543 311 583; x_wconf 90' lang='lat' dir='ltr'><strong>de</strong></span> <span class='ocrx_word' id='word_1_49' title='bbox 342 558 416 597; x_wconf 87' lang='lat' dir='ltr'><strong>quo</strong></span> <span class='ocrx_word' id='word_1_50' title='bbox 442 550 554 583; x_wconf 89' lang='lat' dir='ltr'><strong>antea</strong></span> <span class='ocrx_word' id='word_1_51' title='bbox 583 544 764 583; x_wconf 81' lang='lat' dir='ltr'><strong>diximus.</strong></span> <span class='ocrx_word' id='word_1_52' title='bbox 828 541 1051 596; x_wconf 82' lang='lat' dir='ltr'>Ogdoadem</span> <span class='ocrx_word' id='word_1_53' title='bbox 1079 544 1263 598; x_wconf 83' lang='lat' dir='ltr'><strong>denique,</strong></span> <span class='ocrx_word' id='word_1_54' title='bbox 1306 559 1402 598; x_wconf 85' lang='lat' dir='ltr'><strong>quae</strong></span> <span class='ocrx_word' id='word_1_55' title='bbox 1433 560 1504 586; x_wconf 87' lang='lat' dir='ltr'><strong>nec</strong></span> <span class='ocrx_word' id='word_1_56' title='bbox 1530 547 1653 601; x_wconf 80' lang='lat' dir='ltr'><strong>expli-</strong></span> 
     </span>
     <span class='ocr_line' id='line_1_7' title="bbox 132 610 1653 666; baseline 0.003 -16"><span class='ocrx_word' id='word_1_57' title='bbox 132 610 209 650; x_wconf 90' lang='lat' dir='ltr'><strong>cari</strong></span> <span class='ocrx_word' id='word_1_58' title='bbox 243 624 423 651; x_wconf 80' lang='lat' dir='ltr'>sermone</span> <span class='ocrx_word' id='word_1_59' title='bbox 456 625 524 651; x_wconf 88' lang='lat' dir='ltr'><strong>nec</strong></span> <span class='ocrx_word' id='word_1_60' title='bbox 556 611 676 652; x_wconf 89' lang='lat' dir='ltr'><strong>oculis</strong></span> <span class='ocrx_word' id='word_1_61' title='bbox 708 617 833 666; x_wconf 89' lang='lat' dir='ltr'><strong>potest</strong></span> <span class='ocrx_word' id='word_1_62' title='bbox 865 611 1032 665; x_wconf 79' lang='lat' dir='ltr'><strong>percipi,</strong></span> <span class='ocrx_word' id='word_1_63' title='bbox 1077 611 1114 651; x_wconf 91' lang='lat' dir='ltr'><strong>in</strong></span> <span class='ocrx_word' id='word_1_64' title='bbox 1141 611 1355 653; x_wconf 87' lang='lat' dir='ltr'><strong>visceribus</strong></span> <span class='ocrx_word' id='word_1_65' title='bbox 1383 613 1565 654; x_wconf 90' lang='lat' dir='ltr'><strong>latentem</strong></span> <span class='ocrx_word' id='word_1_66' title='bbox 1595 615 1653 654; x_wconf 91' lang='lat' dir='ltr'><strong>in-</strong></span> 
     </span>
     <span class='ocr_line' id='line_1_8' title="bbox 133 678 267 732; baseline 0 -14"><span class='ocrx_word' id='word_1_67' title='bbox 133 678 267 732; x_wconf 85' lang='lat' dir='ltr'><strong>telligi.</strong></span> 
     </span>
    </p>

    <p class='ocr_par' dir='ltr' id='par_1_3' title="bbox 133 744 1857 1412">
     <span class='ocr_line' id='line_1_9' title="bbox 244 744 1856 802; baseline 0.002 -16"><span class='ocrx_word' id='word_1_68' title='bbox 244 744 408 787; x_wconf 89' lang='lat' dir='ltr'><strong>Praeter</strong></span> <span class='ocrx_word' id='word_1_69' title='bbox 438 747 531 787; x_wconf 85' lang='lat' dir='ltr'><strong>baec</strong></span> <span class='ocrx_word' id='word_1_70' title='bbox 562 746 707 796; x_wconf 85' lang='lat' dir='ltr'><strong>solem,</strong></span> <span class='ocrx_word' id='word_1_71' title='bbox 751 746 939 786; x_wconf 87' lang='lat' dir='ltr'><strong>luminare</strong></span> <span class='ocrx_word' id='word_1_72' title='bbox 969 746 1059 786; x_wconf 89' lang='lat' dir='ltr'><strong>illud</strong></span> <span class='ocrx_word' id='word_1_73' title='bbox 1088 760 1290 800; x_wconf 85' lang='lat' dir='ltr'><strong>magnum,</strong></span> <span class='ocrx_word' id='word_1_74' title='bbox 1334 749 1380 788; x_wconf 89' lang='lat' dir='ltr'><strong>ad</strong></span> <span class='ocrx_word' id='word_1_75' title='bbox 1411 748 1652 789; x_wconf 87' lang='lat' dir='ltr'><strong>indicandum</strong></span> <span class='ocrx_word' id='word_1_76' title='bbox 1676 759 1856 802; x_wconf 77' lang='lat' dir='ltr'><strong>Cap.XVI.</strong></span> 
     </span>
     <span class='ocr_line' id='line_1_10' title="bbox 135 813 1857 869; baseline 0 -15"><span class='ocrx_word' id='word_1_77' title='bbox 135 813 319 855; x_wconf 74' lang='lat' dir='ltr'>Tetradis</span> <span class='ocrx_word' id='word_1_78' title='bbox 346 828 546 855; x_wconf 90' lang='lat' dir='ltr'><strong>numerum</strong></span> <span class='ocrx_word' id='word_1_79' title='bbox 567 819 702 867; x_wconf 85' lang='lat' dir='ltr'><strong>quarto</strong></span> <span class='ocrx_word' id='word_1_80' title='bbox 726 813 786 853; x_wconf 88' lang='lat' dir='ltr'><strong>dic</strong></span> <span class='ocrx_word' id='word_1_81' title='bbox 812 821 1052 868; x_wconf 87' lang='lat' dir='ltr'><strong>procreatum</strong></span> <span class='ocrx_word' id='word_1_82' title='bbox 1076 821 1222 868; x_wconf 87' lang='lat' dir='ltr'><strong>putant.</strong></span> <span class='ocrx_word' id='word_1_83' title='bbox 1285 814 1398 868; x_wconf 83' lang='lat' dir='ltr'><strong>Quod</strong></span> <span class='ocrx_word' id='word_1_84' title='bbox 1423 815 1546 869; x_wconf 89' lang='lat' dir='ltr'><strong>ipsum</strong></span> <span class='ocrx_word' id='word_1_85' title='bbox 1567 815 1654 857; x_wconf 89' lang='lat' dir='ltr'><strong>Mo-</strong></span> <span class='ocrx_word' id='word_1_86' title='bbox 1675 825 1763 852; x_wconf 75' lang='lat' dir='ltr'><strong>Exod.</strong></span> <span class='ocrx_word' id='word_1_87' title='bbox 1779 826 1822 859; x_wconf 77' lang='lat'><strong>26,</strong></span> <span class='ocrx_word' id='word_1_88' title='bbox 1842 827 1857 854; x_wconf 92' lang='lat'>1</span> 
     </span>
     <span class='ocr_line' id='line_1_11' title="bbox 133 862 1800 939; baseline 0.001 -17"><span class='ocrx_word' id='word_1_89' title='bbox 133 882 225 922; x_wconf 88' lang='lat' dir='ltr'><strong>saici</strong></span> <span class='ocrx_word' id='word_1_90' title='bbox 252 882 485 922; x_wconf 74' lang='lat' dir='ltr'>tabernaculi</span> <span class='ocrx_word' id='word_1_91' title='bbox 509 881 640 921; x_wconf 88' lang='lat' dir='ltr'><strong>aulaea</strong></span> <span class='ocrx_word' id='word_1_92' title='bbox 664 889 1002 935; x_wconf 74' lang='lat' dir='ltr'><strong>repraesentasse,</strong></span> <span class='ocrx_word' id='word_1_93' title='bbox 1045 895 1095 921; x_wconf 83' lang='lat' dir='ltr'><strong>ex</strong></span> <span class='ocrx_word' id='word_1_94' title='bbox 1119 882 1259 937; x_wconf 85' lang='lat' dir='ltr'><strong>bysso,</strong></span> <span class='ocrx_word' id='word_1_95' title='bbox 1305 883 1532 937; x_wconf 83' lang='lat' dir='ltr'><strong>hyacintho,</strong></span> <span class='ocrx_word' id='word_1_96' title='bbox 1567 899 1655 939; x_wconf 86' lang='lat' dir='ltr'><strong>pur-</strong></span> <span class='ocrx_word' id='word_1_97' title='bbox 1732 862 1800 887; x_wconf 76' lang='lat' dir='ltr'><strong>ctb.</strong></span> 
     </span>
     <span class='ocr_line' id='line_1_12' title="bbox 134 947 1857 1005; baseline 0.001 -15"><span class='ocrx_word' id='word_1_98' title='bbox 134 964 227 1005; x_wconf 86' lang='lat' dir='ltr'><strong>pura</strong></span> <span class='ocrx_word' id='word_1_99' title='bbox 249 963 440 1004; x_wconf 87' lang='lat' dir='ltr'><strong>coccoque</strong></span> <span class='ocrx_word' id='word_1_100' title='bbox 463 956 660 989; x_wconf 83' lang='lat' dir='ltr'><strong>contexta.</strong></span> <span class='ocrx_word' id='word_1_101' title='bbox 724 947 936 1003; x_wconf 78' lang='lat' dir='ltr'><strong>Itidemque</strong></span> <span class='ocrx_word' id='word_1_102' title='bbox 958 950 1171 990; x_wconf 88' lang='lat' dir='ltr'><strong>sacerdotis</strong></span> <span class='ocrx_word' id='word_1_103' title='bbox 1194 950 1351 990; x_wconf 88' lang='lat' dir='ltr'><strong>talarem</strong></span> <span class='ocrx_word' id='word_1_104' title='bbox 1375 951 1542 991; x_wconf 85' lang='lat' dir='ltr'><strong>tunicam</strong></span> <span class='ocrx_word' id='word_1_105' title='bbox 1565 966 1656 1005; x_wconf 85' lang='lat' dir='ltr'><strong>qua·</strong></span> <span class='ocrx_word' id='word_1_106' title='bbox 1670 956 1857 992; x_wconf 51' lang='lat' dir='ltr'><strong>Ewd-&#39;AEW-</strong></span> 
     </span>
     <span class='ocr_line' id='line_1_13' title="bbox 134 1016 1654 1073; baseline 0.001 -15"><span class='ocrx_word' id='word_1_107' title='bbox 134 1025 222 1058; x_wconf 86' lang='lat' dir='ltr'><strong>tuor</strong></span> <span class='ocrx_word' id='word_1_108' title='bbox 244 1018 458 1073; x_wconf 83' lang='lat' dir='ltr'><strong>lapillorum</strong></span> <span class='ocrx_word' id='word_1_109' title='bbox 483 1017 679 1057; x_wconf 87' lang='lat' dir='ltr'><strong>ordinibus</strong></span> <span class='ocrx_word' id='word_1_110' title='bbox 705 1016 937 1057; x_wconf 86' lang='lat' dir='ltr'><strong>distinctam.</strong></span> <span class='ocrx_word' id='word_1_111' title='bbox 999 1017 1059 1057; x_wconf 87' lang='lat' dir='ltr'><strong>Ac</strong></span> <span class='ocrx_word' id='word_1_112' title='bbox 1090 1017 1123 1057; x_wconf 90' lang='lat' dir='ltr'><strong>si</strong></span> <span class='ocrx_word' id='word_1_113' title='bbox 1150 1032 1221 1072; x_wconf 88' lang='lat' dir='ltr'><strong>qua</strong></span> <span class='ocrx_word' id='word_1_114' title='bbox 1248 1025 1336 1058; x_wconf 87' lang='lat' dir='ltr'><strong>sunt</strong></span> <span class='ocrx_word' id='word_1_115' title='bbox 1363 1018 1654 1071; x_wconf 83' lang='lat' dir='ltr'><strong>eiusdemmodi,</strong></span> 
     </span>
     <span class='ocr_line' id='line_1_14' title="bbox 135 1084 1658 1142; baseline 0.002 -17"><span class='ocrx_word' id='word_1_116' title='bbox 135 1099 230 1140; x_wconf 86' lang='lat' dir='ltr'><strong>quae</strong></span> <span class='ocrx_word' id='word_1_117' title='bbox 260 1086 297 1126; x_wconf 93' lang='lat' dir='ltr'><strong>in</strong></span> <span class='ocrx_word' id='word_1_118' title='bbox 331 1085 450 1125; x_wconf 89' lang='lat' dir='ltr'><strong>sacris</strong></span> <span class='ocrx_word' id='word_1_119' title='bbox 481 1084 603 1125; x_wconf 88' lang='lat' dir='ltr'><strong>literis</strong></span> <span class='ocrx_word' id='word_1_120' title='bbox 635 1085 678 1124; x_wconf 89' lang='lat' dir='ltr'><strong>ad</strong></span> <span class='ocrx_word' id='word_1_121' title='bbox 711 1086 994 1139; x_wconf 88' lang='lat' dir='ltr'><strong>quaternarium</strong></span> <span class='ocrx_word' id='word_1_122' title='bbox 1025 1100 1224 1125; x_wconf 83' lang='lat' dir='ltr'><strong>numerum</strong></span> <span class='ocrx_word' id='word_1_123' title='bbox 1258 1087 1538 1127; x_wconf 81' lang='lat' dir='ltr'><strong>accommodari</strong></span> <span class='ocrx_word' id='word_1_124' title='bbox 1571 1102 1658 1142; x_wconf 91' lang='lat' dir='ltr'><strong>pos-</strong></span> 
     </span>
     <span class='ocr_line' id='line_1_15' title="bbox 135 1151 1656 1208; baseline 0.001 -14"><span class='ocrx_word' id='word_1_125' title='bbox 135 1161 245 1204; x_wconf 85' lang='lat' dir='ltr'><strong>sunt,</strong></span> <span class='ocrx_word' id='word_1_126' title='bbox 290 1167 395 1193; x_wconf 87' lang='lat' dir='ltr'><strong>snam</strong></span> <span class='ocrx_word' id='word_1_127' title='bbox 425 1153 470 1192; x_wconf 92' lang='lat' dir='ltr'><strong>ad</strong></span> <span class='ocrx_word' id='word_1_128' title='bbox 497 1152 707 1192; x_wconf 84' lang='lat' dir='ltr'><strong>Tetradem</strong></span> <span class='ocrx_word' id='word_1_129' title='bbox 741 1152 934 1208; x_wconf 86' lang='lat' dir='ltr'><strong>pertinere</strong></span> <span class='ocrx_word' id='word_1_130' title='bbox 966 1154 1207 1193; x_wconf 83' lang='lat' dir='ltr'><strong>conlirmant.</strong></span> <span class='ocrx_word' id='word_1_131' title='bbox 1271 1151 1492 1208; x_wconf 74' lang='lat' dir='ltr'><strong>Ogdoadem</strong></span> <span class='ocrx_word' id='word_1_132' title='bbox 1523 1170 1656 1196; x_wconf 88' lang='lat' dir='ltr'><strong>rursus</strong></span> 
     </span>
     <span class='ocr_line' id='line_1_16' title="bbox 135 1220 1657 1263; baseline 0.002 -3"><span class='ocrx_word' id='word_1_133' title='bbox 135 1221 205 1261; x_wconf 87' lang='lat' dir='ltr'><strong>boc</strong></span> <span class='ocrx_word' id='word_1_134' title='bbox 232 1222 311 1261; x_wconf 88' lang='lat' dir='ltr'><strong>l&#39;ere</strong></span> <span class='ocrx_word' id='word_1_135' title='bbox 335 1221 446 1261; x_wconf 91' lang='lat' dir='ltr'><strong>modo</strong></span> <span class='ocrx_word' id='word_1_136' title='bbox 472 1221 743 1261; x_wconf 88' lang='lat' dir='ltr'><strong>demonstrari.</strong></span> <span class='ocrx_word' id='word_1_137' title='bbox 806 1220 958 1261; x_wconf 86' lang='lat' dir='ltr'><strong>Etenim</strong></span> <span class='ocrx_word' id='word_1_138' title='bbox 985 1228 1123 1261; x_wconf 89' lang='lat' dir='ltr'><strong>octavo</strong></span> <span class='ocrx_word' id='word_1_139' title='bbox 1150 1222 1208 1261; x_wconf 90' lang='lat' dir='ltr'><strong>die</strong></span> <span class='ocrx_word' id='word_1_140' title='bbox 1236 1222 1440 1261; x_wconf 78' lang='lat' dir='ltr'><strong>formatum</strong></span> <span class='ocrx_word' id='word_1_141' title='bbox 1466 1223 1657 1263; x_wconf 82' lang='lat' dir='ltr'><strong>bominem</strong></span> 
     </span>
     <span class='ocr_line' id='line_1_17' title="bbox 136 1288 1659 1344; baseline 0.003 -16"><span class='ocrx_word' id='word_1_142' title='bbox 136 1295 330 1339; x_wconf 84' lang='lat' dir='ltr'><strong>asserunt,</strong></span> <span class='ocrx_word' id='word_1_143' title='bbox 355 1302 464 1342; x_wconf 85' lang='lat' dir='ltr'><strong>quem</strong></span> <span class='ocrx_word' id='word_1_144' title='bbox 486 1288 579 1329; x_wconf 90' lang='lat' dir='ltr'><strong>alias</strong></span> <span class='ocrx_word' id='word_1_145' title='bbox 601 1296 716 1329; x_wconf 80' lang='lat' dir='ltr'><strong>sexto</strong></span> <span class='ocrx_word' id='word_1_146' title='bbox 739 1289 864 1343; x_wconf 88' lang='lat' dir='ltr'><strong>potius</strong></span> <span class='ocrx_word' id='word_1_147' title='bbox 887 1290 1110 1344; x_wconf 85' lang='lat' dir='ltr'><strong>productum</strong></span> <span class='ocrx_word' id='word_1_148' title='bbox 1133 1289 1286 1329; x_wconf 89' lang='lat' dir='ltr'><strong>volunt:</strong></span> <span class='ocrx_word' id='word_1_149' title='bbox 1323 1290 1393 1330; x_wconf 89' lang='lat' dir='ltr'><strong>nisi</strong></span> <span class='ocrx_word' id='word_1_150' title='bbox 1418 1292 1514 1331; x_wconf 85' lang='lat' dir='ltr'><strong>l&#39;orte</strong></span> <span class='ocrx_word' id='word_1_151' title='bbox 1538 1299 1659 1332; x_wconf 87' lang='lat' dir='ltr'><strong>terre-</strong></span> 
     </span>
     <span class='ocr_line' id='line_1_18' title="bbox 135 1356 1657 1412; baseline 0.003 -16"><span class='ocrx_word' id='word_1_152' title='bbox 135 1363 250 1397; x_wconf 89' lang='lat' dir='ltr'><strong>strem</strong></span> <span class='ocrx_word' id='word_1_153' title='bbox 286 1356 477 1396; x_wconf 84' lang='lat' dir='ltr'><strong>bominem</strong></span> <span class='ocrx_word' id='word_1_154' title='bbox 506 1363 643 1407; x_wconf 77' lang='lat' dir='ltr'><strong>sexto,</strong></span> <span class='ocrx_word' id='word_1_155' title='bbox 687 1357 878 1397; x_wconf 85' lang='lat' dir='ltr'><strong>carnalem</strong></span> <span class='ocrx_word' id='word_1_156' title='bbox 912 1364 1047 1398; x_wconf 86' lang='lat' dir='ltr'><strong>octavo</strong></span> <span class='ocrx_word' id='word_1_157' title='bbox 1080 1357 1140 1397; x_wconf 91' lang='lat' dir='ltr'><strong>die</strong></span> <span class='ocrx_word' id='word_1_158' title='bbox 1170 1357 1392 1398; x_wconf 86' lang='lat' dir='ltr'><strong>fabricatum</strong></span> <span class='ocrx_word' id='word_1_159' title='bbox 1424 1359 1657 1412; x_wconf 82' lang='lat' dir='ltr'><strong>intelligunt.</strong></span> 
     </span>
    </p>

    <p class='ocr_par' dir='ltr' id='par_1_4' title="bbox 134 1423 1659 1478">
     <span class='ocr_line' id='line_1_19' title="bbox 134 1423 1659 1478; baseline 0.001 -14"><span class='ocrx_word' id='word_1_160' title='bbox 134 1423 243 1464; x_wconf 86' lang='lat' dir='ltr'><strong>Haec</strong></span> <span class='ocrx_word' id='word_1_161' title='bbox 274 1424 375 1464; x_wconf 88' lang='lat' dir='ltr'><strong>enim</strong></span> <span class='ocrx_word' id='word_1_162' title='bbox 408 1425 505 1478; x_wconf 89' lang='lat' dir='ltr'><strong>apud</strong></span> <span class='ocrx_word' id='word_1_163' title='bbox 536 1424 622 1464; x_wconf 92' lang='lat' dir='ltr'><strong>illos</strong></span> <span class='ocrx_word' id='word_1_164' title='bbox 649 1424 828 1465; x_wconf 87' lang='lat' dir='ltr'><strong>distincta</strong></span> <span class='ocrx_word' id='word_1_165' title='bbox 858 1432 961 1465; x_wconf 90' lang='lat' dir='ltr'><strong>sunt.</strong></span> <span class='ocrx_word' id='word_1_166' title='bbox 1026 1423 1103 1465; x_wconf 90' lang='lat' dir='ltr'><strong>Sed</strong></span> <span class='ocrx_word' id='word_1_167' title='bbox 1133 1426 1305 1465; x_wconf 86' lang='lat' dir='ltr'><strong>nonnulli</strong></span> <span class='ocrx_word' id='word_1_168' title='bbox 1333 1426 1526 1467; x_wconf 89' lang='lat' dir='ltr'><strong>diversum</strong></span> <span class='ocrx_word' id='word_1_169' title='bbox 1554 1427 1659 1467; x_wconf 90' lang='lat' dir='ltr'><strong>illum</strong></span> 
     </span>
    </p>

    <p class='ocr_par' dir='ltr' id='par_1_5' title="bbox 131 1491 1800 1683">
     <span class='ocr_line' id='line_1_20' title="bbox 135 1491 1660 1549; baseline 0.001 -17"><span class='ocrx_word' id='word_1_170' title='bbox 135 1492 279 1533; x_wconf 80' lang='lat' dir='ltr'><strong>faciunt</strong></span> <span class='ocrx_word' id='word_1_171' title='bbox 302 1493 364 1546; x_wconf 87' lang='lat' dir='ltr'><strong>qui</strong></span> <span class='ocrx_word' id='word_1_172' title='bbox 388 1492 434 1532; x_wconf 91' lang='lat' dir='ltr'><strong>ad</strong></span> <span class='ocrx_word' id='word_1_173' title='bbox 460 1491 664 1546; x_wconf 80' lang='lat' dir='ltr'><strong>imaginem</strong></span> <span class='ocrx_word' id='word_1_174' title='bbox 686 1492 1049 1546; x_wconf 87' lang='lat' dir='ltr'><strong>similitudinemque</strong></span> <span class='ocrx_word' id='word_1_175' title='bbox 1072 1500 1226 1533; x_wconf 86' lang='lat' dir='ltr'><strong>creatus</strong></span> <span class='ocrx_word' id='word_1_176' title='bbox 1249 1501 1308 1533; x_wconf 89' lang='lat' dir='ltr'><strong>est</strong></span> <span class='ocrx_word' id='word_1_177' title='bbox 1332 1494 1413 1545; x_wconf 87' lang='lat' dir='ltr'><strong>dei,</strong></span> <span class='ocrx_word' id='word_1_178' title='bbox 1458 1509 1568 1549; x_wconf 87' lang='lat' dir='ltr'><strong>quem</strong></span> <span class='ocrx_word' id='word_1_179' title='bbox 1595 1508 1660 1534; x_wconf 88' lang='lat' dir='ltr'><strong>an-</strong></span> 
     </span>
     <span class='ocr_line' id='line_1_21' title="bbox 134 1560 1800 1616; baseline 0.001 -16"><span class='ocrx_word' id='word_1_180' title='bbox 134 1561 347 1615; x_wconf 82' lang='lat' dir='ltr'><strong>drogynum</strong></span> <span class='ocrx_word' id='word_1_181' title='bbox 372 1561 633 1612; x_wconf 88' lang='lat' dir='ltr'><strong>constituunt,</strong></span> <span class='ocrx_word' id='word_1_182' title='bbox 677 1560 721 1600; x_wconf 85' lang='lat' dir='ltr'><strong>ab</strong></span> <span class='ocrx_word' id='word_1_183' title='bbox 746 1560 820 1600; x_wconf 88' lang='lat' dir='ltr'><strong>alio</strong></span> <span class='ocrx_word' id='word_1_184' title='bbox 847 1560 908 1614; x_wconf 90' lang='lat' dir='ltr'><strong>qui</strong></span> <span class='ocrx_word' id='word_1_185' title='bbox 934 1574 983 1600; x_wconf 86' lang='lat' dir='ltr'><strong>ex</strong></span> <span class='ocrx_word' id='word_1_186' title='bbox 1008 1561 1121 1601; x_wconf 82' lang='lat' dir='ltr'><strong>humo</strong></span> <span class='ocrx_word' id='word_1_187' title='bbox 1149 1562 1334 1601; x_wconf 89' lang='lat' dir='ltr'><strong>formatus</strong></span> <span class='ocrx_word' id='word_1_188' title='bbox 1361 1569 1433 1602; x_wconf 86' lang='lat' dir='ltr'><strong>est.</strong></span> <span class='ocrx_word' id='word_1_189' title='bbox 1497 1561 1599 1616; x_wconf 84' lang='lat' dir='ltr'><strong>Quin</strong></span> <span class='ocrx_word' id='word_1_190' title='bbox 1625 1569 1663 1602; x_wconf 85' lang='lat' dir='ltr'><strong>et</strong></span> <span class='ocrx_word' id='word_1_191' title='bbox 1684 1576 1758 1603; x_wconf 84' lang='lat' dir='ltr'><strong>Gen.</strong></span> <span class='ocrx_word' id='word_1_192' title='bbox 1776 1578 1800 1604; x_wconf 76' lang='lat'><strong>(5.</strong></span> 
     </span>
     <span class='ocr_line' id='line_1_22' title="bbox 131 1627 1662 1683; baseline 0.001 -15"><span class='ocrx_word' id='word_1_193' title='bbox 131 1641 251 1668; x_wconf 87' lang='lat' dir='ltr'><strong>arcae</strong></span> <span class='ocrx_word' id='word_1_194' title='bbox 281 1628 382 1669; x_wconf 87' lang='lat' dir='ltr'><strong>illius</strong></span> <span class='ocrx_word' id='word_1_195' title='bbox 406 1627 538 1668; x_wconf 91' lang='lat' dir='ltr'><strong>diluvii</strong></span> <span class='ocrx_word' id='word_1_196' title='bbox 563 1636 735 1683; x_wconf 89' lang='lat' dir='ltr'><strong>tempore</strong></span> <span class='ocrx_word' id='word_1_197' title='bbox 759 1627 1070 1683; x_wconf 80' lang='lat' dir='ltr'><strong>dispositionem,</strong></span> <span class='ocrx_word' id='word_1_198' title='bbox 1103 1628 1141 1668; x_wconf 88' lang='lat' dir='ltr'><strong>in</strong></span> <span class='ocrx_word' id='word_1_199' title='bbox 1167 1644 1241 1682; x_wconf 85' lang='lat' dir='ltr'><strong>qua</strong></span> <span class='ocrx_word' id='word_1_200' title='bbox 1265 1629 1438 1670; x_wconf 86' lang='lat' dir='ltr'><strong>homines</strong></span> <span class='ocrx_word' id='word_1_201' title='bbox 1460 1637 1547 1670; x_wconf 89' lang='lat' dir='ltr'><strong>octo</strong></span> <span class='ocrx_word' id='word_1_202' title='bbox 1567 1630 1662 1670; x_wconf 91' lang='lat' dir='ltr'><strong>libe-</strong></span> 
     </span>
    </p>

    <p class='ocr_par' dir='ltr' id='par_1_6' title="bbox 134 1694 1864 1956">
     <span class='ocr_line' id='line_1_23' title="bbox 134 1694 1848 1752; baseline 0.003 -16"><span class='ocrx_word' id='word_1_203' title='bbox 134 1695 206 1736; x_wconf 89' lang='lat' dir='ltr'><strong>rati</strong></span> <span class='ocrx_word' id='word_1_204' title='bbox 233 1703 343 1747; x_wconf 86' lang='lat' dir='ltr'><strong>sunt,</strong></span> <span class='ocrx_word' id='word_1_205' title='bbox 388 1695 592 1737; x_wconf 84' lang='lat' dir='ltr'><strong>manifeste</strong></span> <span class='ocrx_word' id='word_1_206' title='bbox 622 1697 831 1737; x_wconf 89' lang='lat' dir='ltr'><strong>salutarem</strong></span> <span class='ocrx_word' id='word_1_207' title='bbox 861 1696 906 1736; x_wconf 88' lang='lat' dir='ltr'><strong>ad</strong></span> <span class='ocrx_word' id='word_1_208' title='bbox 936 1694 1158 1750; x_wconf 82' lang='lat' dir='ltr'><strong>Ogdoadem</strong></span> <span class='ocrx_word' id='word_1_209' title='bbox 1190 1705 1364 1751; x_wconf 83' lang='lat' dir='ltr'><strong>spectare</strong></span> <span class='ocrx_word' id='word_1_210' title='bbox 1395 1699 1657 1752; x_wconf 88' lang='lat' dir='ltr'><strong>pronuntiant,</strong></span> <span class='ocrx_word' id='word_1_211' title='bbox 1678 1713 1848 1750; x_wconf 77' lang='lat' dir='ltr'><strong>1-Reg.18‚</strong></span> 
     </span>
     <span class='ocr_line' id='line_1_24' title="bbox 134 1748 1814 1819; baseline 0.002 -15"><span class='ocrx_word' id='word_1_212' title='bbox 134 1771 177 1804; x_wconf 90' lang='lat' dir='ltr'><strong>ut</strong></span> <span class='ocrx_word' id='word_1_213' title='bbox 200 1771 238 1804; x_wconf 86' lang='lat' dir='ltr'><strong>et</strong></span> <span class='ocrx_word' id='word_1_214' title='bbox 263 1763 447 1805; x_wconf 84' lang='lat' dir='ltr'><strong>Davidem</strong></span> <span class='ocrx_word' id='word_1_215' title='bbox 474 1764 621 1819; x_wconf 86' lang='lat' dir='ltr'><strong>ipsum,</strong></span> <span class='ocrx_word' id='word_1_216' title='bbox 657 1764 719 1818; x_wconf 87' lang='lat' dir='ltr'><strong>qui</strong></span> <span class='ocrx_word' id='word_1_217' title='bbox 742 1771 877 1804; x_wconf 84' lang='lat' dir='ltr'><strong>octavo</strong></span> <span class='ocrx_word' id='word_1_218' title='bbox 902 1771 988 1818; x_wconf 87' lang='lat' dir='ltr'><strong>post</strong></span> <span class='ocrx_word' id='word_1_219' title='bbox 1012 1765 1153 1804; x_wconf 79' lang='lat' dir='ltr'><strong>fratres</strong></span> <span class='ocrx_word' id='word_1_220' title='bbox 1177 1765 1262 1805; x_wconf 88' lang='lat' dir='ltr'><strong>loco</strong></span> <span class='ocrx_word' id='word_1_221' title='bbox 1287 1764 1324 1804; x_wconf 91' lang='lat' dir='ltr'><strong>in</strong></span> <span class='ocrx_word' id='word_1_222' title='bbox 1347 1765 1471 1805; x_wconf 87' lang='lat' dir='ltr'><strong>lucem</strong></span> <span class='ocrx_word' id='word_1_223' title='bbox 1497 1773 1556 1806; x_wconf 89' lang='lat' dir='ltr'><strong>est</strong></span> <span class='ocrx_word' id='word_1_224' title='bbox 1581 1767 1660 1806; x_wconf 90' lang='lat' dir='ltr'><strong>edi·</strong></span> <span class='ocrx_word' id='word_1_225' title='bbox 1713 1749 1754 1784; x_wconf 62' lang='grc' dir='ltr'><strong>ω’</strong></span> <span class='ocrx_word' id='word_1_226' title='bbox 1774 1748 1814 1775; x_wconf 70' lang='lat' dir='ltr'><strong>u‘</strong></span> 
     </span>
     <span class='ocr_line' id='line_1_25' title="bbox 139 1831 1864 1888; baseline 0.001 -16"><span class='ocrx_word' id='word_1_227' title='bbox 139 1839 213 1872; x_wconf 92' lang='lat' dir='ltr'><strong>tus.</strong></span> <span class='ocrx_word' id='word_1_228' title='bbox 257 1833 415 1872; x_wconf 80' lang='lat' dir='ltr'><strong>Addunt</strong></span> <span class='ocrx_word' id='word_1_229' title='bbox 435 1839 472 1872; x_wconf 89' lang='lat' dir='ltr'><strong>et</strong></span> <span class='ocrx_word' id='word_1_230' title='bbox 494 1832 825 1872; x_wconf 82' lang='lat' dir='ltr'><strong>circumcisionem</strong></span> <span class='ocrx_word' id='word_1_231' title='bbox 846 1840 984 1872; x_wconf 88' lang='lat' dir='ltr'><strong>octavo</strong></span> <span class='ocrx_word' id='word_1_232' title='bbox 1005 1832 1064 1872; x_wconf 87' lang='lat' dir='ltr'><strong>die</strong></span> <span class='ocrx_word' id='word_1_233' title='bbox 1086 1839 1303 1887; x_wconf 71' lang='lat' dir='ltr'><strong>susceptam</strong></span> <span class='ocrx_word' id='word_1_234' title='bbox 1327 1834 1507 1874; x_wconf 88' lang='lat' dir='ltr'><strong>coelestis</strong></span> <span class='ocrx_word' id='word_1_235' title='bbox 1531 1831 1663 1888; x_wconf 81' lang='lat' dir='ltr'><strong>Ogdo-</strong></span> <span class='ocrx_word' id='word_1_236' title='bbox 1683 1844 1757 1872; x_wconf 84' lang='lat' dir='ltr'><strong>Gen.</strong></span> <span class='ocrx_word' id='word_1_237' title='bbox 1769 1845 1810 1881; x_wconf 75' lang='lat'><strong>17,</strong></span> <span class='ocrx_word' id='word_1_238' title='bbox 1823 1846 1864 1873; x_wconf 85' lang='lat'><strong>12.</strong></span> 
     </span>
     <span class='ocr_line' id='line_1_26' title="bbox 137 1899 1664 1956; baseline 0.002 -16"><span class='ocrx_word' id='word_1_239' title='bbox 137 1899 218 1940; x_wconf 91' lang='lat' dir='ltr'><strong>adis</strong></span> <span class='ocrx_word' id='word_1_240' title='bbox 241 1900 573 1940; x_wconf 85' lang='lat' dir='ltr'><strong>circumcisionem</strong></span> <span class='ocrx_word' id='word_1_241' title='bbox 598 1901 819 1940; x_wconf 85' lang='lat' dir='ltr'><strong>ostendere.</strong></span> <span class='ocrx_word' id='word_1_242' title='bbox 881 1900 1009 1954; x_wconf 88' lang='lat' dir='ltr'><strong>Atque</strong></span> <span class='ocrx_word' id='word_1_243' title='bbox 1025 1932 1034 1950; x_wconf 93' lang='lat'><strong>,</strong></span> <span class='ocrx_word' id='word_1_244' title='bbox 1067 1907 1109 1941; x_wconf 91' lang='lat' dir='ltr'><strong>ut</strong></span> <span class='ocrx_word' id='word_1_245' title='bbox 1130 1915 1205 1941; x_wconf 93' lang='lat' dir='ltr'><strong>uno</strong></span> <span class='ocrx_word' id='word_1_246' title='bbox 1227 1902 1346 1941; x_wconf 89' lang='lat' dir='ltr'><strong>verbo</strong></span> <span class='ocrx_word' id='word_1_247' title='bbox 1370 1902 1514 1952; x_wconf 86' lang='lat' dir='ltr'><strong>dicam,</strong></span> <span class='ocrx_word' id='word_1_248' title='bbox 1549 1916 1664 1956; x_wconf 89' lang='lat' dir='ltr'><strong>quae-</strong></span> 
     </span>
    </p>

    <p class='ocr_par' dir='ltr' id='par_1_7' title="bbox 137 1968 1664 2023">
     <span class='ocr_line' id='line_1_27' title="bbox 137 1968 1664 2023; baseline 0.002 -15"><span class='ocrx_word' id='word_1_249' title='bbox 137 1981 298 2022; x_wconf 89' lang='lat' dir='ltr'><strong>cumque</strong></span> <span class='ocrx_word' id='word_1_250' title='bbox 330 1968 452 2008; x_wconf 90' lang='lat' dir='ltr'><strong>sacris</strong></span> <span class='ocrx_word' id='word_1_251' title='bbox 483 1969 521 2008; x_wconf 89' lang='lat' dir='ltr'><strong>in</strong></span> <span class='ocrx_word' id='word_1_252' title='bbox 555 1968 661 2008; x_wconf 89' lang='lat' dir='ltr'><strong>libris</strong></span> <span class='ocrx_word' id='word_1_253' title='bbox 688 1968 953 2023; x_wconf 87' lang='lat' dir='ltr'><strong>reperiuntur,</strong></span> <span class='ocrx_word' id='word_1_254' title='bbox 997 1982 1094 2022; x_wconf 88' lang='lat' dir='ltr'><strong>quae</strong></span> <span class='ocrx_word' id='word_1_255' title='bbox 1122 1970 1167 2009; x_wconf 91' lang='lat' dir='ltr'><strong>ad</strong></span> <span class='ocrx_word' id='word_1_256' title='bbox 1196 1969 1435 2010; x_wconf 88' lang='lat' dir='ltr'><strong>octonarium</strong></span> <span class='ocrx_word' id='word_1_257' title='bbox 1464 1984 1664 2011; x_wconf 90' lang='lat' dir='ltr'><strong>numerum</strong></span> 
     </span>
    </p>

    <p class='ocr_par' dir='ltr' id='par_1_8' title="bbox 137 2034 1666 2092">
     <span class='ocr_line' id='line_1_28' title="bbox 137 2034 1666 2092; baseline 0.001 -16"><span class='ocrx_word' id='word_1_258' title='bbox 137 2035 235 2077; x_wconf 86' lang='lat' dir='ltr'><strong>trabi</strong></span> <span class='ocrx_word' id='word_1_259' title='bbox 260 2043 463 2091; x_wconf 89' lang='lat' dir='ltr'><strong>utcumque</strong></span> <span class='ocrx_word' id='word_1_260' title='bbox 488 2043 670 2090; x_wconf 84' lang='lat' dir='ltr'><strong>possunt,</strong></span> <span class='ocrx_word' id='word_1_261' title='bbox 704 2037 749 2076; x_wconf 89' lang='lat' dir='ltr'><strong>ad</strong></span> <span class='ocrx_word' id='word_1_262' title='bbox 774 2036 1050 2076; x_wconf 84' lang='lat' dir='ltr'><strong>conficiendum</strong></span> <span class='ocrx_word' id='word_1_263' title='bbox 1081 2034 1279 2091; x_wconf 85' lang='lat' dir='ltr'><strong>Ogdoadis</strong></span> <span class='ocrx_word' id='word_1_264' title='bbox 1303 2038 1527 2092; x_wconf 75' lang='lat' dir='ltr'><strong>mysterium</strong></span> <span class='ocrx_word' id='word_1_265' title='bbox 1555 2053 1666 2078; x_wconf 86' lang='lat' dir='ltr'><strong>usur-</strong></span> 
     </span>
    </p>

    <p class='ocr_par' dir='ltr' id='par_1_9' title="bbox 136 2103 1864 2228">
     <span class='ocr_line' id='line_1_29' title="bbox 137 2103 1864 2159; baseline 0.001 -15"><span class='ocrx_word' id='word_1_266' title='bbox 137 2111 241 2159; x_wconf 87' lang='lat' dir='ltr'><strong>pant.</strong></span> <span class='ocrx_word' id='word_1_267' title='bbox 304 2103 517 2144; x_wconf 87' lang='lat' dir='ltr'><strong>Enimvero</strong></span> <span class='ocrx_word' id='word_1_268' title='bbox 539 2103 731 2144; x_wconf 85' lang='lat' dir='ltr'><strong>Decadem</strong></span> <span class='ocrx_word' id='word_1_269' title='bbox 757 2118 824 2158; x_wconf 89' lang='lat' dir='ltr'><strong>per</strong></span> <span class='ocrx_word' id='word_1_270' title='bbox 847 2105 978 2144; x_wconf 85' lang='lat' dir='ltr'><strong>decem</strong></span> <span class='ocrx_word' id='word_1_271' title='bbox 1005 2105 1086 2144; x_wconf 89' lang='lat' dir='ltr'><strong>illas</strong></span> <span class='ocrx_word' id='word_1_272' title='bbox 1111 2104 1288 2146; x_wconf 85' lang='lat' dir='ltr'><strong>nationes</strong></span> <span class='ocrx_word' id='word_1_273' title='bbox 1311 2106 1472 2146; x_wconf 86' lang='lat' dir='ltr'><strong>indicari</strong></span> <span class='ocrx_word' id='word_1_274' title='bbox 1499 2121 1574 2146; x_wconf 91' lang='lat' dir='ltr'><strong>non</strong></span> <span class='ocrx_word' id='word_1_275' title='bbox 1598 2107 1664 2146; x_wconf 92' lang='lat' dir='ltr'><strong>du-</strong></span> <span class='ocrx_word' id='word_1_276' title='bbox 1685 2118 1811 2154; x_wconf 85' lang='lat' dir='ltr'><strong>Gen.15,</strong></span> <span class='ocrx_word' id='word_1_277' title='bbox 1826 2119 1864 2146; x_wconf 86' lang='lat'><strong>19.</strong></span> 
     </span>
     <span class='ocr_line' id='line_1_30' title="bbox 136 2172 1665 2228; baseline 0 -15"><span class='ocrx_word' id='word_1_278' title='bbox 136 2173 280 2223; x_wconf 89' lang='lat' dir='ltr'><strong>bitant,</strong></span> <span class='ocrx_word' id='word_1_279' title='bbox 324 2186 481 2227; x_wconf 87' lang='lat' dir='ltr'><strong>quarum</strong></span> <span class='ocrx_word' id='word_1_280' title='bbox 511 2172 798 2226; x_wconf 84' lang='lat' dir='ltr'><strong>possessionem</strong></span> <span class='ocrx_word' id='word_1_281' title='bbox 826 2173 918 2212; x_wconf 88' lang='lat' dir='ltr'><strong>deus</strong></span> <span class='ocrx_word' id='word_1_282' title='bbox 944 2172 1166 2212; x_wconf 81' lang='lat' dir='ltr'><strong>Abrahamo</strong></span> <span class='ocrx_word' id='word_1_283' title='bbox 1191 2174 1435 2228; x_wconf 86' lang='lat' dir='ltr'><strong>promiserat.</strong></span> <span class='ocrx_word' id='word_1_284' title='bbox 1497 2173 1665 2213; x_wconf 88' lang='lat' dir='ltr'><strong>Eodem-</strong></span> 
     </span>
    </p>

    <p class='ocr_par' dir='ltr' id='par_1_10' title="bbox 137 2239 1865 2497">
     <span class='ocr_line' id='line_1_31' title="bbox 138 2239 1853 2295; baseline 0 -14"><span class='ocrx_word' id='word_1_285' title='bbox 138 2255 210 2295; x_wconf 89' lang='lat' dir='ltr'><strong>que</strong></span> <span class='ocrx_word' id='word_1_286' title='bbox 239 2239 384 2282; x_wconf 85' lang='lat' dir='ltr'><strong>Sarrae</strong></span> <span class='ocrx_word' id='word_1_287' title='bbox 410 2239 609 2280; x_wconf 83' lang='lat' dir='ltr'><strong>eonsilium</strong></span> <span class='ocrx_word' id='word_1_288' title='bbox 638 2240 850 2294; x_wconf 87' lang='lat' dir='ltr'><strong>applicant,</strong></span> <span class='ocrx_word' id='word_1_289' title='bbox 893 2255 975 2280; x_wconf 90' lang='lat' dir='ltr'><strong>cum</strong></span> <span class='ocrx_word' id='word_1_290' title='bbox 1005 2249 1089 2295; x_wconf 89' lang='lat' dir='ltr'><strong>post</strong></span> <span class='ocrx_word' id='word_1_291' title='bbox 1111 2255 1233 2281; x_wconf 87' lang='lat' dir='ltr'><strong>annos</strong></span> <span class='ocrx_word' id='word_1_292' title='bbox 1257 2242 1387 2281; x_wconf 85' lang='lat' dir='ltr'><strong>decem</strong></span> <span class='ocrx_word' id='word_1_293' title='bbox 1413 2241 1588 2281; x_wconf 85' lang='lat' dir='ltr'><strong>ancillam</strong></span> <span class='ocrx_word' id='word_1_294' title='bbox 1611 2242 1665 2281; x_wconf 92' lang='lat' dir='ltr'><strong>illi</strong></span> <span class='ocrx_word' id='word_1_295' title='bbox 1684 2254 1758 2282; x_wconf 75' lang='lat' dir='ltr'><strong>Gen.</strong></span> <span class='ocrx_word' id='word_1_296' title='bbox 1773 2255 1815 2291; x_wconf 73' lang='lat' dir='ltr'><strong>le,</strong></span> <span class='ocrx_word' id='word_1_297' title='bbox 1829 2256 1853 2282; x_wconf 84' lang='grc'><strong>3.</strong></span> 
     </span>
     <span class='ocr_line' id='line_1_32' title="bbox 137 2297 1865 2366; baseline 0.002 -18"><span class='ocrx_word' id='word_1_298' title='bbox 137 2322 243 2348; x_wconf 86' lang='lat' dir='ltr'><strong>suam</strong></span> <span class='ocrx_word' id='word_1_299' title='bbox 265 2308 436 2362; x_wconf 85' lang='lat' dir='ltr'><strong>Agarem</strong></span> <span class='ocrx_word' id='word_1_300' title='bbox 457 2308 664 2358; x_wconf 83' lang='lat' dir='ltr'><strong>concessit,</strong></span> <span class='ocrx_word' id='word_1_301' title='bbox 695 2307 836 2347; x_wconf 88' lang='lat' dir='ltr'><strong>liberos</strong></span> <span class='ocrx_word' id='word_1_302' title='bbox 860 2315 898 2348; x_wconf 89' lang='lat' dir='ltr'><strong>ut</strong></span> <span class='ocrx_word' id='word_1_303' title='bbox 919 2322 969 2348; x_wconf 79' lang='lat' dir='ltr'><strong>ex</strong></span> <span class='ocrx_word' id='word_1_304' title='bbox 990 2322 1034 2348; x_wconf 89' lang='lat' dir='ltr'><strong>ea</strong></span> <span class='ocrx_word' id='word_1_305' title='bbox 1057 2309 1287 2363; x_wconf 88' lang='lat' dir='ltr'><strong>susciperet.</strong></span> <span class='ocrx_word' id='word_1_306' title='bbox 1351 2308 1454 2362; x_wconf 79' lang='lat' dir='ltr'><strong>Quin</strong></span> <span class='ocrx_word' id='word_1_307' title='bbox 1477 2297 1516 2348; x_wconf 79' lang='lat' dir='ltr'><strong>et</strong></span> <span class='ocrx_word' id='word_1_308' title='bbox 1538 2309 1664 2350; x_wconf 87' lang='lat' dir='ltr'><strong>Abra-</strong></span> <span class='ocrx_word' id='word_1_309' title='bbox 1684 2311 1812 2366; x_wconf 51' lang='lat' dir='ltr'><strong>Gema-1,</strong></span> <span class='ocrx_word' id='word_1_310' title='bbox 1823 2325 1865 2354; x_wconf 79' lang='lat'><strong>22.</strong></span> 
     </span>
     <span class='ocr_line' id='line_1_33' title="bbox 138 2360 1797 2430; baseline 0.001 -14"><span class='ocrx_word' id='word_1_311' title='bbox 138 2376 211 2416; x_wconf 89' lang='lat' dir='ltr'><strong>ami</strong></span> <span class='ocrx_word' id='word_1_312' title='bbox 244 2389 381 2416; x_wconf 85' lang='lat' dir='ltr'><strong>servus</strong></span> <span class='ocrx_word' id='word_1_313' title='bbox 413 2377 456 2415; x_wconf 87' lang='lat' dir='ltr'><strong>ad</strong></span> <span class='ocrx_word' id='word_1_314' title='bbox 488 2375 706 2415; x_wconf 76' lang='lat' dir='ltr'><strong>Rebeccam</strong></span> <span class='ocrx_word' id='word_1_315' title='bbox 739 2375 900 2426; x_wconf 86' lang='lat' dir='ltr'><strong>missus,</strong></span> <span class='ocrx_word' id='word_1_316' title='bbox 946 2377 1008 2430; x_wconf 90' lang='lat' dir='ltr'><strong>qni</strong></span> <span class='ocrx_word' id='word_1_317' title='bbox 1036 2377 1204 2416; x_wconf 88' lang='lat' dir='ltr'><strong>armillas</strong></span> <span class='ocrx_word' id='word_1_318' title='bbox 1235 2377 1268 2416; x_wconf 90' lang='lat' dir='ltr'><strong>ei</strong></span> <span class='ocrx_word' id='word_1_319' title='bbox 1297 2377 1428 2416; x_wconf 86' lang='lat' dir='ltr'><strong>decem</strong></span> <span class='ocrx_word' id='word_1_320' title='bbox 1452 2391 1590 2418; x_wconf 87' lang='lat' dir='ltr'><strong>aureas</strong></span> <span class='ocrx_word' id='word_1_321' title='bbox 1617 2378 1663 2418; x_wconf 91' lang='lat' dir='ltr'><strong>ad</strong></span> <span class='ocrx_word' id='word_1_322' title='bbox 1755 2360 1797 2385; x_wconf 46' lang='grc' dir='ltr'><strong>ὅθ’</strong></span> 
     </span>
     <span class='ocr_line' id='line_1_34' title="bbox 137 2443 1664 2497; baseline 0.003 -15"><span class='ocrx_word' id='word_1_323' title='bbox 137 2451 290 2497; x_wconf 88' lang='lat' dir='ltr'><strong>puteum</strong></span> <span class='ocrx_word' id='word_1_324' title='bbox 318 2443 475 2493; x_wconf 87' lang='lat' dir='ltr'><strong>obtulit,</strong></span> <span class='ocrx_word' id='word_1_325' title='bbox 519 2457 589 2483; x_wconf 89' lang='lat' dir='ltr'><strong>nec</strong></span> <span class='ocrx_word' id='word_1_326' title='bbox 615 2457 690 2483; x_wconf 88' lang='lat' dir='ltr'><strong>nou</strong></span> <span class='ocrx_word' id='word_1_327' title='bbox 716 2444 853 2483; x_wconf 82' lang='lat' dir='ltr'><strong>fratres</strong></span> <span class='ocrx_word' id='word_1_328' title='bbox 878 2444 1002 2494; x_wconf 84' lang='lat' dir='ltr'><strong>illius,</strong></span> <span class='ocrx_word' id='word_1_329' title='bbox 1043 2444 1103 2497; x_wconf 86' lang='lat' dir='ltr'><strong>qui</strong></span> <span class='ocrx_word' id='word_1_330' title='bbox 1129 2445 1259 2483; x_wconf 89' lang='lat' dir='ltr'><strong>decem</strong></span> <span class='ocrx_word' id='word_1_331' title='bbox 1284 2444 1364 2484; x_wconf 88' lang='lat' dir='ltr'><strong>dies</strong></span> <span class='ocrx_word' id='word_1_332' title='bbox 1388 2459 1472 2484; x_wconf 90' lang='lat' dir='ltr'><strong>eam</strong></span> <span class='ocrx_word' id='word_1_333' title='bbox 1495 2446 1664 2486; x_wconf 85' lang='lat' dir='ltr'><strong>retinue-</strong></span> 
     </span>
    </p>
   </div>
   <div class='ocr_carea' id='block_1_3' title="bbox 137 2509 1797 2580">
    <p class='ocr_par' dir='ltr' id='par_1_11' title="bbox 137 2509 1797 2580">
     <span class='ocr_line' id='line_1_35' title="bbox 137 2509 1797 2580; baseline 0.002 -30"><span class='ocrx_word' id='word_1_334' title='bbox 137 2518 239 2551; x_wconf 91' lang='lat' dir='ltr'><strong>runt.</strong></span> <span class='ocrx_word' id='word_1_335' title='bbox 301 2509 472 2565; x_wconf 85' lang='lat' dir='ltr'><strong>Itemque</strong></span> <span class='ocrx_word' id='word_1_336' title='bbox 501 2509 772 2560; x_wconf 85' lang='lat' dir='ltr'><strong>leroboamus,</strong></span> <span class='ocrx_word' id='word_1_337' title='bbox 818 2512 875 2551; x_wconf 91' lang='lat' dir='ltr'><strong>cui</strong></span> <span class='ocrx_word' id='word_1_338' title='bbox 907 2513 1036 2551; x_wconf 84' lang='lat' dir='ltr'><strong>decem</strong></span> <span class='ocrx_word' id='word_1_339' title='bbox 1066 2512 1186 2552; x_wconf 84' lang='lat' dir='ltr'><strong>tribus</strong></span> <span class='ocrx_word' id='word_1_340' title='bbox 1213 2512 1447 2565; x_wconf 81' lang='lat' dir='ltr'><strong>assignatae.</strong></span> <span class='ocrx_word' id='word_1_341' title='bbox 1510 2513 1660 2553; x_wconf 86' lang='lat' dir='ltr'><strong>Taber-</strong></span> <span class='ocrx_word' id='word_1_342' title='bbox 1677 2517 1797 2580; x_wconf 48' lang='lat'><strong>3111133·</strong></span> 
     </span>
    </p>
   </div>
   <div class='ocr_carea' id='block_1_4' title="bbox 139 2578 1863 3047">
    <p class='ocr_par' dir='ltr' id='par_1_12' title="bbox 139 2578 1863 3047">
     <span class='ocr_line' id='line_1_36' title="bbox 139 2578 1863 2647; baseline 0.002 -29"><span class='ocrx_word' id='word_1_343' title='bbox 139 2578 261 2618; x_wconf 89' lang='lat' dir='ltr'><strong>naculi</strong></span> <span class='ocrx_word' id='word_1_344' title='bbox 294 2593 444 2632; x_wconf 90' lang='lat' dir='ltr'><strong>quoque</strong></span> <span class='ocrx_word' id='word_1_345' title='bbox 474 2578 646 2618; x_wconf 87' lang='lat' dir='ltr'><strong>cortinae</strong></span> <span class='ocrx_word' id='word_1_346' title='bbox 679 2579 834 2629; x_wconf 87' lang='lat' dir='ltr'><strong>decem,</strong></span> <span class='ocrx_word' id='word_1_347' title='bbox 878 2579 1152 2634; x_wconf 85' lang='lat' dir='ltr'><strong>columnaeque</strong></span> <span class='ocrx_word' id='word_1_348' title='bbox 1176 2579 1388 2620; x_wconf 79' lang='lat' dir='ltr'><strong>cubitorum</strong></span> <span class='ocrx_word' id='word_1_349' title='bbox 1415 2580 1570 2629; x_wconf 85' lang='lat' dir='ltr'><strong>decem,</strong></span> <span class='ocrx_word' id='word_1_350' title='bbox 1615 2595 1660 2621; x_wconf 85' lang='lat' dir='ltr'><strong>ao</strong></span> <span class='ocrx_word' id='word_1_351' title='bbox 1680 2586 1769 2647; x_wconf 63' lang='lat' dir='ltr'><strong>Ew2d3-</strong></span> <span class='ocrx_word' id='word_1_352' title='bbox 1785 2587 1825 2646; x_wconf 62' lang='lat' dir='ltr'><strong>lg</strong></span> <span class='ocrx_word' id='word_1_353' title='bbox 1841 2587 1863 2614; x_wconf 90' lang='grc'><strong>1-</strong></span> 
     </span>
     <span class='ocr_line' id='line_1_37' title="bbox 142 2642 1834 2715; baseline 0.002 -30"><span class='ocrx_word' id='word_1_354' title='bbox 142 2644 268 2686; x_wconf 87' lang='lat' dir='ltr'><strong>lacobi</strong></span> <span class='ocrx_word' id='word_1_355' title='bbox 301 2646 455 2686; x_wconf 87' lang='lat' dir='ltr'><strong>totidem</strong></span> <span class='ocrx_word' id='word_1_356' title='bbox 490 2647 551 2686; x_wconf 88' lang='lat' dir='ltr'><strong>filii</strong></span> <span class='ocrx_word' id='word_1_357' title='bbox 576 2646 773 2686; x_wconf 69' lang='lat' dir='ltr'><strong>coemendi</strong></span> <span class='ocrx_word' id='word_1_358' title='bbox 802 2648 980 2687; x_wconf 81' lang='lat' dir='ltr'><strong>frumenti</strong></span> <span class='ocrx_word' id='word_1_359' title='bbox 1007 2662 1143 2688; x_wconf 85' lang='lat' dir='ltr'><strong>caussa</strong></span> <span class='ocrx_word' id='word_1_360' title='bbox 1174 2648 1211 2687; x_wconf 91' lang='lat' dir='ltr'><strong>in</strong></span> <span class='ocrx_word' id='word_1_361' title='bbox 1236 2647 1454 2702; x_wconf 77' lang='lat' dir='ltr'><strong>Aegyptum</strong></span> <span class='ocrx_word' id='word_1_362' title='bbox 1482 2649 1658 2703; x_wconf 87' lang='lat' dir='ltr'><strong>profecti.</strong></span> <span class='ocrx_word' id='word_1_363' title='bbox 1681 2642 1834 2715; x_wconf 44' lang='lat' dir='ltr'><strong>Egdgollss-</strong></span> 
     </span>
     <span class='ocr_line' id='line_1_38' title="bbox 182 2724 1844 2781; baseline 0.002 -14"><span class='ocrx_word' id='word_1_364' title='bbox 182 2735 213 2768; x_wconf 78' lang='lat'><strong>2.</strong></span> <span class='ocrx_word' id='word_1_365' title='bbox 237 2735 377 2780; x_wconf 75' lang='grc' dir='ltr'>στοίχοις</span> <span class='ocrx_word' id='word_1_366' title='bbox 396 2738 505 2769; x_wconf 87' lang='lat' dir='ltr'><strong>Billius</strong></span> <span class='ocrx_word' id='word_1_367' title='bbox 523 2738 719 2769; x_wconf 79' lang='lat' dir='ltr'><strong>etPetavius.</strong></span> <span class='ocrx_word' id='word_1_368' title='bbox 756 2736 878 2781; x_wconf 77' lang='grc' dir='ltr'>στίχοις</span> <span class='ocrx_word' id='word_1_369' title='bbox 923 2740 991 2777; x_wconf 57' lang='lat' dir='ltr'><strong>lic„</strong></span> <span class='ocrx_word' id='word_1_370' title='bbox 1015 2741 1041 2769; x_wconf 83' lang='lat' dir='ltr'><strong>et</strong></span> <span class='ocrx_word' id='word_1_371' title='bbox 1062 2739 1094 2769; x_wconf 83' lang='lat' dir='ltr'><strong>in</strong></span> <span class='ocrx_word' id='word_1_372' title='bbox 1116 2739 1185 2769; x_wconf 77' lang='lat' dir='ltr'><strong>edit.</strong></span> <span class='ocrx_word' id='word_1_373' title='bbox 1205 2740 1303 2777; x_wconf 75' lang='lat' dir='ltr'><strong>princ.</strong></span> <span class='ocrx_word' id='word_1_374' title='bbox 1679 2724 1753 2751; x_wconf 84' lang='lat' dir='ltr'><strong>Gen.</strong></span> <span class='ocrx_word' id='word_1_375' title='bbox 1766 2724 1808 2758; x_wconf 68' lang='lat'><strong>⁴²³</strong></span> <span class='ocrx_word' id='word_1_376' title='bbox 1820 2724 1844 2751; x_wconf 83' lang='lat'><strong>3.</strong></span> 
     </span>
     <span class='ocr_line' id='line_1_39' title="bbox 140 2780 1460 2825; baseline 0.002 -13"><span class='ocrx_word' id='word_1_377' title='bbox 140 2781 319 2813; x_wconf 79' lang='lat' dir='ltr'><strong>Mcssuelus.</strong></span> <span class='ocrx_word' id='word_1_378' title='bbox 967 2784 998 2815; x_wconf 81' lang='lat'><strong>6.</strong></span> <span class='ocrx_word' id='word_1_379' title='bbox 1023 2782 1081 2815; x_wconf 80' lang='grc' dir='ltr'><strong>καὶ</strong></span> <span class='ocrx_word' id='word_1_380' title='bbox 1105 2780 1163 2823; x_wconf 66' lang='grc' dir='ltr'><strong>τὴν</strong></span> <span class='ocrx_word' id='word_1_381' title='bbox 1186 2783 1250 2825; x_wconf 78' lang='grc' dir='ltr'><strong>τῆς</strong></span> <span class='ocrx_word' id='word_1_382' title='bbox 1273 2784 1339 2814; x_wconf 79' lang='lat' dir='ltr'><strong>cod.</strong></span> <span class='ocrx_word' id='word_1_383' title='bbox 1363 2785 1460 2815; x_wconf 78' lang='lat' dir='ltr'><strong>Venel.</strong></span> 
     </span>
     <span class='ocr_line' id='line_1_40' title="bbox 184 2825 1661 2869; baseline 0.003 -11"><span class='ocrx_word' id='word_1_384' title='bbox 184 2825 214 2858; x_wconf 83' lang='lat'><strong>3.</strong></span> <span class='ocrx_word' id='word_1_385' title='bbox 239 2825 320 2869; x_wconf 75' lang='grc' dir='ltr'>μήτι</span> <span class='ocrx_word' id='word_1_386' title='bbox 343 2825 398 2860; x_wconf 71' lang='grc' dir='ltr'><strong>τὸν</strong></span> <span class='ocrx_word' id='word_1_387' title='bbox 423 2829 512 2859; x_wconf 79' lang='lat' dir='ltr'><strong>codd.</strong></span> <span class='ocrx_word' id='word_1_388' title='bbox 536 2829 605 2860; x_wconf 86' lang='lat' dir='ltr'><strong>Ven.</strong></span> <span class='ocrx_word' id='word_1_389' title='bbox 633 2828 726 2858; x_wconf 73' lang='lat' dir='ltr'><strong>Vatic.</strong></span> <span class='ocrx_word' id='word_1_390' title='bbox 750 2828 877 2868; x_wconf 70' lang='lat' dir='ltr'><strong>Rhediy.</strong></span> <span class='ocrx_word' id='word_1_391' title='bbox 967 2827 997 2861; x_wconf 86' lang='lat'><strong>7.</strong></span> <span class='ocrx_word' id='word_1_392' title='bbox 1027 2825 1143 2866; x_wconf 68' lang='grc' dir='ltr'>αὐλαὶ,</span> <span class='ocrx_word' id='word_1_393' title='bbox 1168 2830 1212 2858; x_wconf 75' lang='lat' dir='ltr'><strong>uti</strong></span> <span class='ocrx_word' id='word_1_394' title='bbox 1229 2838 1344 2868; x_wconf 78' lang='lat' dir='ltr'><strong>supra,</strong></span> <span class='ocrx_word' id='word_1_395' title='bbox 1368 2830 1457 2859; x_wconf 84' lang='lat' dir='ltr'><strong>codd.</strong></span> <span class='ocrx_word' id='word_1_396' title='bbox 1476 2831 1544 2861; x_wconf 76' lang='lat' dir='ltr'><strong>Ven.</strong></span> <span class='ocrx_word' id='word_1_397' title='bbox 1566 2831 1661 2863; x_wconf 81' lang='lat' dir='ltr'><strong>Vatic.</strong></span> 
     </span>
     <span class='ocr_line' id='line_1_41' title="bbox 142 2869 1662 2914; baseline 0.004 -14"><span class='ocrx_word' id='word_1_398' title='bbox 142 2871 237 2910; x_wconf 72' lang='lat' dir='ltr'><strong>Vulgo</strong></span> <span class='ocrx_word' id='word_1_399' title='bbox 262 2869 309 2913; x_wconf 71' lang='grc' dir='ltr'><strong>μή</strong></span> <span class='ocrx_word' id='word_1_400' title='bbox 334 2869 400 2906; x_wconf 81' lang='grc' dir='ltr'>τὸν.</span> <span class='ocrx_word' id='word_1_401' title='bbox 923 2874 1050 2913; x_wconf 69' lang='lat' dir='ltr'><strong>Rhediy.</strong></span> <span class='ocrx_word' id='word_1_402' title='bbox 1074 2874 1191 2911; x_wconf 68' lang='lat' dir='ltr'><strong>Paris,</strong></span> <span class='ocrx_word' id='word_1_403' title='bbox 1215 2876 1242 2903; x_wconf 84' lang='lat' dir='ltr'><strong>et</strong></span> <span class='ocrx_word' id='word_1_404' title='bbox 1261 2874 1307 2904; x_wconf 82' lang='lat' dir='ltr'><strong>ed.</strong></span> <span class='ocrx_word' id='word_1_405' title='bbox 1322 2875 1441 2914; x_wconf 68' lang='lat' dir='ltr'><strong>princ,</strong></span> <span class='ocrx_word' id='word_1_406' title='bbox 1464 2878 1490 2905; x_wconf 80' lang='lat' dir='ltr'><strong>et</strong></span> <span class='ocrx_word' id='word_1_407' title='bbox 1511 2874 1593 2906; x_wconf 83' lang='lat' dir='ltr'><strong>atria</strong></span> <span class='ocrx_word' id='word_1_408' title='bbox 1614 2876 1662 2906; x_wconf 84' lang='lat' dir='ltr'><strong>hic</strong></span> 
     </span>
     <span class='ocr_line' id='line_1_42' title="bbox 184 2914 1663 2959; baseline 0.003 -12"><span class='ocrx_word' id='word_1_409' title='bbox 184 2914 216 2947; x_wconf 78' lang='lat'><strong>4.</strong></span> <span class='ocrx_word' id='word_1_410' title='bbox 241 2917 354 2948; x_wconf 78' lang='lat' dir='ltr'><strong>Vitium</strong></span> <span class='ocrx_word' id='word_1_411' title='bbox 371 2918 417 2949; x_wconf 85' lang='lat' dir='ltr'><strong>ed.</strong></span> <span class='ocrx_word' id='word_1_412' title='bbox 430 2919 531 2957; x_wconf 85' lang='lat' dir='ltr'><strong>princ.</strong></span> <span class='ocrx_word' id='word_1_413' title='bbox 579 2914 669 2950; x_wconf 71' lang='grc' dir='ltr'><strong>οἰκόν</strong></span> <span class='ocrx_word' id='word_1_414' title='bbox 690 2915 765 2959; x_wconf 79' lang='grc' dir='ltr'>μίαν</span> <span class='ocrx_word' id='word_1_415' title='bbox 788 2918 878 2949; x_wconf 82' lang='lat' dir='ltr'><strong>Pela·</strong></span> <span class='ocrx_word' id='word_1_416' title='bbox 922 2928 1039 2958; x_wconf 78' lang='lat' dir='ltr'><strong>qnoque</strong></span> <span class='ocrx_word' id='word_1_417' title='bbox 1060 2920 1148 2950; x_wconf 71' lang='lat' dir='ltr'><strong>vertit</strong></span> <span class='ocrx_word' id='word_1_418' title='bbox 1171 2919 1231 2949; x_wconf 75' lang='lat' dir='ltr'><strong>Vel.</strong></span> <span class='ocrx_word' id='word_1_419' title='bbox 1251 2919 1410 2958; x_wconf 83' lang='lat' dir='ltr'><strong>Interpres.</strong></span> <span class='ocrx_word' id='word_1_420' title='bbox 1457 2916 1592 2952; x_wconf 63' lang='grc' dir='ltr'>αὐλαῖαι</span> <span class='ocrx_word' id='word_1_421' title='bbox 1613 2921 1663 2952; x_wconf 82' lang='lat' dir='ltr'><strong>ed.</strong></span> 
     </span>
     <span class='ocr_line' id='line_1_43' title="bbox 139 2961 1053 3002; baseline 0.003 -12"><span class='ocrx_word' id='word_1_422' title='bbox 139 2961 209 2991; x_wconf 83' lang='lat' dir='ltr'><strong>vius</strong></span> <span class='ocrx_word' id='word_1_423' title='bbox 232 2963 351 2992; x_wconf 74' lang='lat' dir='ltr'><strong>sustulit,</strong></span> <span class='ocrx_word' id='word_1_424' title='bbox 374 2972 429 3002; x_wconf 84' lang='lat' dir='ltr'><strong>ope</strong></span> <span class='ocrx_word' id='word_1_425' title='bbox 452 2964 518 2994; x_wconf 85' lang='lat' dir='ltr'><strong>cod.</strong></span> <span class='ocrx_word' id='word_1_426' title='bbox 542 2963 637 2993; x_wconf 67' lang='lat' dir='ltr'><strong>l&#39;olic.</strong></span> <span class='ocrx_word' id='word_1_427' title='bbox 923 2964 1053 2994; x_wconf 81' lang='lat' dir='ltr'><strong>Petavii.</strong></span> 
     </span>
     <span class='ocr_line' id='line_1_44' title="bbox 186 3005 877 3047; baseline 0.004 -12"><span class='ocrx_word' id='word_1_428' title='bbox 186 3005 216 3036; x_wconf 73' lang='lat'><strong>5.</strong></span> <span class='ocrx_word' id='word_1_429' title='bbox 238 3005 312 3047; x_wconf 71' lang='grc' dir='ltr'><strong>περὶ</strong></span> <span class='ocrx_word' id='word_1_430' title='bbox 329 3007 519 3039; x_wconf 76' lang='lat' dir='ltr'><strong>desideratur</strong></span> <span class='ocrx_word' id='word_1_431' title='bbox 538 3009 569 3038; x_wconf 78' lang='lat' dir='ltr'><strong>in</strong></span> <span class='ocrx_word' id='word_1_432' title='bbox 587 3007 675 3038; x_wconf 83' lang='lat' dir='ltr'><strong>codd.</strong></span> <span class='ocrx_word' id='word_1_433' title='bbox 695 3009 760 3038; x_wconf 78' lang='lat' dir='ltr'><strong>Veri.</strong></span> <span class='ocrx_word' id='word_1_434' title='bbox 777 3011 802 3038; x_wconf 74' lang='lat' dir='ltr'><strong>et</strong></span> <span class='ocrx_word' id='word_1_435' title='bbox 817 3009 877 3038; x_wconf 81' lang='lat' dir='ltr'><strong>Va-</strong></span> 
     </span>
    </p>
   </div>
   <div class='ocr_carea' id='block_1_5' title="bbox 1301 3054 1392 3096">
    <p class='ocr_par' dir='ltr' id='par_1_13' title="bbox 1301 3054 1392 3096">
     <span class='ocr_line' id='line_1_45' title="bbox 1301 3054 1392 3096; baseline 0.011 -1"><span class='ocrx_word' id='word_1_436' title='bbox 1301 3054 1392 3096; x_wconf 83' lang='lat'><strong>30*</strong></span> 
     </span>
    </p>
   </div>
  </div>
 </body>
</html>
