2034 3267
486 179 664 212 PANARII
687 180 769 212 LIB.
788 181 812 212 1.
836 179 942 212 ToM.
959 180 1015 211 111.
1040 178 1168 210 HAER.
1186 178 1292 209 XLII.
1571 168 1650 208 685

135 259 310 299 veritatis
332 258 443 312 vigor
464 266 660 310 remanet,
693 258 845 299 tametsi
866 257 1141 299 minutissimas
1159 258 1198 298 in
1223 270 1333 312 pares
1357 255 1503 297 infinite
1526 262 1649 306 secta,

135 326 332 380 divisaque
363 326 518 367 fuerint.

244 392 409 434 Praeter
437 394 500 434 illa
532 408 626 434 vero
659 394 786 434 onmia
825 393 895 434 hoc
926 393 1083 448 iusuper
1115 392 1522 442 commemoravimus,
1555 405 1650 431 non·
1670 401 1853 442 Cap.x111.

135 461 260 502 nullos
289 475 309 502 e
334 460 670 502 Marcionistarum
702 475 820 515 grege
850 461 889 500 in
922 460 1146 501 altissimum
1178 460 1433 515 blasphemiae
1463 458 1651 513 gurgitem

133 529 336 570 immersos
361 536 475 583 atque
501 543 552 570 ex
576 529 759 584 pestifera
781 528 843 568 illa
872 529 1097 568 daemonum
1124 528 1295 568 doctriua
1321 527 1424 567 velut
1454 527 1584 566 furore
1617 535 1655 566 et

135 597 300 637 amentia
326 598 516 651 percitos,
551 610 660 650 quem
691 610 807 636 unum
835 596 895 635 vel
925 595 1079 635 nomine
1107 602 1218 635 tenus
1246 595 1438 635 dominum
1470 594 1653 634 memoria

132 664 342 705 retinuisse
365 664 613 714 videbantur,
647 663 756 703 huius
788 662 907 718 ipsius
933 663 1172 703 divinitatem
1195 662 1364 703 inaudita
1392 662 1551 716 quadam
1581 662 1653 702 lin-

133 746 231 786 guae
262 732 471 786 petulantia
503 731 761 786 pervertisse,
797 745 867 771 uec
892 730 1072 771 coelestis
1096 730 1196 770 illius
1220 730 1483 784 generationis
1514 743 1651 770 nomen

133 801 358 855 vituperare
381 799 499 840 luisse
522 799 683 839 veritas.
730 796 894 851 Quidam
919 798 1017 838 enim
1040 811 1091 838 ex
1112 797 1185 838 illis
1207 798 1398 838 dominum
1421 799 1543 852 ipsum
1558 796 1654 838 Mali

133 867 249 908 filium
272 881 358 909 esse
382 867 465 907 sine
489 865 566 907 ullo
588 867 732 920 pudore
754 865 944 906 iactitant.
987 863 1099 918 Quod
1122 865 1185 905 alii
1209 865 1333 906 minus
1357 866 1541 920 probant3
1572 865 1653 919 qui-

132 935 203 975 bus
232 935 354 990 placet
381 933 509 974 ludice
532 933 636 973 illum
661 947 704 973 ao
730 931 920 974 Creatore
944 940 1072 973 natum
1099 946 1202 973 esse.
1265 931 1344 986 Qui
1368 948 1451 973 cum
1479 933 1517 973 in
1541 933 1654 974 mise-

132 1003 339 1043 ricordiam
365 1008 469 1042 esset
501 1001 731 1056 propensior
764 1015 808 1041 ac
835 1008 970 1041 natura
1002 1000 1148 1050 bonus,
1184 1007 1291 1055 patre
1322 1015 1414 1053 suo,
1450 1014 1560 1054 quem
1591 1001 1652 1041 alii

134 1067 384 1120 Creatorem,
418 1068 482 1109 alii
508 1067 654 1109 Malum
677 1068 923 1118 existimant,
957 1068 1129 1108 inferiori
1155 1069 1246 1108 sede
1276 1068 1412 1109 relicto
1435 1082 1585 1109 sursum
1609 1069 1654 1109 ad

133 1138 237 1179 illum
261 1136 411 1178 Bonum
443 1136 619 1177 evolasse
653 1137 787 1187 deum,
822 1136 883 1190 qui
910 1136 948 1176 in
978 1135 1271 1190 explicabilibus
1303 1136 1342 1176 in
1368 1136 1463 1176 locis
1493 1136 1653 1187 residet,

134 1213 173 1246 et
196 1206 320 1246 eidem
346 1204 577 1245 inhaesisse,
641 1205 676 1244 A
707 1219 780 1258 quo
816 1204 853 1244 iu
883 1204 982 1244 hunc
1005 1204 1136 1244 orbe-m
1163 1204 1391 1255 demissum,
1425 1211 1463 1244 et
1489 1211 1528 1244 ut
1559 1204 1656 1258 patri

135 1288 206 1314 suo
230 1273 432 1314 resisteret
460 1273 654 1327 delapsum
679 1272 716 1312 in
743 1279 868 1312 terras
895 1270 1090 1313 Christum
1116 1273 1241 1312 omnia
1264 1272 1326 1313 illa
1351 1271 1561 1326 abrogasse
1589 1273 1654 1313 de-

133 1348 260 1391 creta,
295 1354 390 1395 quae
413 1340 458 1380 ab
483 1340 644 1381 naturali
670 1354 740 1380 suo
767 1348 874 1394 patre
899 1341 1051 1380 fuerant
1074 1339 1305 1390 constituta,
1339 1340 1421 1381 sive
1447 1340 1480 1380 is
1510 1347 1569 1381 est
1593 1341 1654 1394 qui

132 1410 170 1449 in
193 1409 277 1463 lege
299 1409 449 1449 locutus
472 1408 632 1458 dicitur,
666 1408 750 1448 sive
773 1407 940 1448 malitiae
965 1408 1058 1448 deus
1082 1407 1167 1458 ille,
1202 1421 1313 1461 quem
1344 1408 1447 1448 inter
1472 1408 1655 1463 principia

132 1477 248 1517 tertio
273 1477 357 1517 loco
387 1483 574 1517 statuunt.
636 1474 738 1516 Nam
761 1476 895 1526 aliter,
930 1475 980 1515 uti
1011 1475 1149 1516 dictum
1182 1483 1263 1526 est,
1298 1482 1410 1530 atque
1441 1476 1553 1516 aliter
1582 1476 1654 1517 ista

133 1544 343 1585 declarant.
406 1542 540 1598 ltaque
567 1544 664 1584 alius
690 1541 898 1597 Opificem,
932 1543 1029 1583 alius
1050 1541 1196 1584 Malum
1223 1557 1310 1584 esse
1335 1544 1481 1584 statuit.
1544 1543 1675 1603 Quae-

135 1626 220 1653 cum
243 1611 297 1652 ita
322 1612 420 1662 sint,
456 1612 698 1652 manifestum
724 1625 811 1652 esse
836 1611 990 1652 cuilibet
1012 1618 1140 1665 potest
1165 1611 1228 1665 qui
1250 1611 1394 1666 ingenii
1423 1626 1466 1653 ac
1491 1613 1656 1667 prudeu-

134 1680 212 1720 tiae
235 1680 376 1734 aliquid
412 1679 552 1720 habeat
580 1686 697 1719 totam
731 1679 831 1720 illam
858 1679 1069 1719 doctrinam
1099 1686 1212 1733 atque
1240 1680 1377 1734 dogma
1409 1680 1454 1720 ab
1480 1681 1658 1735 impuris-

136 1747 233 1788 simo
258 1748 395 1802 spiritu
425 1761 690 1802 promanasse.
753 1745 948 1800 Quocirca
975 1747 1066 1787 nihil
1089 1755 1171 1788 erat
1201 1747 1400 1788 admodum
1425 1762 1587 1789 necesse
1618 1749 1656 1788 in

137 1829 182 1855 eo
204 1822 429 1869 argumento
451 1816 650 1856 tractando
671 1829 715 1856 ac
738 1816 1010 1870 propugnanda
1035 1815 1107 1856 fide
1130 1815 1271 1856 morari
1293 1815 1449 1866 diutius,
1475 1823 1540 1856 aut
1562 1829 1657 1856 vero

135 1880 375 1923 Marcionem
403 1883 607 1934 refellere,
642 1883 703 1937 qui
730 1883 838 1924 iuxta
861 1883 918 1924 sui
945 1883 1064 1938 ipsius
1096 1897 1139 1923 ac
1164 1883 1266 1924 vitae
1297 1897 1384 1923 esse
1408 1883 1560 1924 videtur
1590 1883 1656 1923 ob-

136 1950 240 1991 litus.
302 1948 429 1991 Nemo
459 1951 645 2004 siquidem
678 1957 737 1991 est
771 1951 831 2005 qui
864 1939 1042 1991 nonnulla
1079 1951 1129 1992 sit
1158 1951 1412 2006 intelligentia
1443 1952 1653 2006 praeditus,

137 2018 224 2072 quin
249 2018 504 2059 contumeliae
528 2019 565 2058 in
591 2019 700 2059 deum
726 2018 855 2073 plenas
879 2019 978 2059 illius
1001 2019 1162 2070 fabulas,
1196 2034 1240 2060 ac
1264 2019 1490 2060 temerarios
1511 2026 1549 2060 et
1570 2034 1654 2074 per-

137 2085 307 2126 niciosos
343 2093 504 2127 conatus
537 2086 705 2140 detegat.
771 2085 914 2127 Verum
945 2086 1122 2141 quoniam
1161 2088 1302 2128 nullum
1340 2087 1459 2141 spinis
1491 2087 1654 2127 obsitum

136 2153 261 2194 locum
288 2168 363 2194 non
389 2161 636 2209 repurgatum
661 2167 746 2195 esse
771 2155 957 2209 patimur,
991 2156 1057 2195 sed
1084 2155 1142 2196 dei
1170 2155 1296 2210 gladio
1325 2155 1523 2196 succidere
1553 2155 1654 2196 sole-

136 2235 220 2261 mus
246 2221 472 2271 universas,
507 2223 568 2276 qui
595 2222 744 2276 quidem
769 2224 1037 2274 penetrabilior
1065 2231 1123 2262 est
1145 2226 1246 2262 omni
1261 2225 1389 2274 gladio
1412 2226 1585 2275 ancipiti,
1619 2231 1658 2263 et
1672 2238 1852 2275 Hebr.1‚1·1.

133 2293 350 2341 pertingens
383 2305 497 2342 usque
524 2293 574 2330 ad
600 2293 795 2330 divisiones
827 2294 970 2330 animae
999 2299 1037 2330 et
1062 2294 1236 2343 spiritu,
1271 2305 1484 2342 compagum
1515 2306 1655 2344 quoque

139 2372 183 2396 ac
211 2360 475 2404 medullarum,
512 2365 551 2398 ut
583 2359 771 2413 scriptura
806 2358 996 2413 loquitur,
1028 2358 1116 2399 ideo
1146 2372 1267 2413 pauca
1300 2359 1346 2399 (16
1378 2373 1421 2399 63
1453 2372 1494 2399 re
1526 2359 1653 2400 dicere

139 2439 216 2466 non
246 2425 506 2480 gravabimur.

249 2495 308 2534 Ac
334 2494 494 2548 primum
518 2494 609 2534 illud
631 2495 897 2549 opponendum
921 2502 1002 2546 est,
1035 2495 1068 2536 si
1090 2509 1110 2535 e
1134 2493 1238 2534 Malo
1262 2493 1394 2535 Bonus
1416 2495 1497 2535 fieri
1520 2502 1653 2550 potue·
1670 2502 1853 2546 Cap.X1V.

139 2561 211 2613 rit,
245 2568 362 2602 totam
395 2562 499 2603 illam
523 2560 802 2617 Principiorum
831 2563 1020 2604 rationem
1054 2563 1193 2603 everti.
1254 2560 1389 2603 Potest
1413 2562 1513 2603 enim
1545 2571 1583 2603 et
1611 2563 1655 2603 il-

139 2629 212 2670 lius
233 2637 356 2685 pater,
383 2629 415 2669 si
435 2629 555 2670 malus
579 2637 652 2680 est,
679 2631 794 2684 (quod
816 2631 915 2672 absit
938 2638 978 2671 ut
997 2645 1160 2684 unquam
1185 2629 1377 2681 dicamus3
1409 2629 1530 2671 bonus
1554 2631 1654 2670 enim

142 2699 215 2752 est)
246 2704 480 2739 commutare
516 2697 705 2749 animum,
740 2699 1052 2752 quemadmodum
1084 2698 1166 2738 eius
1198 2704 1257 2738 est
1287 2698 1505 2739 immutatus
1537 2697 1651 2740 filius.

141 2787 322 2820 voluerunt.
369 2789 410 2820 Et
430 2787 483 2819 alii
512 2799 550 2819 ex
570 2787 648 2831 ipsis
672 2787 786 2821 effreni
807 2788 874 2821 lin-
920 2791 1015 2830 diyer.
1035 2791 1130 2830 legere
1159 2790 1250 2828 plane
1270 2789 1345 2820 mihi
1373 2790 1509 2821 videbar.
1557 2790 1654 2830 Vulgo

139 2844 201 2875 gua
221 2833 377 2866 deitatem
394 2833 494 2876 ipsius
517 2839 723 2874 aversantes,
754 2845 873 2866 nomen
919 2838 1002 2867 extat
1026 2830 1318 2876 ἀσπλαγχνότερον.

141 2878 358 2920 generationis
380 2890 418 2910 ex
437 2878 584 2922 supernis
605 2878 789 2921 vituperare
808 2891 875 2912 non
964 2880 995 2913 3.
1031 2881 1127 2911 Verba
1150 2876 1247 2916 ἄλλος
1276 2876 1333 2920 μὲν
1354 2877 1409 2913 τὸν
1440 2877 1652 2922 δημιουργὸν,

142 2928 330 2955 verentur.“
920 2934 997 2965 quae
1017 2926 1126 2955 absunt
1148 2925 1187 2954 ab
1208 2925 1276 2955 edit.
1298 2926 1417 2964 priua,
1440 2927 1586 2958 Petavius
1606 2934 1651 2956 re-

185 2967 215 3000 2.
241 2965 538 3012 εὖσπλαγχνὸτερον
572 2973 767 3002 correxerunt
803 2971 876 3002 Cor·
920 2972 1014 3003 stituit
1036 2978 1073 3002 ex
1095 2969 1160 3001 cod.
1186 2970 1341 3001 Vaticano.

143 3015 251 3046 narius
278 3017 305 3047 et
324 3016 479 3049 Pelavius.
526 3016 562 3047 Ει
582 3017 627 3047 ila
650 3016 683 3047 in
708 3015 773 3048 cod.
798 3015 874 3047 Rhe·
