2034 3267
176 306 258 349 Κεφ.
284 304 321 340 ε’.

180 1593 243 1621 pag.
266 1586 322 1614 1²1.

348 209 426 248 234
906 212 1064 244 SANCTI
1090 213 1310 245 EPJPHANII

807 281 824 300 ἲ·

653 286 708 302 ,Ἢ

458 290 606 344 Εῧρῡῑς
630 291 652 330 ὅ
683 305 752 338 αν,
793 305 822 328 ω
851 286 1078 342 Ῑφιλολόγε,
1117 289 1182 329 καὶ
1212 288 1354 330 τούτου
1381 289 1450 343 τὴν
1479 290 1672 335 ’ὑπόθεσιν
1696 293 1863 346 ἐντυχών

345 365 427 406 τοῖς
455 363 525 398 τοῦ
548 359 722 403 Φίλωνος
743 352 1040 408 ὑπομνήμασιν,
1081 356 1122 396 ἐν
1144 360 1190 412 τῇ
1213 357 1300 410 περὶ
1325 354 1523 399 Ἰεσσαίων
1555 360 1674 402 αὐτοῦ
1706 363 1862 416 ἐπιγρα-

347 425 498 480 φομένῃ
525 426 666 480 βίβλῳ,
697 422 740 471 ὃς
758 421 906 464 τούτων
934 421 1006 475 τήν
1029 426 1221 464 πολιτείαν
1249 424 1315 464 καὶ
1339 421 1386 463 τά
1408 424 1575 478 ἐγκώμια
1595 428 1765 479 διεξιών,
1796 429 1863 469 καὶ

345 490 391 532 τά
414 489 544 531 αὐτῶν
569 489 806 544 μοναστήρια
834 491 875 531 ἐν
904 494 950 547 τῇ
979 489 1078 531 κατὰ
1107 489 1178 543 τήν
1203 493 1366 545 Μαρίαν
1393 493 1506 549 λίμνῃ
1535 495 1695 548 ἱστορῶν
1721 513 1864 550 περιοι-

344 561 444 607 κίδι,
477 556 525 599 οὗ
549 560 637 612 περί
657 575 771 599 τινων
793 558 930 611 ἐτέρων
959 556 981 599 ὅ
1005 556 1102 613 άνήρ
1129 557 1349 611 ἱστόρησεν,
1380 556 1474 598 ἄλλα
1496 561 1583 614 περὶ
1611 565 1862 615 Χριστιανῶν.

350 621 476 674 Οὗτος
507 623 579 679 γάρ
611 624 818 680 γενόμενος
847 627 888 666 ἐν
915 629 961 682 τῇ
983 625 1089 682 χώρᾳ
1118 625 1360 679 (Μαρεώτην
1380 625 1422 667 δὲ
1442 624 1511 667 τὸν
1533 625 1653 668 τόπον
1674 635 1863 679 καλοῦσι),

344 695 412 735 καὶ
437 694 647 746 καταχθεὶς
675 691 764 747 παρ’
791 690 924 740 αὐτοῖς
952 694 992 734 ἐν
1017 699 1099 742 τοῖς
1128 693 1225 734 κατά
1257 692 1324 734 τὸν
1353 697 1479 747 χῶρον
1509 698 1645 735 τοῦτον
1678 710 1862 748 μοναστη-

345 764 444 814 ρίοις
477 759 681 813 ὠφέληται.
737 758 803 801 Ἐν
833 758 994 815 ἡμέραις
1028 759 1101 815 γάρ
1129 765 1206 801 τῶν
1236 759 1441 813 2Πάσχων
1466 761 1548 801 ἐκεῖ
1567 760 1769 816 γενόμενος
1795 763 1864 811 τάς

343 844 382 869 τε
407 825 536 868 αὐτῶν
561 831 751 876 πολιτείας
776 827 987 876 ἐθεάσατο,
1018 829 1085 869 καὶ
1107 827 1161 876 ῶς
1189 844 1288 876 τινες
1317 827 1518 881 ἑβδομάδα
1546 827 1617 880 τὴν
1647 826 1760 882 ἇγίαν
1789 835 1865 871 τῶν

348 900 366 924 ³
383 895 552 949 Πάσχων
574 893 872 949 ὑπερτιθέμενοι
897 897 1110 946 διετέλουν,
1142 893 1245 937 ἄλλοι
1271 896 1312 936 δὲ
1335 894 1401 936 διὰ
1424 894 1495 937 δύο
1523 894 1731 946 ἐσθίοντες,
1763 894 1868 938 ἄλλοι

346 964 476 1005 δὲκαὶ
511 961 603 1005 καθ’
625 964 798 1018 ε’σπέραν.
850 958 925 1004 ςΗν
960 964 1000 1005 δὲ
1033 968 1086 1020 τῷ
1121 961 1235 1018 άνδρὶ
1267 961 1394 1004 πάντα
1429 967 1548 1004 ταῦτα
1577 979 1866 1018 πεπραγματευ-

345 1032 441 1083 μένα
460 1033 514 1080 εἰς
536 1030 606 1084 τὴν
629 1033 719 1086 περὶ
741 1030 905 1078 πίστεώς
930 1048 968 1072 τε
992 1032 1059 1072 καὶ
1084 1033 1276 1078 πολιτείας
1296 1035 1374 1072 τῶν
1397 1034 1640 1085 Χριστιανῶν
1662 1029 1866 1072 ὑπόθεσιν.

342 1097 410 1147 Ὡς
432 1094 502 1141 οὗν
522 1098 605 1140 τότε
633 1101 837 1140 ἐκαλοῦντο
858 1096 1059 1149 Ἰεσσαῖοι,
1091 1096 1148 1139 ἐπ’
1170 1097 1282 1154 ὀλίγῳ
1307 1096 1433 1154 χρόνῳ
1465 1097 1557 1151 μετά
1580 1096 1650 1151 τήν
1671 1097 1869 1151 ἀνάληψιν

344 1171 414 1207 τοῦ
439 1170 632 1220 σωτῆρος,
662 1167 729 1207 καὶ
750 1165 925 1219 Μάρκου
946 1170 994 1222 τῇ
1015 1171 1092 1206 τῶν
1114 1167 1342 1220 Αἰγυπτίων
1361 1164 1467 1222 χώρᾳ
1491 1164 1741 1219 κηρύξαντος,
1769 1165 1867 1207 κατά

345 1232 437 1282 τοῦς
456 1232 618 1288 χρόνους
636 1233 798 1281 τούτους
825 1234 924 1280 τινὲς
948 1231 1196 1284 ἐξεληλύθασι
1218 1231 1355 1281 πάλιν,
1386 1237 1463 1273 τῶν
1489 1231 1713 1274 ἀποστόλων
1743 1235 1868 1286 δῆθεν

345 1300 560 1342 ἀκόλουθοι
584 1302 692 1355 (λέγω
715 1300 756 1340 δὲ
779 1302 819 1341 οἱ
837 1298 1010 1341 ἐνταῦθά
1035 1316 1102 1350 μοι
1126 1298 1355 1351 ὅηλούμενοι
1376 1303 1628 1354 Ναζωραῖοι),
1660 1299 1768 1349 ὄντες
1791 1301 1861 1353 μὲν

344 1367 443 1409 κατά
474 1367 517 1409 τό
544 1368 656 1422 γε’νος
675 1365 877 1417 Ἰουδαῖοι,
921 1367 987 1407 καὶ
1012 1370 1064 1422 τῷ
1089 1364 1198 1422 νόμῳ
1225 1366 1266 1407 δὲ
1291 1367 1590 1420 προςανέχοντες
1616 1369 1684 1408 καὶ
1717 1384 1867 1423 περιτο-

345 1435 422 1488 μήν
454 1436 700 1487 κεκτημένοι·
743 1433 819 1475 ἀλλ’
842 1433 967 1488 ὥςπερ
999 1432 1075 1474 άπὸ
1101 1438 1251 1475 σκοποῦ
1284 1450 1384 1482 τινες
1409 1433 1646 1486 θεασάμενοι
1670 1440 1769 1488 πῦρ,
1800 1436 1867 1476 καὶ

345 1501 396 1555 μὴ
418 1501 626 1555 νοήσαντες
646 1501 694 1544 δι’
714 1502 763 1555 ἣν
789 1503 917 1543 αἰτίαν
941 1503 982 1542 οἱ
1001 1499 1071 1553 τὴν
1099 1499 1229 1554 πυράν
1254 1500 1399 1554 ταύτην
1424 1500 1663 1553 ἐξάψαντες,
1693 1501 1719 1554 ἢ
1739 1517 1868 1556 χρησι-

347 1570 511 1623 μότητα,
551 1575 665 1612 τοῦτο
695 1574 892 1620 ποιοῦσιν,
936 1567 962 1622 ἢ
986 1567 1033 1609 τά
1062 1573 1132 1621 τῆς
1163 1573 1261 1621 ζωῆς
1293 1569 1440 1610 ἑαυτῶν
1466 1567 1625 1621 ὀψώνια
1650 1567 1751 1623 πρὸς
1775 1571 1868 1612 ἐδω-

344 1637 416 1691 δὴν
439 1636 503 1679 διά
535 1643 603 1691 τῆς
627 1643 755 1692 πυρᾶς
779 1635 1144 1686 κατασκευάζοντες,
1183 1635 1209 1689 ἢ
1239 1637 1303 1677 ἐπὶ
1336 1634 1545 1692 άφανισμῷ
1572 1653 1688 1677 τινων
1716 1652 1869 1678 καυστι-

344 1710 426 1747 κῶν
449 1704 572 1755 ξύλων
594 1704 619 1758 ἢ
639 1703 853 1760 φρυγάνων
873 1709 950 1745 τῶν
973 1701 1050 1744 find
1076 1702 1203 1758 πυρός
1223 1702 1424 1745 εἰωθότων
1447 1701 1734 1754 ἀναλίσκεσθαι,
1765 1704 1868 1745 οὕτω

347 1774 412 1814 καὶ
437 1771 546 1814 αὐτοὶ
578 1771 858 1826 μιμησάμενοι,
898 1776 977 1826 πῦρ
1003 1769 1225 1822 άνάψαντες
1255 1770 1415 1819 ἑαυτούς
1449 1772 1674 1825 ἐνέπρησαν.
1732 1769 1866 1812 Ἀκού-

347 1855 481 1888 σαντες
508 1839 580 1895 γαρ
602 1839 723 1893 μόνον
747 1838 870 1892 ὄνομα
888 1837 1037 1891 Ἰησοῦ,
1066 1840 1133 1880 καὶ
1158 1837 1398 1892 θεασάμενοι
1423 1837 1469 1879 τά
1496 1837 1710 1891 θεοσήμεια
1734 1837 1780 1879 τά
1802 1837 1866 1880 διά

347 1912 484 1962 χειρῶν
508 1912 586 1949 τῶν
624 1906 851 1948 άποστόλων
880 1905 1085 1961 γινόμενα,
1126 1908 1193 1948 καὶ
1223 1904 1335 1947 αὐτοὶ
1366 1907 1419 1954 εἰς
1441 1904 1600 1958 Ἰησοῦν
1629 1905 1867 1956 πιστεύουσι,

348 1975 503 2030 γνόντες
525 1976 565 2016 δὲ
588 1972 705 2017 αὐτόν
726 1976 767 2016 ἐκ
793 1974 967 2028 Ναζαρὲτ
991 1976 1031 2016 ἐν
1055 1976 1188 2029 γαστρὶ
1212 1979 1233 2002 4
1248 1975 1585 2029 ἐγκυμονηθέντα,
1616 1974 1683 2014 καὶ
1706 1975 1747 2015 ἐν
1772 1976 1867 2030 οἴκῳ

344 2041 488 2096 Ἰωσὴφ
516 2041 804 2098 ἀνατραφέντα,
834 2043 900 2083 καὶ
924 2040 988 2083 διὰ
1012 2046 1126 2083 τοῦτο
1150 2043 1190 2083 ἐν
1210 2046 1262 2099 τῷ
1286 2039 1487 2097 εὐαγγελίῳ
1512 2038 1665 2093 Ἰησοῦν
1686 2039 1755 2082 τόν
1787 2045 1868 2082 Να-

349 2115 515 2164 ζωραῖον
539 2116 760 2161 καλεῖσθαι,
802 2107 856 2159 ὥς
885 2111 951 2151 καὶ
984 2111 1023 2150 οἷ
1042 2107 1249 2151 άπόστολοί
1276 2123 1417 2161 φασιν,
1456 2106 1615 2161 Ἰησοῦν
1639 2106 1707 2149 τόν
1734 2112 1867 2157 Ναζω-

349 2184 461 2233 ραῖον
485 2176 607 2232 ἄνδρα
634 2175 957 2232 ἀποδεδειγμένον
984 2177 1025 2218 ἕν
1045 2193 1083 2217 τε
1106 2180 1279 2230 σημείοις
1301 2177 1368 2217 καὶ
1395 2176 1544 2230 τέρασι,
1586 2177 1652 2216 καὶ
1685 2174 1732 2216 τά
1767 2176 1867 2228 ἑξῆς,

350 2249 465 2287 τοῦτο
486 2244 528 2287 τὸ
553 2244 678 2298 ὄνομα
703 2246 941 2287 ἐπιτιθέασιν
967 2242 1112 2295 αὑτοῖς,
1146 2243 1218 2286 5τό
1241 2249 1443 2285 καλεῖσθαι
1471 2246 1739 2297 Ναζωραίους,
1773 2242 1867 2283 6οὕ-

350 2313 387 2364 χὶ
415 2312 456 2353 δὲ
482 2316 738 2368 Ναζιραίους,
777 2313 819 2354 τό
849 2310 1155 2366 ἑρμηνευόμενον
1179 2311 1467 2367 Ἡγιασμένους.
1534 2315 1655 2350 Τοῦτο
1681 2307 1752 2363 γάρ
1784 2316 1866 2358 τοῖς

351 2378 394 2420 τὸ
424 2379 586 2421 παλαιὸν
610 2379 872 2435 πρωτοτόκοις
904 2380 970 2421 καὶ
1000 2384 1082 2435 θεῷ
1106 2378 1385 2435 άφιερωθεῖσιν
1410 2376 1610 2432 7ὑπῆρχεν
1635 2375 1676 2418 τὸ
1699 2375 1864 2429 ἀξίωμα,

355 2441 410 2487 ῶν
430 2445 484 2496 εἷς
504 2445 675 2501 ὑπῆρχεν
696 2445 719 2489 ὅ
739 2446 942 2500 Σαμψών,
972 2447 1036 2487 καὶ
1062 2445 1168 2488 ἄλλοι
1189 2445 1264 2500 μετ’
1285 2445 1417 2496 αὐτόν,
1447 2447 1512 2487 καὶ
1536 2443 1610 2498 πρό
1633 2442 1757 2484 αὐτοῦ
1776 2450 1867 2485 πολ-

351 2517 421 2555 λοί.
477 2513 587 2556 'And
619 2516 683 2556 καὶ
704 2514 884 2567 Ἰωάννης
914 2512 937 2556 ὅ
967 2513 1184 2567 Βαπτιστὴς
1203 2519 1281 2555 τῶν
1303 2513 1431 2554 αὐτῶν
1459 2511 1787 2566 Βᾶφηγιασμένων
1815 2517 1867 2568 τῷ

354 2586 436 2639 θεῷ
459 2583 525 2623 καὶ
547 2581 666 2631 αὐτὸς
686 2580 741 2631 εἷς
764 2587 781 2611 ⁹
795 2580 951 2635 ὑπῆρχε,
968 2582 1034 2622 καὶ
1057 2579 1162 2622 οἶνον
1184 2583 1249 2622 καὶ
1271 2585 1402 2635 σίκερα
1420 2579 1491 2622 οὐκ
1511 2581 1650 2622 ἔπινεν.
1698 2582 1739 2606 ¹⁰
1754 2577 1865 2633 ρὨρι-

356 2663 422 2690 στο
446 2649 518 2704 γάρ
546 2657 627 2699 τοῖς
654 2649 842 2698 τοιούτοις
876 2654 917 2679 1¹
934 2647 1031 2701 αὕτη
1063 2646 1250 2703 ἁρμόδιος
1279 2654 1332 2705 τῷ
1357 2647 1540 2701 ἀξιώματι
1575 2644 1657 2699 12ἦ
1686 2650 1866 2688 πολιτεία.

405 2751 479 2784 CAP.
492 2754 530 2783 V.
545 2772 587 2777 —
615 2754 640 2785 1.
654 2756 704 2786 Sic
721 2755 893 2786 maronie.
926 2753 999 2784 cod.
1013 2753 1091 2783 Rhe·
1181 2750 1211 2785 4.
1238 2755 1344 2783 Vocem
1365 2750 1628 2793 ε’γκυμονηῗέντα
1651 2759 1710 2781 ηοη
1733 2752 1869 2789 agnoscit

358 2797 421 2836 dig.
446 2801 471 2827 et
495 2799 565 2828 edit.
586 2801 682 2837 princ.
702 2801 807 2830 vitiose
827 2796 990 2840 φιλόλογε.
1136 2799 1202 2828 cod.
1229 2799 1322 2828 Valic.

403 2842 434 2872 2.
457 2842 593 2884 πασχῶν
618 2845 684 2874 cod.
704 2845 829 2883 Rhedi9.
853 2846 880 2874 et
906 2843 974 2873 edit.
991 2844 1089 2880 princ.
1180 2844 1209 2873 Ξ).
1234 2841 1290 2874 τοῦ
1316 2842 1490 2874 καλεῖσὲαι
1512 2841 1577 2871 cod.
1600 2842 1738 2871 Venetus.

360 2887 447 2924 Quod
468 2889 597 2917 mutavit
618 2890 723 2919 Ρειαυ.
745 2891 774 2919 in
794 2885 949 2930 πάσχων,
974 2896 1010 2917 ex
1034 2896 1091 2916 au-
1179 2885 1210 2918 6.
1237 2888 1332 2918 Verba
1358 2882 1432 2929 οὐχὶ
1452 2883 1489 2918 δὲ
1509 2883 1708 2925 Ναζιραίους
1730 2895 1789 2916 ⁷1⁰¹!
1811 2886 1867 2915 ha·

358 2932 494 2961 ctoritate
517 2932 581 2961 cod.
606 2934 700 2963 Vasio.
1136 2933 1180 2962 bet
1205 2933 1269 2962 cod.
1292 2933 1390 2962 Venet.

403 2974 433 3007 3.
467 2973 602 3018 πάσχων
634 2978 699 3007 cod.
724 2979 819 3009 l'atic.
851 2980 876 3008 et
907 2978 957 3007 ed.
986 2977 1090 3007 Petav.
1186 2986 1210 3008 t.
1235 2973 1380 3018 ὑπῆρχεν
1398 2975 1772 3013 codd-Vertet.etRhedi9.
1797 2974 1868 3004 Vul-

358 3020 494 3063 πασχῶν
518 3021 583 3052 cod.
604 3022 729 3060 Rhediy.
747 3026 771 3052 el
794 3024 864 3053 edic.
881 3023 978 3060 princ.
1135 3031 1171 3059 90
1198 3017 1335 3063 ὗπῆρχε.
