2034 3267
425 206 602 239 PANAnu
627 207 726 239 Anv.
747 207 969 240 HAERESES
993 208 1074 241 Lm.
1099 210 1122 240 1.
1147 209 1250 241 ToM.
1275 210 1314 241 11.
1544 202 1617 241 131

112 300 166 325 me
187 289 350 337 scripsit.
413 283 491 325 Sed
513 292 551 325 et
571 285 643 326 alia
670 286 942 340 quamplurima
965 293 1053 327 sunt
1077 301 1174 341 quae
1199 288 1384 328 adversus
1408 289 1620 328 contrarias

114 352 422 407 praestigiatoris
448 353 546 392 illius
576 354 745 393 rationes
771 367 963 407 opponere
991 368 1208 408 possumus.
1268 355 1327 395 Ac
1355 355 1427 395 nisi
1449 355 1501 395 illi
1533 357 1621 395 dae-

115 433 268 459 monum
294 433 432 460 sensus
456 426 581 471 esset,
612 420 800 474 quomodo
829 420 938 460 foeda
967 420 1031 460 illa
1055 422 1252 475 turpiaque
1281 421 1483 462 conciliare
1504 423 1619 463 vitam

112 493 294 539 possent,
328 501 410 526 cum
433 487 469 526 in
494 487 693 540 evangelio
718 485 892 526 dominus
915 486 996 540 ipse
1029 487 1076 527 iis
1097 488 1157 541 qui
1180 489 1380 539 dixerant,
1423 492 1470 528 Sz'
1486 493 1537 529 ita
1565 498 1624 530 est
1670 501 1778 529 Manu.

111 567 244 592 caussa
268 557 343 592 viri
371 568 450 592 eum
474 568 610 600 uxore,
653 567 725 591 non
750 555 899 603 expedit
918 555 1074 600 nubere,
1118 554 1176 594 his
1207 556 1335 595 verbis
1364 558 1615 611 respondeat:
1671 535 1711 570 ω’
1731 536 1770 563 m'

106 623 191 660 Non
218 636 340 660 omnes
363 624 515 672 capiunt
536 623 636 659 z'slml
645 636 656 658 :
698 627 786 658 sunt
806 622 899 657 em‘m
926 622 1087 658 eunuc-lei
1105 625 1172 672 qni
1201 625 1337 672 seipsos
1363 632 1620 664 castraverunt

105 696 262 739 propter
282 703 435 739 regnum
459 690 638 726 coelorum
652 691 670 724 ?
701 683 850 738 Quibus
866 686 995 726 verbis
1012 688 1178 726 ostendit
1200 702 1221 727 a
1244 692 1516 731 consuetudine
1537 707 1617 732 mu-

107 755 214 796 lieris
235 755 430 795 abstinere
450 767 585 794 munus
605 766 692 792 esse
712 766 733 792 a
757 752 913 792 coelesti
934 766 1056 806 regno
1077 753 1305 794 derivatum.
1350 755 1500 797 Rursus
1519 760 1616 800 idem

110 822 184 862 alio
208 823 244 862 in
272 823 357 863 loco
382 823 432 862 ita
461 822 505 860 de
532 819 703 860 honestis
727 819 867 873 nuptiis
887 819 1070 873 loquitur,
1103 835 1196 874 quas
1219 822 1354 876 impius
1380 820 1512 864 Simon
1537 827 1618 866 vio-

108 889 192 929 lans
226 889 386 943 turpiter
418 886 561 927 libidini
588 900 684 926 suae
715 886 814 926 viam
846 900 891 926 ac
921 887 1108 927 rationem
1135 895 1355 941 praeparat:
1405 893 1500 939 Quos
1529 896 1616 932 (leus
1663 903 1770 932 Matth.

109 960 303 995 com'unoeit
329 958 431 994 homo
459 969 531 992 non
560 961 717 1004 separet.
1668 938 1707 971 19,
1723 942 1748 965 δ’

217 1020 540 1075 Quemadmodum
570 1034 665 1060 vero
697 1034 882 1073 nugarum
914 1035 1068 1061 suarum
1097 1022 1236 1062 oblitus
1265 1022 1471 1077 impostor,
1513 1026 1617 1065 velut
1643 1039 1717 1082 cap,
1739 1041 1792 1072 VI.

106 1105 237 1130 eorum
277 1102 371 1142 quae
409 1094 523 1127 antea
558 1086 711 1127 dixerat
743 1088 922 1140 ignarus,
971 1089 1139 1142 seipsum
1172 1090 1331 1129 refellit!
1398 1089 1499 1130 Nam
1533 1107 1615 1132 rum

105 1158 268 1197 dixisset
289 1154 463 1208 Angelos
487 1167 507 1194 a
535 1168 577 1194 se
603 1167 671 1208 per
693 1154 984 1208 intelligentiam
1008 1169 1115 1195 suam
1140 1164 1362 1210 procreatos
1384 1171 1495 1208 esse,
1528 1160 1617 1199 sub—

103 1224 193 1263 iecit
215 1229 367 1276 postea,
410 1228 452 1261 ut
476 1221 631 1261 eosdem
658 1221 743 1261 illos
767 1222 887 1262 latere
910 1223 1177 1263 descendendo
1200 1231 1354 1277 posset,
1397 1225 1551 1278 figuram
1577 1226 1615 1266 in

103 1302 328 1343 unoquoque
358 1288 467 1328 coelo
499 1295 686 1329 mutasse.
746 1287 870 1342 Igitur
895 1289 1037 1330 latebat
1059 1290 1147 1330 ideo
1173 1292 1271 1344 quod
1297 1291 1383 1332 illos
1408 1300 1612 1334 metueret.

100 1355 217 1410 Atqui
242 1355 329 1409 quid
351 1369 419 1395 eos
443 1369 538 1409 quos
562 1355 642 1410 ipse
665 1356 888 1397 condiderat
912 1356 1086 1410 Angelos
1109 1357 1295 1411 impostor
1315 1358 1377 1398 ille
1400 1362 1615 1401 metuebat?

98 1422 240 1464 Nonne
271 1422 385 1463 etiam
415 1423 595 1462 convictu
626 1423 747 1463 facilis
777 1424 953 1477 prudenti
983 1423 1139 1463 cuilibet
1162 1425 1310 1465 occulte
1334 1428 1614 1480 proseminatus

99 1503 209 1531 error
246 1490 309 1530 ille
338 1489 477 1541 fuerit,
521 1504 605 1530 cum
638 1490 829 1544 scriptura
860 1498 982 1531 teste:
1029 1494 1073 1530 In
1099 1494 1285 1543 prz'nczjm'o
1316 1498 1498 1533 creaverit
1526 1498 1614 1535 deus
1633 1511 1706 1539 Gen.
1728 1514 1749 1539 1.

97 1559 235 1596 coelum
258 1564 294 1595 et
314 1561 482 1596 terram?
540 1556 689 1611 Quibus
712 1563 1012 1597 consentaneum
1036 1564 1096 1597 est
1117 1559 1215 1611 quod
1238 1559 1412 1600 dominus
1433 1561 1471 1601 in
1496 1576 1612 1603 evan-

96 1624 198 1678 gelio
228 1624 339 1664 deum
369 1631 516 1678 patrem
550 1625 749 1678 alloquens
779 1624 888 1664 dicit:
929 1627 1062 1672 Pater,
1105 1628 1248 1665 domine
1276 1630 1372 1666 coele·
1396 1642 1441 1667 ae
1471 1637 1605 1669 terrae.
1629 1644 1809 1680 Luc.1o,2l.

97 1690 209 1744 Quod
241 1690 274 1731 si
303 1691 401 1731 coeli
430 1698 634 1744 terraeque
664 1691 840 1731 conditor
869 1698 929 1731 est
958 1692 1050 1731 deus
1074 1699 1184 1746 pater
1210 1693 1350 1733 domini
1374 1697 1495 1736 nostri
1524 1695 1612 1737 lesu

98 1757 265 1809 Christi,
298 1759 440 1799 frustra
461 1759 587 1799 omnia
610 1773 631 1798 a
654 1758 888 1813 sycophanta
909 1756 1068 1798 Simone
1091 1759 1304 1811 iactantur,
1337 1763 1515 1802 mundum
1537 1765 1611 1803 sci·

94 1826 185 1866 licet
219 1826 264 1866 ab
296 1825 461 1878 Angelis
501 1840 586 1866 cum
619 1826 770 1866 defectu
800 1825 1045 1876 fabricatum,
1090 1834 1318 1881 caeteraque
1352 1830 1479 1870 omnia
1513 1845 1610 1884 quae

95 1894 282 1933 fanaticus
311 1900 510 1933 veterator
544 1891 797 1933 fraudulentis
830 1893 1072 1933 sermonibus
1103 1894 1142 1934 in
1175 1894 1307 1937 orbem
1336 1895 1487 1937 invexit
1516 1912 1610 1938 non-

95 1960 294 2014 nullosque
324 1974 344 2000 a
375 1974 418 2002 se
447 1962 627 2014 deceptos
656 1960 791 2000 iisdem
822 1960 1030 2001 mendaciis
1061 1961 1328 2003 circumvenit.

203 2028 332 2081 Atque
362 2028 456 2068 haec
487 2027 756 2082 compendiose
786 2040 808 2067 a
838 2026 1165 2077 nobisdadversus
1194 2029 1295 2069 illius
1326 2030 1502 2072 haeresin
1532 2033 1607 2072 dis·
1635 2045 1795 2088 captu,

87 2102 219 2150 ‚putata
248 2094 384 2135 lectori
414 2095 623 2144 sufficient,
665 2094 801 2148 quibus
831 2094 974 2135 veritas
1001 2094 1084 2150 ipsa
1109 2109 1154 2136 ac
1186 2097 1273 2137 mali
1300 2099 1470 2139 remedia
1500 2115 1606 2140 inon-

91 2169 282 2213 strantur,
324 2162 682 2215 redarguunturque.
708 2160 735 2200 ii
765 2161 829 2215 qui
857 2162 1010 2202 immani
1040 2163 1102 2204 illa
1126 2165 1343 2218 corruptela
1369 2165 1513 2218 ignaris
1539 2168 1606 2207 ho-

90 2229 254 2270 minibus
280 2230 452 2270 fraudem
474 2231 602 2270 faeere
629 2235 830 2269 conantur.
890 2228 1005 2270 Nunc
1028 2230 1104 2270 alio
1127 2232 1396 2272 transferenda
1419 2239 1458 2272 et
1480 2234 1525 2273 ad
1552 2236 1606 2274 al-

90 2303 211 2337 teram
247 2297 425 2337 haeresin
457 2297 757 2337 convincendam
785 2296 1017 2338 reflectenda
1047 2304 1107 2338 est
1137 2297 1276 2338 oratio.
1338 2297 1411 2339 Est
1439 2314 1536 2341 vero
1566 2301 1604 2342 in

89 2363 283 2403 haeretico
315 2364 381 2404 illo
411 2364 558 2404 varium
592 2362 767 2416 quiddam
802 2371 914 2418 atque
943 2364 1107 2419 duplex,
1151 2365 1211 2418 qui
1241 2365 1393 2406 tametsi
1420 2367 1605 2422 impostor

87 2430 217 2480 fuerit,
251 2428 396 2471 Christi
419 2430 489 2471 sibi
515 2443 653 2470 nomen
679 2429 807 2484 specie
831 2438 941 2472 tenus
962 2431 1156 2486 imposuit,
1189 2433 1502 2486 quemadmodum
1525 2436 1603 2476 uri-

88 2497 147 2537 nis
182 2511 233 2538 ex
267 2499 437 2553 aspidum
475 2511 520 2537 ac
550 2496 768 2551 viperarum
803 2498 886 2539 ovis
918 2499 1083 2539 obortivi
1116 2500 1350 2554 serpentium
1384 2501 1482 2542 fetus
1517 2516 1602 2543 cor-

86 2565 261 2619 ruptique
289 2566 524 2615 formantur3
564 2564 600 2603 id
627 2565 724 2617 quod
749 2564 795 2605 iis
824 2565 953 2606 verbis
981 2580 1003 2605 a
1027 2566 1212 2620 propheta
1237 2566 1375 2607 dictum
1403 2575 1483 2609 est:
1527 2573 1600 2609 Ova
1620 2582 1754 2617 Esams,
1772 2585 1795 2611 5.

87 2634 251 2682 aspidum
263 2634 481 2685 fregerunt,
516 2639 554 2670 et
572 2634 639 2683 qui
659 2646 724 2670 ova
747 2635 812 2671 illa
832 2636 1017 2672 comedere
1038 2636 1166 2681 vellet,
1200 2637 1324 2673 inania
1347 2639 1496 2687 reperit,
1531 2638 1599 2676 ibi-

87 2700 233 2750 demque
259 2702 442 2750 regulum.
504 2697 649 2738 Verum
681 2706 927 2754 posteaquam
958 2698 1126 2751 Christi,
1159 2701 1211 2741 uti
1243 2701 1432 2753 diximus,
1466 2710 1598 2757 poten—

88 2764 140 2804 tia
170 2766 343 2806 veritatis
373 2767 478 2806 illum
509 2765 749 2806 sermonibus
778 2767 1006 2822 impetiimus
1033 2767 1191 2822 eiusque
1215 2769 1422 2823 perniciem
1447 2785 1597 2812 omnem

88 2832 360 2885 restinximus,
392 2833 550 2888 gradum
580 2833 627 2873 ad
658 2832 822 2887 reliquas
853 2835 1035 2877 haereses
1065 2836 1260 2877 faciamus.

1253 3040 1315 3080 9*
