2034 3267
189 579 274 621 Κεφ.
297 578 340 624 γ’.

212 1480 276 1508 pag.
296 1474 352 1502 383.

201 2488 288 2535 Κεφ.
312 2489 352 2526 δ’.

368 147 447 187 696
926 150 1087 183 εΑΝοΤῐ
1109 151 1331 183 EPIPHANH

367 230 438 283 τήν
467 229 593 281 σάρκα
625 236 707 279 τοῖς
736 230 877 271 ἑαυτοῦ
907 234 1123 281 μαθηταῖς,
1154 229 1221 269 καὶ
1252 226 1464 279 άναλύσας,
1496 232 1637 284 φησὶν,
1668 229 1789 284 αὐτὴν
1818 229 1888 284 τὴν

367 297 670 351 ἐνανθρώπησιν
693 299 834 339 ἑαυτοῦ
858 295 1062 352 οἷπεμέρισε
1085 295 1200 338 πάλιν
1227 295 1372 354 ἑκάστῳ
1397 301 1474 338 τῶν
1498 301 1691 352 στοιχείων
1719 297 1760 341 τό
1786 301 1889 341 ἴδιον

367 363 565 416 οἷποδοῦς,
595 365 638 407 τὸ
661 364 812 420 θερμὸν
833 369 886 421 τῷ
907 369 1065 422 θερμῷ,
1095 364 1138 406 τὸ
1164 363 1320 419 ψυχρὸν
1348 369 1588 422 τῷψυχρῷ,
1617 366 1659 408 τὸ
1690 365 1808 421 ξηρόν
1837 372 1888 424 τῷ

368 436 493 490 ξηρῷ,
524 432 567 475 τό
602 431 723 488 ὑγρόν
753 438 805 491 τῷ
839 431 962 490 ύγρῷ’
994 433 1060 474 καὶ
1093 431 1217 481 οὕτως
1248 431 1432 481 διαλύσας
1461 431 1525 473 ἄπ’
1554 431 1674 475 αὐτοῦ
1703 434 1817 477 πάλιν
1846 434 1887 476 τὸ

368 502 556 556 ἕνσαρκον
587 506 698 554 σῶμα
728 499 872 554 άνέπτη
903 502 958 550 εἷς
985 499 1053 543 τὸν
1083 498 1272 554 ούρανὸν,
1303 499 1400 542 ὅθεν
1431 502 1496 542 καὶ
1525 496 1607 554 ἧκε.

479 571 558 610 Καὶ
581 565 612 611 ὦ
634 574 777 623 πολλῆς
795 571 1104 624 δραματουργίας
1126 573 1202 610 τῶν
1223 568 1269 610 τά
1292 573 1451 610 τοιαῦτα
1475 567 1674 624 λεγόντων,
1705 568 1758 619 ὦς
1776 574 1890 613 παντί

365 656 419 695 τῳ
440 638 561 689 σαφὲς
581 640 652 690 εἴη,
684 640 812 691 μίμων
834 642 975 691 μᾶλλον
993 636 1243 692 ἐργαστήριον
1263 636 1361 692 ἥπερ
1382 638 1606 692 ἐπαγγελίας
1623 641 1721 690 ζωῆς
1740 637 1767 691 ’ἢ
1785 640 1890 681 συνέ-

367 721 462 755 σεως
485 711 706 761 χαρακτῆρα
727 707 980 759 κεκτημένων.
1042 707 1096 746 Εἰ
1126 704 1197 760 γάρ
1220 704 1318 754 ὅλως
1339 706 1446 746 ἔλυεν
1468 703 1562 747 αὐτὸ
1594 704 1636 747 τὸ
1662 710 1771 758 σῶμα
1796 705 1890 762 ὅπερ

368 776 514 827 εἴληφε,
537 776 612 816 τίνι
632 779 685 831 τῷ
707 774 807 832 λόγῳ
831 772 896 815 ἀπ’
918 772 1038 828 άρχῆς
1059 772 1154 815 αὐτὸ
1173 775 1295 830 ἑαυτῷ
1316 772 1607 824 κατεσκεύαζεν,
1652 775 1706 814 Εἰ
1728 775 1769 815 δὲ
1787 790 1894 815 κατε-

368 841 521 892 σκεύαζε
545 841 610 883 διά
633 860 718 883 τινα
737 847 892 897 χρῆσιν,
935 840 1132 883 ἀπετέλεσε
1153 842 1194 882 δὲ
1216 840 1258 883 τὸ
1284 843 1398 897 ἔργον
1418 846 1487 895 τῆς
1506 841 1695 896 χρήσεως,
1727 843 1802 883 ἔδει
1827 860 1893 884 κα-

368 916 547 962 ταλεῖψαι
576 908 668 952 αύτὸ
702 912 742 952 ἐν
772 915 817 968 τῇ
849 915 920 968 γῇ,
961 909 1121 963 μάλιστα
1145 907 1237 952 καθ9
1257 907 1359 963 ύμᾶς
1384 914 1452 963 τῆς
1474 910 1572 951 κατὰ
1596 909 1665 964 τήν
1687 908 1895 952 άνάστασιν

366 984 435 1033 τῆς
460 977 602 1032 σαρκός
625 980 778 1028 ἐλπίδος
800 980 927 1027 εἴδους
957 977 1009 1032 μὴ
1027 982 1157 1033 χρείαν
1181 980 1334 1031 ἔχοντος
1354 983 1616 1032 τελειωθῆναι.
1675 976 1785 1019 'And
1810 976 1893 1020 οἰνέ-

369 1062 503 1099 στησεν
529 1045 622 1088 αύτό
647 1047 781 1097 πάλιν,
820 1049 885 1088 ἵνα
911 1048 964 1095 εἰς
986 1045 1157 1100 κάματον
1182 1046 1320 1088 ἑαυτὸν
1340 1046 1409 1100 τήν
1431 1049 1584 1100 μείζονα
1609 1045 1788 1100 ἐμβάλοι,
1829 1049 1895 1088 ἵνα

371 1116 490 1169 μηδὲν
514 1113 695 1172 ὠφελήσῃ
713 1114 1025 1165 κατασκευάζων,
1056 1116 1120 1156 καὶ
1143 1116 1184 1156 ἐν
1204 1114 1370 1168 μνήματι
1392 1113 1694 1168 άποτιθέμενος,
1727 1116 1794 1156 καὶ
1815 1117 1897 1157 δια·

368 1183 470 1225 λύων
492 1185 557 1224 καὶ
581 1187 740 1239 μερίζων
761 1181 908 1240 ἑκάστῳ
933 1187 1010 1224 τῶν
1033 1185 1228 1235 στοιχείων
1251 1182 1345 1236 ὅπερ
1371 1181 1460 1236 παρ’
1485 1181 1606 1224 αὐτοῦ
1631 1185 1804 1236 εἴληφεν,
1844 1181 1897 1232 ὥς

370 1251 583 1308 εὐγνώμων
612 1252 883 1305 χρεοφειλέτης.
946 1253 1022 1291 Καὶ
1055 1253 1089 1291 εἴ
1117 1250 1214 1299 ὅλως
1240 1250 1386 1308 ἑκάστῳ
1411 1249 1618 1300 ἀπεδίδου,
1659 1252 1829 1293 τουτέστι
1853 1250 1895 1293 τδ

371 1319 526 1374 ψυχρὸν
548 1325 601 1378 τῷ
624 1323 785 1376 ψυχρῷ,
816 1320 879 1360 καὶ
906 1318 947 1360 τὸ
968 1318 1120 1374 θερμόν
1142 1324 1193 1376 τῷ
1213 1322 1369 1376 θερμῷ,
1401 1317 1570 1372 ἠδύνατο
1591 1324 1711 1361 ταῦτα
1730 1318 1782 1373 μὴ
1807 1317 1896 1375 6ρᾶ-

370 1397 464 1431 σθαι
491 1395 572 1437 τοῖς
596 1386 717 1429 αὐτοῦ
741 1393 957 1440 μαθηταῖς,
998 1385 1073 1428 ἄλλ’
1095 1386 1142 1428 οὗ
1169 1387 1244 1441 μὴν
1267 1386 1308 1428 td
1335 1389 1445 1440 σῶμα
1471 1385 1512 1428 τὸ
1539 1389 1667 1442 ξηρόν.
1732 1386 1898 1437 Πάντως

372 1457 444 1514 γάρ
467 1456 508 1498 τὸ
531 1455 649 1510 ξηρὸν
671 1455 780 1509 σῶμά
803 1457 901 1506 ἐστι,
932 1455 1027 1510 σάρξ
1050 1457 1114 1496 καὶ
1137 1454 1268 1506 ὀστέα,
1299 1457 1365 1496 καὶ
1385 1454 1426 1496 τό
1447 1453 1568 1510 ύγρόν
1588 1454 1742 1504 πάντως
1764 1457 1898 1509 ἰχῶρές

373 1528 457 1577 εἰσι,
491 1526 556 1567 καὶ
577 1523 672 1579 σάρξ
694 1526 747 1573 εἰς
768 1522 960 1579 ὑγρότητα
983 1525 1229 1577 διαλυομένη·
1262 1522 1374 1565 ἅτινα
1393 1522 1547 1572 πάντως
1567 1529 1648 1573 τοῖς
1668 1522 1898 1574 ἀποστόλοις

371 1592 622 1648 φανερώτατα
648 1591 930 1645 άποτιθέμενος
953 1591 1153 1645 ἐσήμανεν,
1186 1590 1238 1641 ὥς
1261 1594 1327 1634 καὶ
1351 1591 1393 1634 ‘cd
1418 1597 1592 1647 πρῶτον,
1623 1591 1685 1634 ὅτε
1707 1592 1897 1636 ἐθάπτετο

370 1662 412 1705 τὸ
437 1660 557 1704 αὐτοῦ
580 1666 710 1714 σῶμα,
749 1664 977 1714 κατηξιοῦτο
996 1659 1138 1714 Ἰωσήφ
1170 1659 1193 1702 ὁ
1216 1658 1293 1702 άπὸ
1314 1659 1570 1715 Ἁριμαθαίας
1593 1662 1779 1711 ἐντυλίξαι
1803 1659 1896 1703 αύτὸ

375 1733 413 1773 ἐν
441 1729 612 1780 σινδόνι,
642 1731 708 1770 καὶ
730 1727 955 1770 ἀποθέσθαι
979 1730 1019 1770 ἐν
1042 1728 1221 1782 μνήματι.
1268 1728 1375 1781 ’Ἁμα
1395 1729 1435 1770 δὲ
1457 1730 1522 1770 καὶ
1542 1731 1585 1770 αἱ
1601 1734 1780 1784 γυναῖκες
1798 1727 1898 1783 εἶχον

374 1802 468 1840 ἰδεῖν
492 1815 568 1840 που
593 1799 828 1850 κατελείφθη
858 1796 904 1837 τα
929 1800 1116 1848 λείψανα,
1155 1799 1221 1838 ἵνα
1247 1795 1345 1838 αὐτά
1369 1796 1559 1850 τιμήσωσι
1581 1796 1646 1838 δια
1673 1796 1807 1851 μύρων
1831 1798 1899 1839 καὶ

375 1866 612 1921 ἀρωμάτων,
644 1863 696 1914 ὥς
720 1864 762 1906 τὸ
784 1869 949 1919 πρῶτον.
1009 1863 1101 1905 Ἀλλ’
1125 1863 1304 1917 οὐδαμοῦ
1329 1864 1371 1906 τὸ
1396 1867 1544 1917 ψεῦδος
1565 1863 1675 1918 ’ὑμῶν
1694 1871 1809 1908 τοῦτο
1836 1869 1896 1907 δε-

375 1934 559 1988 δήλωται,
601 1952 630 1974 ω
657 1931 942 1986 Ἀπελληϊανοὶ,
983 1931 1059 1973 άπὸ
1093 1932 1179 1982 ένὸς
1206 1938 1281 1974 τῶν
1310 1931 1429 1988 ἁγίων
1457 1932 1700 1976 ἀποστόλων·
1747 1932 1795 1975 ού
1823 1933 1896 1990 γάρ

376 2005 484 2046 ἔστιν.
542 2000 651 2042 Ἀλλοὶ
674 2001 766 2050 τούς
787 2002 856 2054 μὲν
878 1999 1070 2056 άοράτους
1091 1999 1240 2056 ὁρατῶς
1265 1999 1367 2043 εἶδον
1390 2000 1462 2043 δύο
1485 2000 1648 2057 ἄνδρας,
1688 2003 1755 2043 καὶ
1778 2000 1898 2045 αύτόν

375 2075 428 2121 εἰς
447 2069 616 2126 οὐρανὸν
635 2067 902 2124 ἀνερχόμενον,
933 2070 999 2110 καὶ
1019 2067 1096 2110 ὑπὸ
1117 2071 1276 2122 νεφέλης
1295 2075 1487 2123 φωτεινῆς
1508 2068 1894 2124 ὖπολαμβανόμενον,

376 2143 559 2191 λείψανον
585 2139 625 2180 δὲ
649 2136 771 2178 αὐτοῦ
792 2135 968 2189 οὐδαμοῦ
989 2140 1342 2191 καταλελειμμένον·
1376 2137 1422 2179 οὕ
1446 2137 1518 2193 γάρ
1545 2140 1675 2193 ἐχρῆν,
1707 2137 1797 2181 οὐδὲ
1821 2141 1898 2181 ἐνε-

376 2209 511 2261 δέχετο.
574 2208 651 2248 Καὶ
680 2205 863 2258 ψεύδεται
892 2203 1093 2259 Ἀπελλῆς,
1124 2207 1189 2247 καὶ
1218 2209 1259 2247 οῖ
1286 2204 1349 2247 ἄπ’
1380 2205 1500 2248 αὐτοῦ
1530 2205 1803 2260 Ἀπελληϊανοί.

539 2479 593 2493 {Pl

495 2485 549 2521 Τα
570 2497 686 2533 ομοια
704 2480 745 2521 δὲ
763 2484 815 2537 τῷ
836 2480 976 2521 ἑαυτοῦ
993 2478 1174 2537 ἐπιστάτῃ
1197 2482 1408 2536 Μαρκίωνι
1425 2481 1515 2535 περί
1530 2495 1570 2521 τε
1589 2484 1658 2533 τῆς
1676 2478 1790 2533 ἄλλης
1808 2495 1897 2536 σαρ-

378 2547 447 2597 κὸς
476 2551 542 2590 καὶ
571 2552 649 2589 τῶν
677 2546 798 2589 ἄλλων
822 2546 967 2601 ὁμοίως
990 2545 1241 2602 ἠδογμάτισε,
1285 2547 1448 2600 φάσκων
1477 2546 1528 2602 μή
1559 2545 1656 2590 εἶναι
1687 2547 1897 2591 ἀνάστασιν

379 2621 544 2669 νεκρῶν,
584 2617 649 2658 καὶ
671 2615 717 2657 τά
739 2615 850 2667 ἅλλα,
891 2614 1036 2671 ὅσαπερ
1060 2617 1123 2657 ἐπὶ
1148 2621 1214 2669 τῆς
1239 2621 1308 2671 γῆς
1330 2618 1459 2666 ἔδοξεν
1483 2614 1627 2669 ὁμοίως
1648 2619 1894 2672 δογματίζειν.

379 2683 702 2739 Ἀνατραπήσεται
721 2684 762 2725 δὲ
781 2682 804 2726 ὅ
825 2681 944 2725 αὐτοῦ
961 2683 1142 2738 λογισμὸς
1161 2683 1278 2739 ληρός
1296 2701 1353 2733 τις
1375 2682 1442 2735 ὧν,
1463 2685 1530 2725 καὶ
1547 2683 1646 2725 κατοὶ
1665 2683 1792 2726 πάντα
1810 2684 1896 2738 τρό-

383 2770 458 2794 πον
479 2754 776 2806 πεπλανημένος.
840 2750 938 2794 Οὕτε
959 2750 1030 2807 γάρ
1053 2750 1195 2805 ἰσχύσει
1214 2750 1351 2801 σκότος
1371 2754 1470 2794 ἔνθα
1489 2751 1532 2794 τὸ
1554 2756 1640 2804 φῶς
1659 2756 1897 2807 παραφαίνε-

384 2839 466 2872 ται,
507 2820 594 2863 οὔτε
622 2821 665 2863 τὸ
692 2822 840 2873 ψεῦδος
863 2818 1098 2873 σταθήσεται
1123 2818 1243 2873 οὔσης
1271 2825 1338 2873 τῆς
1362 2818 1558 2873 ἆληθείας.
1617 2821 1673 2861 Εἰ
1698 2820 1770 2876 γάρ
1798 2820 1896 2871 ὅλως

385 2890 562 2945 κέχρησαι
592 2895 675 2938 ταῖς
700 2895 888 2944 γραφαῖς,
929 2883 960 2930 ὦ
984 2886 1141 2941 Ἀπελλῆ
1170 2889 1238 2929 καὶ
1268 2890 1307 2930 οἷ
1333 2886 1409 2930 <ind
1441 2892 1513 2930 σοῦ
1533 2886 1814 2942 Ἀπελληϊανοὶ,
1857 2891 1896 2940 ἐξ
