2034 3267
479 149 656 181 PANARII
678 150 758 182 1213.
777 150 803 182 1.
829 149 935 182 ToM.
954 149 1012 181 111.
1035 149 1163 180 HAER.
1181 149 1286 180 XLu.
1561 140 1640 180 607

124 228 217 268 toris
247 227 385 268 oratio.
446 227 512 269 Sic
539 229 639 268 enim
664 229 844 282 loquitur.
907 232 1101 268 Generatio
1124 230 1213 267 haec
1235 231 1382 279 Signum
1406 230 1572 280 quaerit,
1605 235 1644 266 et
1661 235 1777 296 ll-ngg.

121 299 267 347 szgnnm
295 311 366 335 non
397 297 546 335 dabitat*
569 300 614 335 ei.
679 294 829 349 Quibus
853 297 994 336 iudicat
1017 296 1290 350 generationes
1315 296 1399 336 illas
1423 309 1518 349 quae
1543 296 1639 335 hanc
1657 289 1842 348 Exssdjshffl,

123 370 414 404 antecesserant
443 378 464 404 a
495 364 566 404 deo
597 363 767 418 prodigia
798 364 959 404 coelitus
990 377 1077 404 esse
1111 369 1355 403 consecutas.
1418 361 1639 403 Cuiusmodi
1660 361 1841 433 ἓζῑὲῗιῖιῖῑιζ

122 431 344 486 praestitum
367 438 426 472 est
445 431 490 472 ab
511 430 611 482 Elia,
646 446 729 472 cum
747 431 846 485 ignis
866 445 886 471 e
905 431 1013 471 coelo
1033 431 1160 485 lapsus
1181 431 1368 472 sacrificia
1387 431 1636 486 consumpsit.
1659 451 1715 478 103,
1728 428 1769 485 so,
1786 427 1845 479 '12'

120 497 283 554 Moyses
305 513 398 539 vero
422 513 524 539 mare
543 499 691 549 dividit,
725 512 908 553 percusso
935 498 1043 539 silice
1065 513 1181 552 aquas
1203 499 1319 549 elicit,
1355 506 1467 553 atquc
1492 513 1512 539 e
1534 500 1642 539 coelo

123 581 260 607 manna
278 567 455 607 demittit.
498 565 607 607 lesus
626 565 742 607 Nave
764 566 860 606 fitius
880 566 1000 606 solem
1020 566 1122 606 sistit.
1141 580 1186 605 ac
1206 566 1347 606 lunam.
1393 565 1502 607 Unde
1523 581 1641 621 quau-

124 635 264 675 tumvis
296 649 391 689 quae
424 634 566 689 scripta
596 641 683 674 suut
713 633 900 688 impostor
927 633 1162 684 dissimulet,
1207 633 1299 673 nihil
1324 634 1477 675 veritati
1501 649 1641 676 nocere

122 704 285 757 poterit,
318 704 384 743 sed
416 703 463 743 ab
494 716 537 743 ea
568 715 610 742 se
640 701 761 756 magis
793 701 989 742 alienabit.

236 837 369 879 Schol.
394 836 553 879 XXVI.
599 836 677 877 Pro
698 850 743 877 co
765 837 864 891 quod
883 844 944 877 est
961 840 1178 877 Praeteritis
1201 840 1263 877 dei
1279 841 1466 886 indicium,
1501 839 1642 879 rescri-
1661 847 1782 881 Luc.11.,
1803 850 1843 876 ⁴2.

125 914 274 962 pserat,
306 909 522 946 Praeterilis
551 908 613 944 clei
637 908 872 944 vocationem.

235 974 368 1015 Refut.
391 972 551 1015 XXVI.
599 971 699 1025 Quid
734 980 793 1013 est
824 973 922 1027 quod
954 973 1000 1013 ad
1034 980 1070 1013 te
1104 974 1356 1014 refellendum
1386 989 1462 1014 non
1492 974 1644 1015 valeat?

125 1050 190 1084 aut
208 1043 306 1083 unde
328 1056 403 1083 non
423 1041 568 1082 arcessi
591 1048 726 1081 contra
747 1047 783 1081 te
806 1041 1064 1081 testimonium
1086 1043 1226 1095 queat?
1284 1040 1536 1091 Primaenim
1559 1057 1642 1082 cuni

124 1110 401 1165 posterioribus
427 1109 693 1159 consentiunt,
738 1116 778 1149 ut
800 1109 990 1149 scelerata
1013 1110 1076 1149 illa
1101 1117 1165 1150 tua
1191 1110 1443 1150 convincatur
1468 1110 1641 1150 audacia.

127 1176 224 1220 Cum
249 1178 350 1219 enim
372 1178 476 1228 dicit,
515 1181 657 1217 Tenetis
679 1180 896 1216 traditiones
917 1181 1116 1225 seniorum,
1151 1186 1189 1217 et
1201 1182 1416 1230 praeterite&
1437 1181 1645 1218 misericor—

124 1250 220 1286 diam
242 1254 277 1285 et
298 1249 470 1286 indiciam
488 1249 558 1293 dei,
595 1246 698 1285 disce
719 1245 832 1286 sodes
856 1260 907 1286 ex
929 1260 1002 1300 quo
1022 1252 1194 1300 tempore
1215 1246 1308 1286 haec
1327 1246 1413 1288 illos
1433 1246 1645 1287 observan-

125 1321 183 1355 tes
205 1321 363 1368 arguat,
397 1329 441 1354 ac
463 1314 702 1368 quandonam
725 1314 919 1354 seniorum
944 1314 1017 1354 ista
1043 1314 1193 1354 traditio
1217 1315 1402 1368 coeperit.
1464 1313 1645 1355 Invenies

125 1383 297 1437 profecto
321 1395 402 1422 eam
425 1396 522 1436 quae
542 1381 704 1423 Davidis
723 1381 946 1422 inscribitur
966 1388 1050 1436 post
1071 1382 1233 1422 reditum
1255 1396 1275 1421 e
1295 1381 1522 1437 Babylonia,
1551 1383 1645 1423 Aki-

123 1450 195 1491 bae
215 1463 309 1492 vero
332 1450 442 1504 paulo
467 1457 555 1490 ante
577 1448 853 1505 Babylonicam
875 1449 1134 1504 captivitatem
1156 1449 1303 1490 initium
1329 1450 1523 1492 habuisse.
1569 1452 1645 1491 As-

125 1532 420 1559 samonaeorum
444 1532 558 1573 porro
582 1518 824 1558 traditionem
847 1517 1064 1558 Alexandri
1087 1525 1126 1558 et
1148 1517 1331 1558 Antiochi
1355 1519 1530 1573 coepisse
1552 1526 1645 1560 tem-

126 1586 303 1642 poribus,
338 1586 448 1626 annis
469 1593 557 1626 ante
581 1583 777 1626 Christum
804 1583 932 1626 CXC.
992 1584 1125 1640 Itaque
1147 1586 1218 1626 iam
1241 1593 1319 1626 tum
1341 1601 1409 1640 per
1430 1587 1555 1641 legem
1578 1601 1645 1627 vo-

127 1654 243 1705 catio,
276 1668 320 1694 ac
340 1667 407 1708 per
426 1654 630 1709 prophetas
650 1661 733 1694 erat
754 1653 880 1694 oblata
903 1653 1182 1705 misericordia,
1217 1661 1256 1694 ut
1277 1654 1515 1695 circulatoris
1536 1655 1646 1695 istius

125 1722 224 1763 ratio
256 1721 423 1762 funditus
454 1729 665 1763 evertatur.

240 1788 372 1830 Schol.
399 1788 579 1830 XXVII.
637 1793 709 1829 Vae
743 1791 862 1837 vobis,
911 1793 1081 1842 quoniam
1117 1792 1322 1841 aedificatis
1353 1792 1525 1842 sepulcra
1558 1799 1646 1843 pro-
1664 1801 1737 1829 lbid.
1755 1804 1797 1831 n.

121 1860 316 1911 pketarum
331 1889 340 1905 ,
375 1865 412 1896 et
434 1866 563 1910 patres
595 1861 710 1897 vestri
735 1861 950 1897 oeciderunt
976 1861 1073 1897 illos.

237 1925 369 1966 Refut.
392 1923 573 1967 XXVII.
618 1924 933 1980 Quandoquidem
959 1926 1163 1981 prophetas
1185 1940 1300 1967 curae
1325 1926 1398 1967 sibi
1417 1940 1504 1967 esse
1529 1927 1649 1981 signi-

127 1995 237 2044 ficat,
273 2001 311 2034 ut
334 2007 465 2033 eorum
492 2007 624 2034 necem
647 1994 958 2034 interfectoribus
981 1995 1212 2049 exprobret,
1245 2002 1404 2049 apparet
1422 1995 1576 2035 minime
1601 1995 1647 2036 ab

128 2076 174 2103 eo
196 2062 344 2102 alienos
368 2061 567 2111 extitisse,
601 2061 667 2101 sed
691 2075 850 2113 servos,
884 2063 944 2116 qui
969 2070 1007 2103 et
1028 2063 1246 2102 advenienti
1269 2063 1322 2102 illi
1342 2063 1443 2102 viam
1467 2064 1647 2116 quodam-

127 2131 239 2171 modo
265 2129 485 2178 munierint,
511 2136 549 2169 ct
568 2143 668 2170 novo
690 2136 920 2170 testamento
943 2130 1160 2170 testimonio
1182 2145 1251 2171 suo
1271 2130 1470 2184 suffragati
1491 2131 1643 2170 fuerint.

129 2196 241 2250 Quod
265 2196 426 2252 Moyses
451 2197 508 2236 his
532 2197 732 2252 praecipue
757 2198 884 2238 verbis
911 2198 1124 2253 praestitit:
1171 2201 1387 2250 Prophetam
1409 2199 1509 2236 vobis
1528 2202 1646 2237 susci·
1659 2212 1743 2239 nem.
1758 2214 1847 2247 leus.

129 2268 223 2305 tabit
242 2269 408 2305 dominas
429 2268 516 2304 deas
542 2280 561 2303 e
575 2267 768 2318 fratribus
792 2270 922 2305 vestris
945 2270 1043 2306 sz'eat
1066 2282 1132 2305 me.
1198 2265 1276 2306 Sed
1302 2272 1339 2306 et
1365 2272 1453 2305 ante
1478 2264 1644 2321 Moysen

128 2332 261 2384 Iacob,
291 2334 375 2374 dum
398 2332 451 2373 ita
472 2332 659 2386 loquitur:
688 2337 723 2372 E
741 2337 921 2385 germine,
938 2337 1011 2386 fili
1025 2338 1078 2373 mi
1098 2337 1205 2381 Inda,
1233 2336 1444 2373 ascendisti.
1493 2337 1646 2386 Reqaie—
1665 2348 1739 2376 Gen.
1753 2350 1794 2383 w,
1808 2350 1832 2377 9.

127 2417 232 2442 scens
257 2403 476 2441 accubuisti.
539 2404 623 2440 Non
648 2404 793 2454 deficiet
808 2405 981 2455 princeps
1003 2419 1050 2442 ειν,
1071 2405 1164 2442 Inda
1187 2409 1255 2440 ete.
1319 2402 1380 2440 Ac
1401 2402 1509 2455 paulo
1535 2409 1643 2456 post:

128 2474 253 2510 Donec
274 2473 395 2509 veniat
417 2473 480 2509 eui
498 2473 659 2522 reposita
679 2478 785 2517 sunt,
819 2478 855 2509 et
874 2473 950 2522 ipse
971 2473 1176 2522 eoepeelatio
1193 2472 1358 2521 gentium
1370 2500 1380 2516 ,
1415 2477 1451 2507 et
1469 2472 1506 2508 in
1529 2472 1646 2521 zpsum

127 2547 256 2590 gentes
279 2539 491 2590 sperabant.
558 2536 677 2578 Isaias
702 2551 816 2588 vero,
849 2541 966 2585 Ecce,
1001 2538 1143 2592 iuquit,
1179 2540 1292 2588 Virgo
1315 2539 1515 2588 concipiet,
1552 2536 1644 2577 Hie·
1664 2551 1744 2581 Esai.
1761 2553 1787 2587 7,
1808 2554 1847 2580 14.

129 2607 270 2647 remias
291 2606 406 2656 item,
438 2608 490 2645 Et
507 2608 610 2644 homo
632 2613 699 2651 est,
733 2609 866 2658 etquis
884 2614 1080 2658 cognoscet
1095 2609 1228 2644 illam?
1283 2603 1500 2654 Michaeas,
1533 2607 1584 2643 Et
1606 2613 1645 2644 ίιι
1656 2619 1758 2660 Ιεῃεω.
1772 2621 1811 2654 17,
1823 2622 1845 2647 9.

130 2677 312 2713 Bethleem
333 2682 421 2721 eta,
457 2680 496 2714 et
516 2673 627 2728 paulo
652 2679 750 2726 post,
782 2676 845 2712 Ea:
866 2682 900 2713 te
919 2677 1012 2713 milti
1027 2677 1238 2726 egredietur
1258 2675 1336 2711 dax
1355 2680 1423 2711 ete.
1487 2670 1541 2711 At
1560 2670 1646 2712 Ma-
1666 2654 1828 2689 Mncn.5,1.

131 2741 297 2792 lachias,
341 2745 475 2781 Statim
500 2745 537 2780 in
564 2743 731 2792 templum
757 2744 874 2780 veniet
896 2744 1075 2781 dominus.
1136 2739 1237 2781 Nam
1263 2740 1361 2793 quod
1386 2739 1433 2779 ad
1457 2737 1642 2780 Davidem
1663 2755 1812 2783 Maleach.

132 2817 301 2864 spectat,
346 2809 440 2850 haec
469 2809 570 2850 illius
605 2815 663 2849 est
694 2808 924 2863 praedictio:
967 2813 1077 2849 De'oez't
1103 2811 1268 2848 dominus
1295 2810 1438 2846 domino
1469 2822 1545 2846 meo
1570 2815 1638 2846 ete.
1661 2791 1772 2851 Pszluil

1662 2859 1721 2894 110,
1742 2859 1764 2885 1.

175 2954 229 2989 82.
252 2951 360 3001 ἄρχων
383 2958 528 2989 Petavius
547 2958 684 2997 primum
707 2956 829 2988 addidit
851 2958 888 2989 de
910 2958 977 2990 cod.
1001 2958 1155 2990 Vaticano.
