<?xml version="1.0" encoding="UTF-8"?>
<!DOCTYPE html PUBLIC "-//W3C//DTD XHTML 1.0 Transitional//EN"
    "http://www.w3.org/TR/xhtml1/DTD/xhtml1-transitional.dtd">
<html xmlns="http://www.w3.org/1999/xhtml" xml:lang="en" lang="en">
 <head>
  <title>
</title>
<meta http-equiv="Content-Type" content="text/html;charset=utf-8" />
  <meta name='ocr-system' content='tesseract 3.04.00' />
  <meta name='ocr-capabilities' content='ocr_page ocr_carea ocr_par ocr_line ocrx_word'/>
</head>
<body>
  <div class='ocr_page' id='page_1' title='image "./p1corporishaereseo02epipuoft/p1corporishaereseo02epipuoft_0141.png"; bbox 0 0 2034 3267; ppageno 0'>
   <div class='ocr_carea' id='block_1_1' title="bbox 429 200 1632 238">
    <p class='ocr_par' dir='ltr' id='par_1_1' title="bbox 429 200 1632 238">
     <span class='ocr_line' id='line_1_1' title="bbox 429 200 1632 238; baseline 0.005 -6"><span class='ocrx_word' id='word_1_1' title='bbox 429 200 605 232; x_wconf 74' lang='lat' dir='ltr'>PANARn</span> <span class='ocrx_word' id='word_1_2' title='bbox 629 202 728 234; x_wconf 79' lang='lat' dir='ltr'><strong>ADv.</strong></span> <span class='ocrx_word' id='word_1_3' title='bbox 754 202 976 235; x_wconf 76' lang='lat' dir='ltr'>HAEREsEs</span> <span class='ocrx_word' id='word_1_4' title='bbox 1000 204 1080 236; x_wconf 75' lang='lat' dir='ltr'>me.</span> <span class='ocrx_word' id='word_1_5' title='bbox 1103 205 1127 236; x_wconf 91' lang='lat'>1.</span> <span class='ocrx_word' id='word_1_6' title='bbox 1152 205 1256 237; x_wconf 85' lang='lat' dir='ltr'>ToM.</span> <span class='ocrx_word' id='word_1_7' title='bbox 1276 206 1316 237; x_wconf 88' lang='lat'>11.</span> <span class='ocrx_word' id='word_1_8' title='bbox 1556 200 1632 238; x_wconf 78' lang='lat'>129</span> 
     </span>
    </p>
   </div>
   <div class='ocr_carea' id='block_1_2' title="bbox 83 277 1792 2814">
    <p class='ocr_par' dir='ltr' id='par_1_2' title="bbox 95 277 1629 1534">
     <span class='ocr_line' id='line_1_2' title="bbox 104 277 1629 334; baseline 0.002 -13"><span class='ocrx_word' id='word_1_9' title='bbox 104 280 207 321; x_wconf 84' lang='lat' dir='ltr'>mina</span> <span class='ocrx_word' id='word_1_10' title='bbox 251 278 434 332; x_wconf 83' lang='lat' dir='ltr'>quaedam</span> <span class='ocrx_word' id='word_1_11' title='bbox 462 277 746 333; x_wconf 82' lang='lat' dir='ltr'>principatuum</span> <span class='ocrx_word' id='word_1_12' title='bbox 779 296 823 321; x_wconf 90' lang='lat' dir='ltr'>ac</span> <span class='ocrx_word' id='word_1_13' title='bbox 846 280 1084 322; x_wconf 89' lang='lat' dir='ltr'>Potestatum</span> <span class='ocrx_word' id='word_1_14' title='bbox 1116 291 1353 324; x_wconf 89' lang='lat' dir='ltr'>commentus</span> <span class='ocrx_word' id='word_1_15' title='bbox 1378 291 1458 334; x_wconf 90' lang='lat' dir='ltr'>est,</span> <span class='ocrx_word' id='word_1_16' title='bbox 1504 286 1629 325; x_wconf 85' lang='lat' dir='ltr'>coele-</span> 
     </span>
     <span class='ocr_line' id='line_1_3' title="bbox 110 345 1629 404; baseline 0.003 -17"><span class='ocrx_word' id='word_1_17' title='bbox 110 354 265 400; x_wconf 87' lang='lat' dir='ltr'>stesque</span> <span class='ocrx_word' id='word_1_18' title='bbox 301 345 437 399; x_wconf 82' lang='lat' dir='ltr'><strong>globos</strong></span> <span class='ocrx_word' id='word_1_19' title='bbox 463 347 615 397; x_wconf 82' lang='lat' dir='ltr'>varios,</span> <span class='ocrx_word' id='word_1_20' title='bbox 649 355 760 400; x_wconf 90' lang='lat' dir='ltr'>atque</span> <span class='ocrx_word' id='word_1_21' title='bbox 787 348 823 388; x_wconf 92' lang='lat' dir='ltr'>in</span> <span class='ocrx_word' id='word_1_22' title='bbox 849 349 1087 389; x_wconf 85' lang='lat' dir='ltr'>firmamento</span> <span class='ocrx_word' id='word_1_23' title='bbox 1110 351 1293 403; x_wconf 89' lang='lat' dir='ltr'>coeloque</span> <span class='ocrx_word' id='word_1_24' title='bbox 1323 350 1491 404; x_wconf 89' lang='lat' dir='ltr'>quolibet</span> <span class='ocrx_word' id='word_1_25' title='bbox 1511 350 1629 392; x_wconf 88' lang='lat' dir='ltr'>Intel—</span> 
     </span>
     <span class='ocr_line' id='line_1_4' title="bbox 106 413 1626 471; baseline 0.003 -17"><span class='ocrx_word' id='word_1_26' title='bbox 106 413 288 467; x_wconf 87' lang='lat' dir='ltr'>ligentias</span> <span class='ocrx_word' id='word_1_27' title='bbox 314 420 440 453; x_wconf 90' lang='lat' dir='ltr'>certas</span> <span class='ocrx_word' id='word_1_28' title='bbox 463 414 638 463; x_wconf 87' lang='lat' dir='ltr'>collocat,</span> <span class='ocrx_word' id='word_1_29' title='bbox 672 414 806 467; x_wconf 89' lang='lat' dir='ltr'>quibus</span> <span class='ocrx_word' id='word_1_30' title='bbox 828 415 1014 455; x_wconf 86' lang='lat' dir='ltr'>barbaras</span> <span class='ocrx_word' id='word_1_31' title='bbox 1036 416 1310 470; x_wconf 72' lang='lat' dir='ltr'>appellationes</span> <span class='ocrx_word' id='word_1_32' title='bbox 1336 417 1492 471; x_wconf 85' lang='lat' dir='ltr'>affingit.</span> <span class='ocrx_word' id='word_1_33' title='bbox 1543 417 1626 458; x_wconf 84' lang='lat' dir='ltr'>Ne-</span> 
     </span>
     <span class='ocr_line' id='line_1_5' title="bbox 110 480 1625 538; baseline 0.003 -19"><span class='ocrx_word' id='word_1_34' title='bbox 110 487 175 534; x_wconf 85' lang='lat' dir='ltr'>gat</span> <span class='ocrx_word' id='word_1_35' title='bbox 201 480 359 534; x_wconf 90' lang='lat' dir='ltr'>insuper</span> <span class='ocrx_word' id='word_1_36' title='bbox 380 480 541 520; x_wconf 90' lang='lat' dir='ltr'>salutem</span> <span class='ocrx_word' id='word_1_37' title='bbox 573 480 754 533; x_wconf 82' lang='lat' dir='ltr'>consequi</span> <span class='ocrx_word' id='word_1_38' title='bbox 781 481 892 520; x_wconf 91' lang='lat' dir='ltr'>ullum</span> <span class='ocrx_word' id='word_1_39' title='bbox 924 481 1114 522; x_wconf 89' lang='lat' dir='ltr'>bominum</span> <span class='ocrx_word' id='word_1_40' title='bbox 1143 484 1254 524; x_wconf 86' lang='lat' dir='ltr'>aliter</span> <span class='ocrx_word' id='word_1_41' title='bbox 1281 498 1416 537; x_wconf 89' lang='lat' dir='ltr'>posse,</span> <span class='ocrx_word' id='word_1_42' title='bbox 1450 499 1560 538; x_wconf 88' lang='lat' dir='ltr'>quam</span> <span class='ocrx_word' id='word_1_43' title='bbox 1593 486 1625 526; x_wconf 91' lang='lat' dir='ltr'>si</span> 
     </span>
     <span class='ocr_line' id='line_1_6' title="bbox 109 545 1625 607; baseline 0.005 -21"><span class='ocrx_word' id='word_1_44' title='bbox 109 547 296 587; x_wconf 86' lang='lat' dir='ltr'>eiusmodi</span> <span class='ocrx_word' id='word_1_45' title='bbox 318 547 503 601; x_wconf 73' lang='lat' dir='ltr'>mysteria</span> <span class='ocrx_word' id='word_1_46' title='bbox 522 546 710 595; x_wconf 82' lang='lat' dir='ltr'>didicerit,</span> <span class='ocrx_word' id='word_1_47' title='bbox 736 553 774 585; x_wconf 90' lang='lat' dir='ltr'>et</span> <span class='ocrx_word' id='word_1_48' title='bbox 797 545 1074 588; x_wconf 78' lang='lat' dir='ltr'>Universitatis</span> <span class='ocrx_word' id='word_1_49' title='bbox 1095 547 1253 590; x_wconf 89' lang='lat' dir='ltr'>Parenti</span> <span class='ocrx_word' id='word_1_50' title='bbox 1279 565 1321 591; x_wconf 90' lang='lat' dir='ltr'>ea</span> <span class='ocrx_word' id='word_1_51' title='bbox 1348 552 1536 592; x_wconf 78' lang='lat' dir='ltr'>sacrificia</span> <span class='ocrx_word' id='word_1_52' title='bbox 1556 567 1625 607; x_wconf 85' lang='lat' dir='ltr'>per</span> 
     </span>
     <span class='ocr_line' id='line_1_7' title="bbox 106 612 1622 668; baseline 0.005 -14"><span class='ocrx_word' id='word_1_53' title='bbox 106 614 193 654; x_wconf 91' lang='lat' dir='ltr'>illos</span> <span class='ocrx_word' id='word_1_54' title='bbox 219 628 314 668; x_wconf 91' lang='lat' dir='ltr'>quos</span> <span class='ocrx_word' id='word_1_55' title='bbox 339 614 505 654; x_wconf 79' lang='lat' dir='ltr'><strong>diximus</strong></span> <span class='ocrx_word' id='word_1_56' title='bbox 528 612 770 666; x_wconf 78' lang='lat' dir='ltr'>principatus</span> <span class='ocrx_word' id='word_1_57' title='bbox 795 627 838 652; x_wconf 88' lang='lat' dir='ltr'>ac</span> <span class='ocrx_word' id='word_1_58' title='bbox 861 612 1080 654; x_wconf 77' lang='lat' dir='ltr'>potestates</span> <span class='ocrx_word' id='word_1_59' title='bbox 1105 616 1297 658; x_wconf 87' lang='lat' dir='ltr'>obtulerit.</span> <span class='ocrx_word' id='word_1_60' title='bbox 1337 618 1523 660; x_wconf 89' lang='lat' dir='ltr'>Nostrum</span> <span class='ocrx_word' id='word_1_61' title='bbox 1552 620 1622 660; x_wconf 90' lang='lat' dir='ltr'>boc</span> 
     </span>
     <span class='ocr_line' id='line_1_8' title="bbox 106 677 1620 736; baseline 0.004 -15"><span class='ocrx_word' id='word_1_62' title='bbox 106 695 222 736; x_wconf 85' lang='lat' dir='ltr'>porro</span> <span class='ocrx_word' id='word_1_63' title='bbox 249 682 418 721; x_wconf 84' lang='lat' dir='ltr'>seculum</span> <span class='ocrx_word' id='word_1_64' title='bbox 448 681 494 721; x_wconf 90' lang='lat' dir='ltr'>ab</span> <span class='ocrx_word' id='word_1_65' title='bbox 529 679 719 732; x_wconf 73' lang='lat' dir='ltr'>nequitiae</span> <span class='ocrx_word' id='word_1_66' title='bbox 741 677 1026 734; x_wconf 90' lang='lat' dir='ltr'>Principatibus</span> <span class='ocrx_word' id='word_1_67' title='bbox 1057 688 1095 720; x_wconf 88' lang='lat' dir='ltr'>et</span> <span class='ocrx_word' id='word_1_68' title='bbox 1117 680 1379 724; x_wconf 78' lang='lat' dir='ltr'>potestatibus</span> <span class='ocrx_word' id='word_1_69' title='bbox 1408 701 1490 726; x_wconf 88' lang='lat' dir='ltr'>cum</span> <span class='ocrx_word' id='word_1_70' title='bbox 1516 688 1620 727; x_wconf 88' lang='lat' dir='ltr'>defe-</span> 
     </span>
     <span class='ocr_line' id='line_1_9' title="bbox 105 746 1618 805; baseline 0.003 -17"><span class='ocrx_word' id='word_1_71' title='bbox 105 756 168 788; x_wconf 87' lang='lat' dir='ltr'>ctu</span> <span class='ocrx_word' id='word_1_72' title='bbox 192 750 399 788; x_wconf 87' lang='lat' dir='ltr'>conditum.</span> <span class='ocrx_word' id='word_1_73' title='bbox 461 746 538 788; x_wconf 85' lang='lat' dir='ltr'>Sed</span> <span class='ocrx_word' id='word_1_74' title='bbox 562 753 600 786; x_wconf 89' lang='lat' dir='ltr'>et</span> <span class='ocrx_word' id='word_1_75' title='bbox 623 746 748 785; x_wconf 77' lang='lat' dir='ltr'>carnis</span> <span class='ocrx_word' id='word_1_76' title='bbox 772 746 961 787; x_wconf 79' lang='lat' dir='ltr'><strong>duntaxat</strong></span> <span class='ocrx_word' id='word_1_77' title='bbox 984 747 1094 787; x_wconf 91' lang='lat' dir='ltr'>unius</span> <span class='ocrx_word' id='word_1_78' title='bbox 1120 751 1403 803; x_wconf 80' lang='lat' dir='ltr'>corruptionem</span> <span class='ocrx_word' id='word_1_79' title='bbox 1426 760 1538 805; x_wconf 82' lang='lat' dir='ltr'>atque</span> <span class='ocrx_word' id='word_1_80' title='bbox 1562 754 1618 793; x_wconf 89' lang='lat' dir='ltr'>in-</span> 
     </span>
     <span class='ocr_line' id='line_1_10' title="bbox 103 812 1618 867; baseline 0.003 -12"><span class='ocrx_word' id='word_1_81' title='bbox 103 816 282 865; x_wconf 88' lang='lat' dir='ltr'>teritum,</span> <span class='ocrx_word' id='word_1_82' title='bbox 316 815 525 855; x_wconf 88' lang='lat' dir='ltr'>animarum</span> <span class='ocrx_word' id='word_1_83' title='bbox 548 826 642 852; x_wconf 85' lang='lat' dir='ltr'>vero</span> <span class='ocrx_word' id='word_1_84' title='bbox 666 812 926 866; x_wconf 79' lang='lat' dir='ltr'>expiationem</span> <span class='ocrx_word' id='word_1_85' title='bbox 953 814 1113 865; x_wconf 76' lang='lat' dir='ltr'>astruit,</span> <span class='ocrx_word' id='word_1_86' title='bbox 1144 815 1198 855; x_wconf 84' lang='lat' dir='ltr'>ita</span> <span class='ocrx_word' id='word_1_87' title='bbox 1221 825 1371 867; x_wconf 90' lang='lat' dir='ltr'>tamen,</span> <span class='ocrx_word' id='word_1_88' title='bbox 1405 819 1435 857; x_wconf 91' lang='lat' dir='ltr'>si</span> <span class='ocrx_word' id='word_1_89' title='bbox 1465 822 1618 861; x_wconf 84' lang='lat' dir='ltr'>menda-</span> 
     </span>
     <span class='ocr_line' id='line_1_11' title="bbox 104 880 1617 936; baseline 0.002 -14"><span class='ocrx_word' id='word_1_90' title='bbox 104 880 532 934; x_wconf 83' lang='lat' dir='ltr'>cissimaecognitionis</span> <span class='ocrx_word' id='word_1_91' title='bbox 558 893 651 919; x_wconf 87' lang='lat' dir='ltr'>suae</span> <span class='ocrx_word' id='word_1_92' title='bbox 677 880 871 933; x_wconf 80' lang='lat' dir='ltr'>mysteriis</span> <span class='ocrx_word' id='word_1_93' title='bbox 894 880 1063 920; x_wconf 81' lang='lat' dir='ltr'>initiatae</span> <span class='ocrx_word' id='word_1_94' title='bbox 1086 882 1242 922; x_wconf 87' lang='lat' dir='ltr'>fuerint.</span> <span class='ocrx_word' id='word_1_95' title='bbox 1294 883 1422 936; x_wconf 84' lang='lat' dir='ltr'>Atque</span> <span class='ocrx_word' id='word_1_96' title='bbox 1446 885 1531 925; x_wconf 85' lang='lat' dir='ltr'>hinc</span> <span class='ocrx_word' id='word_1_97' title='bbox 1553 902 1617 926; x_wconf 77' lang='lat' dir='ltr'>eo-</span> 
     </span>
     <span class='ocr_line' id='line_1_12' title="bbox 101 946 1614 1005; baseline 0.003 -17"><span class='ocrx_word' id='word_1_98' title='bbox 101 964 182 989; x_wconf 86' lang='lat' dir='ltr'>rum</span> <span class='ocrx_word' id='word_1_99' title='bbox 219 963 312 1002; x_wconf 86' lang='lat' dir='ltr'>qnos</span> <span class='ocrx_word' id='word_1_100' title='bbox 350 946 558 987; x_wconf 88' lang='lat' dir='ltr'>Gnosticos</span> <span class='ocrx_word' id='word_1_101' title='bbox 591 946 822 1000; x_wconf 79' lang='lat' dir='ltr'>appellamus</span> <span class='ocrx_word' id='word_1_102' title='bbox 857 947 965 1000; x_wconf 84' lang='lat' dir='ltr'>origo</span> <span class='ocrx_word' id='word_1_103' title='bbox 997 949 1192 1001; x_wconf 85' lang='lat' dir='ltr'>profluxit.</span> <span class='ocrx_word' id='word_1_104' title='bbox 1255 948 1462 991; x_wconf 72' lang='lat' dir='ltr'>Praeterea</span> <span class='ocrx_word' id='word_1_105' title='bbox 1494 954 1614 1005; x_wconf 70' lang='lat' dir='ltr'>legem</span> 
     </span>
     <span class='ocr_line' id='line_1_13' title="bbox 104 1013 1616 1070; baseline 0.003 -14"><span class='ocrx_word' id='word_1_106' title='bbox 104 1031 180 1057; x_wconf 90' lang='lat' dir='ltr'>non</span> <span class='ocrx_word' id='word_1_107' title='bbox 207 1031 227 1056; x_wconf 92' lang='lat' dir='ltr'>a</span> <span class='ocrx_word' id='word_1_108' title='bbox 249 1018 334 1065; x_wconf 91' lang='lat' dir='ltr'>deo,</span> <span class='ocrx_word' id='word_1_109' title='bbox 368 1014 434 1053; x_wconf 90' lang='lat' dir='ltr'>sed</span> <span class='ocrx_word' id='word_1_110' title='bbox 460 1027 480 1053; x_wconf 86' lang='lat' dir='ltr'>a</span> <span class='ocrx_word' id='word_1_111' title='bbox 503 1013 658 1053; x_wconf 89' lang='lat' dir='ltr'>sinistra</span> <span class='ocrx_word' id='word_1_112' title='bbox 679 1014 837 1066; x_wconf 89' lang='lat' dir='ltr'>quadam</span> <span class='ocrx_word' id='word_1_113' title='bbox 862 1014 1111 1068; x_wconf 82' lang='lat' dir='ltr'>intelligentia</span> <span class='ocrx_word' id='word_1_114' title='bbox 1138 1018 1348 1070; x_wconf 83' lang='lat' dir='ltr'>profectam</span> <span class='ocrx_word' id='word_1_115' title='bbox 1370 1020 1528 1069; x_wconf 74' lang='lat' dir='ltr'>asserit,</span> <span class='ocrx_word' id='word_1_116' title='bbox 1564 1022 1616 1060; x_wconf 86' lang='lat' dir='ltr'>uti</span> 
     </span>
     <span class='ocr_line' id='line_1_14' title="bbox 103 1080 1616 1138; baseline 0.004 -17"><span class='ocrx_word' id='word_1_117' title='bbox 103 1098 227 1138; x_wconf 81' lang='lat' dir='ltr'>neque</span> <span class='ocrx_word' id='word_1_118' title='bbox 258 1081 459 1137; x_wconf 86' lang='lat' dir='ltr'>prophetas</span> <span class='ocrx_word' id='word_1_119' title='bbox 491 1094 512 1119; x_wconf 89' lang='lat' dir='ltr'>a</span> <span class='ocrx_word' id='word_1_120' title='bbox 542 1080 643 1120; x_wconf 91' lang='lat' dir='ltr'>bono</span> <span class='ocrx_word' id='word_1_121' title='bbox 676 1081 772 1130; x_wconf 87' lang='lat' dir='ltr'>de0,</span> <span class='ocrx_word' id='word_1_122' title='bbox 816 1082 882 1120; x_wconf 90' lang='lat' dir='ltr'>sed</span> <span class='ocrx_word' id='word_1_123' title='bbox 917 1081 962 1121; x_wconf 85' lang='lat' dir='ltr'>ab</span> <span class='ocrx_word' id='word_1_124' title='bbox 986 1082 1061 1122; x_wconf 84' lang='lat' dir='ltr'>alia</span> <span class='ocrx_word' id='word_1_125' title='bbox 1083 1090 1194 1136; x_wconf 83' lang='lat' dir='ltr'>atque</span> <span class='ocrx_word' id='word_1_126' title='bbox 1223 1084 1295 1124; x_wconf 85' lang='lat' dir='ltr'>alia</span> <span class='ocrx_word' id='word_1_127' title='bbox 1317 1093 1452 1125; x_wconf 86' lang='lat' dir='ltr'>censet</span> <span class='ocrx_word' id='word_1_128' title='bbox 1474 1085 1616 1128; x_wconf 87' lang='lat' dir='ltr'>lntelli-</span> 
     </span>
     <span class='ocr_line' id='line_1_15' title="bbox 101 1147 1615 1205; baseline 0.001 -14"><span class='ocrx_word' id='word_1_129' title='bbox 101 1152 230 1205; x_wconf 83' lang='lat' dir='ltr'>gentia</span> <span class='ocrx_word' id='word_1_130' title='bbox 261 1154 499 1202; x_wconf 85' lang='lat' dir='ltr'>comparatos</span> <span class='ocrx_word' id='word_1_131' title='bbox 536 1147 670 1188; x_wconf 83' lang='lat' dir='ltr'>fuisse.</span> <span class='ocrx_word' id='word_1_132' title='bbox 731 1148 919 1202; x_wconf 85' lang='lat' dir='ltr'>Adeoque</span> <span class='ocrx_word' id='word_1_133' title='bbox 954 1163 1022 1203; x_wconf 88' lang='lat' dir='ltr'>pro</span> <span class='ocrx_word' id='word_1_134' title='bbox 1046 1150 1205 1190; x_wconf 87' lang='lat' dir='ltr'>arbitrio</span> <span class='ocrx_word' id='word_1_135' title='bbox 1236 1152 1365 1192; x_wconf 84' lang='lat' dir='ltr'>definit</span> <span class='ocrx_word' id='word_1_136' title='bbox 1391 1154 1541 1203; x_wconf 88' lang='lat' dir='ltr'>omnia,</span> <span class='ocrx_word' id='word_1_137' title='bbox 1576 1164 1615 1193; x_wconf 81' lang='lat' dir='ltr'>nt</span> 
     </span>
     <span class='ocr_line' id='line_1_16' title="bbox 102 1213 1614 1272; baseline 0.002 -14"><span class='ocrx_word' id='word_1_138' title='bbox 102 1219 223 1272; x_wconf 86' lang='lat' dir='ltr'>legem</span> <span class='ocrx_word' id='word_1_139' title='bbox 251 1216 361 1255; x_wconf 89' lang='lat' dir='ltr'>unius</span> <span class='ocrx_word' id='word_1_140' title='bbox 389 1228 476 1255; x_wconf 93' lang='lat' dir='ltr'>esse</span> <span class='ocrx_word' id='word_1_141' title='bbox 499 1214 624 1266; x_wconf 88' lang='lat' dir='ltr'>dicat,</span> <span class='ocrx_word' id='word_1_142' title='bbox 667 1213 855 1255; x_wconf 86' lang='lat' dir='ltr'>Davidem</span> <span class='ocrx_word' id='word_1_143' title='bbox 879 1216 1061 1267; x_wconf 86' lang='lat' dir='ltr'>alterius,</span> <span class='ocrx_word' id='word_1_144' title='bbox 1102 1216 1259 1258; x_wconf 84' lang='lat' dir='ltr'>Esaiam</span> <span class='ocrx_word' id='word_1_145' title='bbox 1289 1220 1332 1259; x_wconf 87' lang='lat' dir='ltr'>ad</span> <span class='ocrx_word' id='word_1_146' title='bbox 1360 1220 1479 1271; x_wconf 89' lang='lat' dir='ltr'>hanc,</span> <span class='ocrx_word' id='word_1_147' title='bbox 1514 1220 1614 1261; x_wconf 66' lang='lat' dir='ltr'>lize-</span> 
     </span>
     <span class='ocr_line' id='line_1_17' title="bbox 99 1282 1611 1343; baseline 0.003 -19"><span class='ocrx_word' id='word_1_148' title='bbox 99 1284 255 1324; x_wconf 88' lang='lat' dir='ltr'>cbielem</span> <span class='ocrx_word' id='word_1_149' title='bbox 281 1283 326 1322; x_wconf 87' lang='lat' dir='ltr'>ad</span> <span class='ocrx_word' id='word_1_150' title='bbox 354 1282 455 1322; x_wconf 84' lang='lat' dir='ltr'>illam</span> <span class='ocrx_word' id='word_1_151' title='bbox 478 1282 672 1336; x_wconf 91' lang='lat' dir='ltr'>pertinere</span> <span class='ocrx_word' id='word_1_152' title='bbox 694 1282 801 1333; x_wconf 85' lang='lat' dir='ltr'>velit,</span> <span class='ocrx_word' id='word_1_153' title='bbox 835 1283 1080 1337; x_wconf 80' lang='lat' dir='ltr'>singulosque</span> <span class='ocrx_word' id='word_1_154' title='bbox 1103 1285 1307 1339; x_wconf 85' lang='lat' dir='ltr'>prophetas</span> <span class='ocrx_word' id='word_1_155' title='bbox 1329 1286 1611 1343; x_wconf 76' lang='lat' dir='ltr'>principatibus</span> 
     </span>
     <span class='ocr_line' id='line_1_18' title="bbox 99 1347 1610 1409; baseline 0.003 -17"><span class='ocrx_word' id='word_1_156' title='bbox 99 1351 178 1392; x_wconf 89' lang='lat' dir='ltr'>suis</span> <span class='ocrx_word' id='word_1_157' title='bbox 204 1350 401 1389; x_wconf 78' lang='lat' dir='ltr'>attribuat.</span> <span class='ocrx_word' id='word_1_158' title='bbox 463 1347 572 1402; x_wconf 82' lang='lat' dir='ltr'>Quos</span> <span class='ocrx_word' id='word_1_159' title='bbox 595 1363 727 1390; x_wconf 89' lang='lat' dir='ltr'>omnes</span> <span class='ocrx_word' id='word_1_160' title='bbox 751 1349 932 1390; x_wconf 89' lang='lat' dir='ltr'>sinistrae</span> <span class='ocrx_word' id='word_1_161' title='bbox 956 1349 1237 1404; x_wconf 85' lang='lat' dir='ltr'>Intelligentiae</span> <span class='ocrx_word' id='word_1_162' title='bbox 1261 1354 1464 1404; x_wconf 80' lang='lat' dir='ltr'>adscribit,</span> <span class='ocrx_word' id='word_1_163' title='bbox 1498 1364 1610 1409; x_wconf 88' lang='lat' dir='ltr'>atque</span> 
     </span>
     <span class='ocr_line' id='line_1_19' title="bbox 98 1415 1609 1471; baseline 0.003 -13"><span class='ocrx_word' id='word_1_164' title='bbox 98 1432 119 1458; x_wconf 88' lang='lat' dir='ltr'>a</span> <span class='ocrx_word' id='word_1_165' title='bbox 146 1417 423 1471; x_wconf 89' lang='lat' dir='ltr'>complemento</span> <span class='ocrx_word' id='word_1_166' title='bbox 442 1416 581 1457; x_wconf 88' lang='lat' dir='ltr'>reiicit.</span> <span class='ocrx_word' id='word_1_167' title='bbox 621 1415 798 1470; x_wconf 88' lang='lat' dir='ltr'>Denique</span> <span class='ocrx_word' id='word_1_168' title='bbox 818 1418 990 1471; x_wconf 85' lang='lat' dir='ltr'>quisquis</span> <span class='ocrx_word' id='word_1_169' title='bbox 1015 1419 1137 1459; x_wconf 80' lang='lat' dir='ltr'>veteri</span> <span class='ocrx_word' id='word_1_170' title='bbox 1161 1425 1390 1461; x_wconf 86' lang='lat' dir='ltr'>testamento</span> <span class='ocrx_word' id='word_1_171' title='bbox 1413 1423 1521 1462; x_wconf 83' lang='lat' dir='ltr'>fidem</span> <span class='ocrx_word' id='word_1_172' title='bbox 1545 1424 1609 1463; x_wconf 87' lang='lat' dir='ltr'>ad-</span> 
     </span>
     <span class='ocr_line' id='line_1_20' title="bbox 95 1484 887 1534; baseline -0.001 -9"><span class='ocrx_word' id='word_1_173' title='bbox 95 1484 217 1534; x_wconf 81' lang='lat' dir='ltr'>hibet,</span> <span class='ocrx_word' id='word_1_174' title='bbox 250 1484 450 1524; x_wconf 91' lang='lat' dir='ltr'>incurrere</span> <span class='ocrx_word' id='word_1_175' title='bbox 481 1491 642 1524; x_wconf 90' lang='lat' dir='ltr'>mortem</span> <span class='ocrx_word' id='word_1_176' title='bbox 672 1491 887 1524; x_wconf 85' lang='lat' dir='ltr'>asseverat.</span> 
     </span>
    </p>

    <p class='ocr_par' dir='ltr' id='par_1_3' title="bbox 83 1550 1792 2814">
     <span class='ocr_line' id='line_1_21' title="bbox 208 1550 1774 1612; baseline 0.004 -20"><span class='ocrx_word' id='word_1_177' title='bbox 208 1550 353 1592; x_wconf 79' lang='lat' dir='ltr'>Verum</span> <span class='ocrx_word' id='word_1_178' title='bbox 377 1551 561 1591; x_wconf 91' lang='lat' dir='ltr'>eiusmodi</span> <span class='ocrx_word' id='word_1_179' title='bbox 583 1551 719 1604; x_wconf 82' lang='lat' dir='ltr'>dogma</span> <span class='ocrx_word' id='word_1_180' title='bbox 743 1551 788 1591; x_wconf 87' lang='lat' dir='ltr'>ab</span> <span class='ocrx_word' id='word_1_181' title='bbox 813 1550 976 1605; x_wconf 86' lang='lat' dir='ltr'>ipsamet</span> <span class='ocrx_word' id='word_1_182' title='bbox 998 1553 1162 1594; x_wconf 86' lang='lat' dir='ltr'>veritate</span> <span class='ocrx_word' id='word_1_183' title='bbox 1188 1555 1390 1596; x_wconf 85' lang='lat' dir='ltr'>refellitur.</span> <span class='ocrx_word' id='word_1_184' title='bbox 1451 1556 1552 1597; x_wconf 71' lang='lat' dir='ltr'>Nam</span> <span class='ocrx_word' id='word_1_185' title='bbox 1574 1558 1605 1598; x_wconf 86' lang='lat' dir='ltr'>si</span> <span class='ocrx_word' id='word_1_186' title='bbox 1634 1569 1709 1612; x_wconf 60' lang='lat' dir='ltr'>Cap.</span> <span class='ocrx_word' id='word_1_187' title='bbox 1738 1573 1774 1603; x_wconf 85' lang='lat' dir='ltr'>v.</span> 
     </span>
     <span class='ocr_line' id='line_1_22' title="bbox 92 1618 1604 1671; baseline 0.005 -12"><span class='ocrx_word' id='word_1_188' title='bbox 92 1619 152 1660; x_wconf 89' lang='lat' dir='ltr'>vis</span> <span class='ocrx_word' id='word_1_189' title='bbox 175 1619 237 1658; x_wconf 89' lang='lat' dir='ltr'>ille</span> <span class='ocrx_word' id='word_1_190' title='bbox 262 1619 321 1658; x_wconf 91' lang='lat' dir='ltr'>dei</span> <span class='ocrx_word' id='word_1_191' title='bbox 345 1626 404 1658; x_wconf 87' lang='lat' dir='ltr'>est</span> <span class='ocrx_word' id='word_1_192' title='bbox 425 1625 464 1658; x_wconf 85' lang='lat' dir='ltr'>et</span> <span class='ocrx_word' id='word_1_193' title='bbox 486 1618 636 1671; x_wconf 88' lang='lat' dir='ltr'>quidem</span> <span class='ocrx_word' id='word_1_194' title='bbox 660 1632 820 1671; x_wconf 85' lang='lat' dir='ltr'>magna,</span> <span class='ocrx_word' id='word_1_195' title='bbox 854 1619 1063 1659; x_wconf 89' lang='lat' dir='ltr'>scortillum</span> <span class='ocrx_word' id='word_1_196' title='bbox 1091 1635 1185 1662; x_wconf 85' lang='lat' dir='ltr'>vero</span> <span class='ocrx_word' id='word_1_197' title='bbox 1213 1623 1488 1664; x_wconf 83' lang='lat' dir='ltr'>contubernale</span> <span class='ocrx_word' id='word_1_198' title='bbox 1515 1626 1604 1666; x_wconf 89' lang='lat' dir='ltr'>illud</span> 
     </span>
     <span class='ocr_line' id='line_1_23' title="bbox 96 1684 1606 1746; baseline 0.003 -19"><span class='ocrx_word' id='word_1_199' title='bbox 96 1684 288 1740; x_wconf 79' lang='lat' dir='ltr'>Spiritus,</span> <span class='ocrx_word' id='word_1_200' title='bbox 320 1692 361 1725; x_wconf 89' lang='lat' dir='ltr'>ut</span> <span class='ocrx_word' id='word_1_201' title='bbox 386 1685 460 1736; x_wconf 89' lang='lat' dir='ltr'>ait,</span> <span class='ocrx_word' id='word_1_202' title='bbox 494 1693 648 1726; x_wconf 89' lang='lat' dir='ltr'>sanctus</span> <span class='ocrx_word' id='word_1_203' title='bbox 674 1693 755 1735; x_wconf 89' lang='lat' dir='ltr'>est,</span> <span class='ocrx_word' id='word_1_204' title='bbox 790 1685 889 1726; x_wconf 84' lang='lat' dir='ltr'>dicat</span> <span class='ocrx_word' id='word_1_205' title='bbox 912 1701 1052 1740; x_wconf 82' lang='lat' dir='ltr'>quaeso</span> <span class='ocrx_word' id='word_1_206' title='bbox 1079 1703 1153 1742; x_wconf 91' lang='lat' dir='ltr'>quo</span> <span class='ocrx_word' id='word_1_207' title='bbox 1180 1690 1330 1729; x_wconf 87' lang='lat' dir='ltr'>tandem</span> <span class='ocrx_word' id='word_1_208' title='bbox 1358 1692 1510 1731; x_wconf 87' lang='lat' dir='ltr'>nomine</span> <span class='ocrx_word' id='word_1_209' title='bbox 1543 1707 1606 1746; x_wconf 87' lang='lat' dir='ltr'>ap-</span> 
     </span>
     <span class='ocr_line' id='line_1_24' title="bbox 92 1751 1605 1813; baseline 0.005 -22"><span class='ocrx_word' id='word_1_210' title='bbox 92 1753 268 1808; x_wconf 83' lang='lat' dir='ltr'>pellanda</span> <span class='ocrx_word' id='word_1_211' title='bbox 290 1751 361 1792; x_wconf 89' lang='lat' dir='ltr'>Vis</span> <span class='ocrx_word' id='word_1_212' title='bbox 383 1753 444 1792; x_wconf 91' lang='lat' dir='ltr'>illa</span> <span class='ocrx_word' id='word_1_213' title='bbox 468 1752 532 1802; x_wconf 85' lang='lat' dir='ltr'>sit,</span> <span class='ocrx_word' id='word_1_214' title='bbox 558 1759 623 1792; x_wconf 86' lang='lat' dir='ltr'>aut.</span> <span class='ocrx_word' id='word_1_215' title='bbox 646 1752 731 1806; x_wconf 91' lang='lat' dir='ltr'>quid</span> <span class='ocrx_word' id='word_1_216' title='bbox 758 1766 917 1793; x_wconf 89' lang='lat' dir='ltr'>caussae</span> <span class='ocrx_word' id='word_1_217' title='bbox 941 1753 989 1793; x_wconf 88' lang='lat' dir='ltr'>sit</span> <span class='ocrx_word' id='word_1_218' title='bbox 1012 1769 1079 1794; x_wconf 88' lang='lat' dir='ltr'>cur</span> <span class='ocrx_word' id='word_1_219' title='bbox 1102 1770 1186 1796; x_wconf 88' lang='lat' dir='ltr'>cum</span> <span class='ocrx_word' id='word_1_220' title='bbox 1211 1757 1456 1798; x_wconf 84' lang='lat' dir='ltr'>mulierculae</span> <span class='ocrx_word' id='word_1_221' title='bbox 1479 1761 1605 1813; x_wconf 85' lang='lat' dir='ltr'>appel-</span> 
     </span>
     <span class='ocr_line' id='line_1_25' title="bbox 93 1819 1604 1879; baseline 0.004 -19"><span class='ocrx_word' id='word_1_222' title='bbox 93 1821 272 1861; x_wconf 86' lang='lat' dir='ltr'>lationem</span> <span class='ocrx_word' id='word_1_223' title='bbox 297 1820 462 1873; x_wconf 89' lang='lat' dir='ltr'>aliquam</span> <span class='ocrx_word' id='word_1_224' title='bbox 486 1820 676 1869; x_wconf 86' lang='lat' dir='ltr'>tribuerit,</span> <span class='ocrx_word' id='word_1_225' title='bbox 710 1819 780 1859; x_wconf 87' lang='lat' dir='ltr'>sibi</span> <span class='ocrx_word' id='word_1_226' title='bbox 806 1820 876 1874; x_wconf 91' lang='lat' dir='ltr'>ipsi</span> <span class='ocrx_word' id='word_1_227' title='bbox 903 1821 1040 1861; x_wconf 85' lang='lat' dir='ltr'>nullam</span> <span class='ocrx_word' id='word_1_228' title='bbox 1065 1837 1223 1876; x_wconf 90' lang='lat' dir='ltr'>prorsus</span> <span class='ocrx_word' id='word_1_229' title='bbox 1245 1823 1454 1865; x_wconf 87' lang='lat' dir='ltr'>invenerit.</span> <span class='ocrx_word' id='word_1_230' title='bbox 1497 1825 1604 1879; x_wconf 74' lang='lat' dir='ltr'>Quo-</span> 
     </span>
     <span class='ocr_line' id='line_1_26' title="bbox 92 1886 1603 1945; baseline 0.004 -17"><span class='ocrx_word' id='word_1_231' title='bbox 92 1901 180 1928; x_wconf 88' lang='lat' dir='ltr'>nam</span> <span class='ocrx_word' id='word_1_232' title='bbox 210 1901 304 1926; x_wconf 82' lang='lat' dir='ltr'>vero</span> <span class='ocrx_word' id='word_1_233' title='bbox 334 1893 467 1941; x_wconf 87' lang='lat' dir='ltr'>pacto,</span> <span class='ocrx_word' id='word_1_234' title='bbox 509 1886 545 1926; x_wconf 90' lang='lat' dir='ltr'>id</span> <span class='ocrx_word' id='word_1_235' title='bbox 571 1887 667 1940; x_wconf 90' lang='lat' dir='ltr'>quod</span> <span class='ocrx_word' id='word_1_236' title='bbox 694 1894 927 1941; x_wconf 85' lang='lat' dir='ltr'>compertum</span> <span class='ocrx_word' id='word_1_237' title='bbox 953 1895 1033 1939; x_wconf 88' lang='lat' dir='ltr'>est,</span> <span class='ocrx_word' id='word_1_238' title='bbox 1077 1889 1252 1931; x_wconf 88' lang='lat' dir='ltr'>accidere</span> <span class='ocrx_word' id='word_1_239' title='bbox 1277 1892 1399 1945; x_wconf 89' lang='lat' dir='ltr'>potuit</span> <span class='ocrx_word' id='word_1_240' title='bbox 1424 1900 1464 1932; x_wconf 88' lang='lat' dir='ltr'>ut</span> <span class='ocrx_word' id='word_1_241' title='bbox 1497 1902 1603 1934; x_wconf 85' lang='lat' dir='ltr'>certo</span> 
     </span>
     <span class='ocr_line' id='line_1_27' title="bbox 93 1953 1602 2008; baseline 0.005 -14"><span class='ocrx_word' id='word_1_242' title='bbox 93 1954 323 2007; x_wconf 86' lang='lat' dir='ltr'>definitoque</span> <span class='ocrx_word' id='word_1_243' title='bbox 358 1961 527 2008; x_wconf 90' lang='lat' dir='ltr'>tempore</span> <span class='ocrx_word' id='word_1_244' title='bbox 551 1953 698 1993; x_wconf 84' lang='lat' dir='ltr'>Romae</span> <span class='ocrx_word' id='word_1_245' title='bbox 726 1961 885 1994; x_wconf 88' lang='lat' dir='ltr'>mortem</span> <span class='ocrx_word' id='word_1_246' title='bbox 905 1955 1065 2006; x_wconf 89' lang='lat' dir='ltr'>obierit,</span> <span class='ocrx_word' id='word_1_247' title='bbox 1099 1971 1182 1996; x_wconf 88' lang='lat' dir='ltr'>cum</span> <span class='ocrx_word' id='word_1_248' title='bbox 1206 1959 1327 1998; x_wconf 90' lang='lat' dir='ltr'>media</span> <span class='ocrx_word' id='word_1_249' title='bbox 1350 1959 1387 1998; x_wconf 92' lang='lat' dir='ltr'>in</span> <span class='ocrx_word' id='word_1_250' title='bbox 1414 1960 1506 2000; x_wconf 89' lang='lat' dir='ltr'>urbe</span> <span class='ocrx_word' id='word_1_251' title='bbox 1538 1962 1602 2001; x_wconf 87' lang='lat' dir='ltr'>de-</span> 
     </span>
     <span class='ocr_line' id='line_1_28' title="bbox 92 2020 1601 2078; baseline 0.005 -18"><span class='ocrx_word' id='word_1_252' title='bbox 92 2021 223 2061; x_wconf 86' lang='lat' dir='ltr'>cidens</span> <span class='ocrx_word' id='word_1_253' title='bbox 253 2035 303 2061; x_wconf 86' lang='lat' dir='ltr'>ex</span> <span class='ocrx_word' id='word_1_254' title='bbox 329 2021 404 2061; x_wconf 84' lang='lat' dir='ltr'>alto</span> <span class='ocrx_word' id='word_1_255' title='bbox 430 2021 548 2062; x_wconf 91' lang='lat' dir='ltr'>miser</span> <span class='ocrx_word' id='word_1_256' title='bbox 573 2020 742 2060; x_wconf 85' lang='lat' dir='ltr'>interiit?</span> <span class='ocrx_word' id='word_1_257' title='bbox 799 2020 883 2075; x_wconf 81' lang='lat' dir='ltr'>Qua</span> <span class='ocrx_word' id='word_1_258' title='bbox 907 2022 998 2078; x_wconf 78' lang='lat' dir='ltr'>item</span> <span class='ocrx_word' id='word_1_259' title='bbox 1020 2023 1170 2064; x_wconf 88' lang='lat' dir='ltr'>ratione</span> <span class='ocrx_word' id='word_1_260' title='bbox 1195 2023 1335 2066; x_wconf 89' lang='lat' dir='ltr'>Petrus</span> <span class='ocrx_word' id='word_1_261' title='bbox 1362 2026 1458 2067; x_wconf 88' lang='lat' dir='ltr'>hanc</span> <span class='ocrx_word' id='word_1_262' title='bbox 1488 2028 1526 2067; x_wconf 93' lang='lat' dir='ltr'>in</span> <span class='ocrx_word' id='word_1_263' title='bbox 1557 2030 1601 2068; x_wconf 90' lang='lat' dir='ltr'>il—</span> 
     </span>
     <span class='ocr_line' id='line_1_29' title="bbox 91 2088 1598 2149; baseline 0.005 -22"><span class='ocrx_word' id='word_1_264' title='bbox 91 2088 166 2128; x_wconf 90' lang='lat' dir='ltr'>lum</span> <span class='ocrx_word' id='word_1_265' title='bbox 191 2088 420 2128; x_wconf 88' lang='lat' dir='ltr'>sententiam</span> <span class='ocrx_word' id='word_1_266' title='bbox 444 2088 550 2138; x_wconf 88' lang='lat' dir='ltr'>tulit,</span> <span class='ocrx_word' id='word_1_267' title='bbox 584 2088 721 2128; x_wconf 88' lang='lat' dir='ltr'>nullam</span> <span class='ocrx_word' id='word_1_268' title='bbox 753 2102 836 2128; x_wconf 89' lang='lat' dir='ltr'>eum</span> <span class='ocrx_word' id='word_1_269' title='bbox 872 2089 911 2128; x_wconf 90' lang='lat' dir='ltr'>in</span> <span class='ocrx_word' id='word_1_270' title='bbox 935 2090 1063 2130; x_wconf 90' lang='lat' dir='ltr'>divino</span> <span class='ocrx_word' id='word_1_271' title='bbox 1088 2092 1190 2132; x_wconf 89' lang='lat' dir='ltr'>cultu</span> <span class='ocrx_word' id='word_1_272' title='bbox 1219 2100 1362 2133; x_wconf 89' lang='lat' dir='ltr'>sortem</span> <span class='ocrx_word' id='word_1_273' title='bbox 1384 2108 1428 2134; x_wconf 84' lang='lat' dir='ltr'>ac</span> <span class='ocrx_word' id='word_1_274' title='bbox 1452 2103 1598 2149; x_wconf 86' lang='lat' dir='ltr'>partem</span> 
     </span>
     <span class='ocr_line' id='line_1_30' title="bbox 92 2153 1598 2213; baseline 0.005 -18"><span class='ocrx_word' id='word_1_275' title='bbox 92 2155 294 2196; x_wconf 87' lang='lat' dir='ltr'>obtinere?</span> <span class='ocrx_word' id='word_1_276' title='bbox 351 2153 486 2195; x_wconf 85' lang='lat' dir='ltr'>Potest</span> <span class='ocrx_word' id='word_1_277' title='bbox 509 2168 603 2194; x_wconf 85' lang='lat' dir='ltr'>vero</span> <span class='ocrx_word' id='word_1_278' title='bbox 625 2155 784 2195; x_wconf 84' lang='lat' dir='ltr'>mundus</span> <span class='ocrx_word' id='word_1_279' title='bbox 805 2170 825 2195; x_wconf 88' lang='lat' dir='ltr'>a</span> <span class='ocrx_word' id='word_1_280' title='bbox 851 2155 950 2197; x_wconf 92' lang='lat' dir='ltr'>bono</span> <span class='ocrx_word' id='word_1_281' title='bbox 971 2157 1042 2198; x_wconf 92' lang='lat' dir='ltr'>deo</span> <span class='ocrx_word' id='word_1_282' title='bbox 1064 2173 1140 2198; x_wconf 91' lang='lat' dir='ltr'>non</span> <span class='ocrx_word' id='word_1_283' title='bbox 1168 2173 1267 2200; x_wconf 68' lang='lat' dir='ltr'>esse⁴</span> <span class='ocrx_word' id='word_1_284' title='bbox 1283 2162 1480 2213; x_wconf 89' lang='lat' dir='ltr'>conditus,</span> <span class='ocrx_word' id='word_1_285' title='bbox 1513 2177 1598 2203; x_wconf 91' lang='lat' dir='ltr'>cum</span> 
     </span>
     <span class='ocr_line' id='line_1_31' title="bbox 93 2222 1599 2269; baseline 0.005 -7"><span class='ocrx_word' id='word_1_286' title='bbox 93 2223 140 2262; x_wconf 88' lang='lat' dir='ltr'>ab</span> <span class='ocrx_word' id='word_1_287' title='bbox 162 2236 207 2262; x_wconf 87' lang='lat' dir='ltr'>eo</span> <span class='ocrx_word' id='word_1_288' title='bbox 230 2222 318 2262; x_wconf 91' lang='lat' dir='ltr'>honi</span> <span class='ocrx_word' id='word_1_289' title='bbox 342 2236 476 2262; x_wconf 87' lang='lat' dir='ltr'>omnes</span> <span class='ocrx_word' id='word_1_290' title='bbox 505 2222 614 2261; x_wconf 89' lang='lat' dir='ltr'>electi</span> <span class='ocrx_word' id='word_1_291' title='bbox 640 2222 743 2261; x_wconf 80' lang='lat' dir='ltr'>sint?</span> <span class='ocrx_word' id='word_1_292' title='bbox 773 2222 827 2262; x_wconf 90' lang='lat' dir='ltr'>At</span> <span class='ocrx_word' id='word_1_293' title='bbox 849 2223 941 2263; x_wconf 88' lang='lat' dir='ltr'>baec</span> <span class='ocrx_word' id='word_1_294' title='bbox 964 2239 1032 2264; x_wconf 93' lang='lat' dir='ltr'>cur</span> <span class='ocrx_word' id='word_1_295' title='bbox 1054 2226 1209 2266; x_wconf 88' lang='lat' dir='ltr'>sinistra</span> <span class='ocrx_word' id='word_1_296' title='bbox 1231 2240 1318 2267; x_wconf 91' lang='lat' dir='ltr'>esse</span> <span class='ocrx_word' id='word_1_297' title='bbox 1347 2228 1403 2267; x_wconf 84' lang='lat' dir='ltr'>vis</span> <span class='ocrx_word' id='word_1_298' title='bbox 1422 2229 1484 2268; x_wconf 89' lang='lat' dir='ltr'>illa</span> <span class='ocrx_word' id='word_1_299' title='bbox 1507 2231 1599 2269; x_wconf 92' lang='lat' dir='ltr'>dici-</span> 
     </span>
     <span class='ocr_line' id='line_1_32' title="bbox 89 2289 1599 2346; baseline 0.005 -18"><span class='ocrx_word' id='word_1_300' title='bbox 89 2296 173 2339; x_wconf 89' lang='lat' dir='ltr'>tur,</span> <span class='ocrx_word' id='word_1_301' title='bbox 207 2303 304 2342; x_wconf 88' lang='lat' dir='ltr'>quae</span> <span class='ocrx_word' id='word_1_302' title='bbox 329 2289 368 2329; x_wconf 92' lang='lat' dir='ltr'>in</span> <span class='ocrx_word' id='word_1_303' title='bbox 393 2290 478 2343; x_wconf 84' lang='lat' dir='ltr'>lege</span> <span class='ocrx_word' id='word_1_304' title='bbox 504 2302 548 2328; x_wconf 91' lang='lat' dir='ltr'>ac</span> <span class='ocrx_word' id='word_1_305' title='bbox 572 2302 639 2342; x_wconf 90' lang='lat' dir='ltr'>per</span> <span class='ocrx_word' id='word_1_306' title='bbox 657 2289 859 2343; x_wconf 88' lang='lat' dir='ltr'>propbetas</span> <span class='ocrx_word' id='word_1_307' title='bbox 883 2291 1008 2331; x_wconf 88' lang='lat' dir='ltr'>locuta</span> <span class='ocrx_word' id='word_1_308' title='bbox 1030 2293 1104 2332; x_wconf 85' lang='lat' dir='ltr'>sit?</span> <span class='ocrx_word' id='word_1_309' title='bbox 1135 2307 1230 2346; x_wconf 85' lang='lat' dir='ltr'>quae</span> <span class='ocrx_word' id='word_1_310' title='bbox 1253 2291 1398 2334; x_wconf 88' lang='lat' dir='ltr'>Christi</span> <span class='ocrx_word' id='word_1_311' title='bbox 1423 2295 1514 2336; x_wconf 90' lang='lat' dir='ltr'>boni</span> <span class='ocrx_word' id='word_1_312' title='bbox 1538 2297 1599 2337; x_wconf 89' lang='lat' dir='ltr'>dei</span> 
     </span>
     <span class='ocr_line' id='line_1_33' title="bbox 90 2356 1599 2410; baseline 0.005 -15"><span class='ocrx_word' id='word_1_313' title='bbox 90 2356 293 2396; x_wconf 86' lang='lat' dir='ltr'>adventum</span> <span class='ocrx_word' id='word_1_314' title='bbox 327 2356 590 2410; x_wconf 78' lang='lat' dir='ltr'>praedixerit?</span> <span class='ocrx_word' id='word_1_315' title='bbox 633 2369 727 2408; x_wconf 88' lang='lat' dir='ltr'>quae</span> <span class='ocrx_word' id='word_1_316' title='bbox 760 2358 904 2398; x_wconf 86' lang='lat' dir='ltr'>nefaria</span> <span class='ocrx_word' id='word_1_317' title='bbox 932 2359 1056 2399; x_wconf 89' lang='lat' dir='ltr'>omnia</span> <span class='ocrx_word' id='word_1_318' title='bbox 1084 2360 1275 2400; x_wconf 84' lang='lat' dir='ltr'>vetuerit?</span> <span class='ocrx_word' id='word_1_319' title='bbox 1321 2361 1384 2401; x_wconf 88' lang='lat' dir='ltr'>An</span> <span class='ocrx_word' id='word_1_320' title='bbox 1416 2377 1491 2402; x_wconf 92' lang='lat' dir='ltr'>non</span> <span class='ocrx_word' id='word_1_321' title='bbox 1524 2377 1599 2404; x_wconf 85' lang='lat' dir='ltr'>una</span> 
     </span>
     <span class='ocr_line' id='line_1_34' title="bbox 89 2422 1597 2484; baseline 0.006 -22"><span class='ocrx_word' id='word_1_322' title='bbox 89 2422 290 2476; x_wconf 87' lang='lat' dir='ltr'>utrobique</span> <span class='ocrx_word' id='word_1_323' title='bbox 310 2422 489 2463; x_wconf 87' lang='lat' dir='ltr'>divinitas</span> <span class='ocrx_word' id='word_1_324' title='bbox 517 2422 691 2475; x_wconf 88' lang='lat' dir='ltr'>idemque</span> <span class='ocrx_word' id='word_1_325' title='bbox 716 2423 804 2463; x_wconf 91' lang='lat' dir='ltr'>novi</span> <span class='ocrx_word' id='word_1_326' title='bbox 826 2425 938 2465; x_wconf 92' lang='lat' dir='ltr'>simul</span> <span class='ocrx_word' id='word_1_327' title='bbox 961 2440 1005 2466; x_wconf 88' lang='lat' dir='ltr'>ac</span> <span class='ocrx_word' id='word_1_328' title='bbox 1028 2427 1173 2467; x_wconf 88' lang='lat' dir='ltr'>veteris</span> <span class='ocrx_word' id='word_1_329' title='bbox 1198 2429 1415 2469; x_wconf 88' lang='lat' dir='ltr'>testamenti</span> <span class='ocrx_word' id='word_1_330' title='bbox 1439 2430 1597 2484; x_wconf 88' lang='lat' dir='ltr'>spiritus</span> 
     </span>
     <span class='ocr_line' id='line_1_35' title="bbox 90 2489 1792 2547; baseline 0.006 -18"><span class='ocrx_word' id='word_1_331' title='bbox 90 2502 176 2529; x_wconf 84' lang='lat' dir='ltr'>esse</span> <span class='ocrx_word' id='word_1_332' title='bbox 200 2489 325 2540; x_wconf 87' lang='lat' dir='ltr'>debet,</span> <span class='ocrx_word' id='word_1_333' title='bbox 359 2505 442 2530; x_wconf 87' lang='lat' dir='ltr'>cum</span> <span class='ocrx_word' id='word_1_334' title='bbox 469 2490 642 2529; x_wconf 87' lang='lat' dir='ltr'>dominus</span> <span class='ocrx_word' id='word_1_335' title='bbox 669 2490 831 2541; x_wconf 81' lang='lat' dir='ltr'>dixerit,</span> <span class='ocrx_word' id='word_1_336' title='bbox 872 2495 956 2532; x_wconf 80' lang='lat' dir='ltr'>Non</span> <span class='ocrx_word' id='word_1_337' title='bbox 988 2497 1073 2532; x_wconf 77' lang='lat' dir='ltr'>veni</span> <span class='ocrx_word' id='word_1_338' title='bbox 1099 2497 1241 2533; x_wconf 79' lang='lat' dir='ltr'>solvere</span> <span class='ocrx_word' id='word_1_339' title='bbox 1270 2498 1404 2546; x_wconf 78' lang='lat' dir='ltr'>legem,</span> <span class='ocrx_word' id='word_1_340' title='bbox 1437 2500 1504 2536; x_wconf 77' lang='lat' dir='ltr'>sed</span> <span class='ocrx_word' id='word_1_341' title='bbox 1531 2501 1792 2547; x_wconf 49' lang='lat' dir='ltr'>eyn-Matthsm.</span> 
     </span>
     <span class='ocr_line' id='line_1_36' title="bbox 83 2557 1596 2619; baseline 0.007 -25"><span class='ocrx_word' id='word_1_342' title='bbox 83 2559 216 2607; x_wconf 82' lang='lat' dir='ltr'>plere?</span> <span class='ocrx_word' id='word_1_343' title='bbox 274 2557 403 2610; x_wconf 90' lang='lat' dir='ltr'>Atque</span> <span class='ocrx_word' id='word_1_344' title='bbox 436 2564 475 2596; x_wconf 85' lang='lat' dir='ltr'>ut</span> <span class='ocrx_word' id='word_1_345' title='bbox 500 2557 589 2596; x_wconf 91' lang='lat' dir='ltr'>illud</span> <span class='ocrx_word' id='word_1_346' title='bbox 615 2558 856 2610; x_wconf 86' lang='lat' dir='ltr'>ostenderet,</span> <span class='ocrx_word' id='word_1_347' title='bbox 889 2560 1148 2601; x_wconf 83' lang='lat' dir='ltr'>denuntiatam</span> <span class='ocrx_word' id='word_1_348' title='bbox 1177 2576 1198 2601; x_wconf 89' lang='lat' dir='ltr'>a</span> <span class='ocrx_word' id='word_1_349' title='bbox 1227 2576 1269 2602; x_wconf 90' lang='lat' dir='ltr'>se</span> <span class='ocrx_word' id='word_1_350' title='bbox 1299 2563 1422 2616; x_wconf 83' lang='lat' dir='ltr'>legem</span> <span class='ocrx_word' id='word_1_351' title='bbox 1453 2578 1498 2603; x_wconf 85' lang='lat' dir='ltr'>ac</span> <span class='ocrx_word' id='word_1_352' title='bbox 1527 2579 1596 2619; x_wconf 88' lang='lat' dir='ltr'>per</span> 
     </span>
     <span class='ocr_line' id='line_1_37' title="bbox 87 2620 1594 2684; baseline 0.006 -22"><span class='ocrx_word' id='word_1_353' title='bbox 87 2620 266 2678; x_wconf 83' lang='lat' dir='ltr'>Moysem</span> <span class='ocrx_word' id='word_1_354' title='bbox 286 2638 534 2673; x_wconf 87' lang='lat' dir='ltr'>concessam,</span> <span class='ocrx_word' id='word_1_355' title='bbox 568 2624 756 2676; x_wconf 83' lang='lat' dir='ltr'>evangelii</span> <span class='ocrx_word' id='word_1_356' title='bbox 777 2639 871 2665; x_wconf 91' lang='lat' dir='ltr'>vero</span> <span class='ocrx_word' id='word_1_357' title='bbox 893 2627 1055 2680; x_wconf 85' lang='lat' dir='ltr'>gratiam</span> <span class='ocrx_word' id='word_1_358' title='bbox 1081 2642 1148 2682; x_wconf 88' lang='lat' dir='ltr'>per</span> <span class='ocrx_word' id='word_1_359' title='bbox 1176 2629 1420 2684; x_wconf 88' lang='lat' dir='ltr'>semetipsum</span> <span class='ocrx_word' id='word_1_360' title='bbox 1450 2632 1594 2672; x_wconf 80' lang='lat' dir='ltr'>adven-</span> 
     </span>
     <span class='ocr_line' id='line_1_38' title="bbox 87 2691 1594 2748; baseline 0.007 -20"><span class='ocrx_word' id='word_1_361' title='bbox 87 2695 239 2744; x_wconf 90' lang='lat' dir='ltr'>tumque</span> <span class='ocrx_word' id='word_1_362' title='bbox 265 2706 349 2731; x_wconf 92' lang='lat' dir='ltr'>cum</span> <span class='ocrx_word' id='word_1_363' title='bbox 380 2704 496 2731; x_wconf 89' lang='lat' dir='ltr'>carne</span> <span class='ocrx_word' id='word_1_364' title='bbox 529 2705 635 2730; x_wconf 86' lang='lat' dir='ltr'>suum</span> <span class='ocrx_word' id='word_1_365' title='bbox 664 2691 875 2733; x_wconf 86' lang='lat' dir='ltr'>hominibus</span> <span class='ocrx_word' id='word_1_366' title='bbox 899 2696 1195 2748; x_wconf 84' lang='lat' dir='ltr'>promulgatam,</span> <span class='ocrx_word' id='word_1_367' title='bbox 1228 2696 1280 2736; x_wconf 89' lang='lat' dir='ltr'>ita</span> <span class='ocrx_word' id='word_1_368' title='bbox 1306 2695 1471 2738; x_wconf 86' lang='lat' dir='ltr'>ludaeos</span> <span class='ocrx_word' id='word_1_369' title='bbox 1502 2699 1594 2739; x_wconf 85' lang='lat' dir='ltr'>allo-</span> 
     </span>
     <span class='ocr_line' id='line_1_39' title="bbox 89 2760 1786 2814; baseline 0.008 -21"><span class='ocrx_word' id='word_1_370' title='bbox 89 2762 195 2797; x_wconf 86' lang='lat' dir='ltr'>cutus</span> <span class='ocrx_word' id='word_1_371' title='bbox 220 2765 299 2798; x_wconf 84' lang='lat' dir='ltr'>est:</span> <span class='ocrx_word' id='word_1_372' title='bbox 346 2761 392 2796; x_wconf 71' lang='lat' dir='ltr'>Si</span> <span class='ocrx_word' id='word_1_373' title='bbox 410 2760 607 2796; x_wconf 73' lang='lat' dir='ltr'>crederetis</span> <span class='ocrx_word' id='word_1_374' title='bbox 631 2760 772 2808; x_wconf 75' lang='lat' dir='ltr'>Moysi,</span> <span class='ocrx_word' id='word_1_375' title='bbox 806 2763 898 2799; x_wconf 77' lang='lat' dir='ltr'>mz&#39;lzz’</span> <span class='ocrx_word' id='word_1_376' title='bbox 916 2776 1057 2814; x_wconf 79' lang='lat' dir='ltr'>quoque</span> <span class='ocrx_word' id='word_1_377' title='bbox 1079 2766 1298 2802; x_wconf 75' lang='lat' dir='ltr'>crederetis.-</span> <span class='ocrx_word' id='word_1_378' title='bbox 1340 2766 1404 2803; x_wconf 80' lang='lat' dir='ltr'>ille</span> <span class='ocrx_word' id='word_1_379' title='bbox 1424 2769 1517 2804; x_wconf 85' lang='lat' dir='ltr'>em&#39;m</span> <span class='ocrx_word' id='word_1_380' title='bbox 1547 2770 1591 2805; x_wconf 89' lang='lat' dir='ltr'>de</span> <span class='ocrx_word' id='word_1_381' title='bbox 1604 2779 1735 2814; x_wconf 80' lang='lat' dir='ltr'>loauu.5,</span> <span class='ocrx_word' id='word_1_382' title='bbox 1746 2781 1786 2808; x_wconf 69' lang='grc' dir='ltr'>ιω.</span> 
     </span>
    </p>
   </div>
   <div class='ocr_carea' id='block_1_3' title="bbox 88 2873 1592 3074">
    <p class='ocr_par' dir='ltr' id='par_1_4' title="bbox 88 2873 1592 2971">
     <span class='ocr_line' id='line_1_40' title="bbox 130 2873 1592 2927; baseline 0.01 -20"><span class='ocrx_word' id='word_1_383' title='bbox 130 2873 161 2907; x_wconf 80' lang='lat'>4.</span> <span class='ocrx_word' id='word_1_384' title='bbox 187 2875 283 2912; x_wconf 67' lang='grc' dir='ltr'>αὐτὸν</span> <span class='ocrx_word' id='word_1_385' title='bbox 305 2881 370 2911; x_wconf 77' lang='lat' dir='ltr'>cod.</span> <span class='ocrx_word' id='word_1_386' title='bbox 386 2882 480 2911; x_wconf 76' lang='lat' dir='ltr'>Vatic.</span> <span class='ocrx_word' id='word_1_387' title='bbox 500 2884 526 2912; x_wconf 78' lang='lat' dir='ltr'>et</span> <span class='ocrx_word' id='word_1_388' title='bbox 546 2881 592 2911; x_wconf 86' lang='lat' dir='ltr'>ed.</span> <span class='ocrx_word' id='word_1_389' title='bbox 606 2882 712 2912; x_wconf 76' lang='lat' dir='ltr'>Petav.</span> <span class='ocrx_word' id='word_1_390' title='bbox 758 2883 815 2913; x_wconf 88' lang='lat' dir='ltr'>Re·</span> <span class='ocrx_word' id='word_1_391' title='bbox 861 2885 984 2916; x_wconf 76' lang='lat' dir='ltr'>Schotti.</span> <span class='ocrx_word' id='word_1_392' title='bbox 1030 2883 1238 2927; x_wconf 72' lang='grc' dir='ltr'>ἐπελάγησαν</span> <span class='ocrx_word' id='word_1_393' title='bbox 1266 2888 1332 2918; x_wconf 87' lang='lat' dir='ltr'>cod.</span> <span class='ocrx_word' id='word_1_394' title='bbox 1360 2889 1453 2919; x_wconf 80' lang='lat' dir='ltr'>Vatic.</span> <span class='ocrx_word' id='word_1_395' title='bbox 1499 2888 1592 2921; x_wconf 70' lang='grc' dir='ltr'>ἐπελ-</span> 
     </span>
     <span class='ocr_line' id='line_1_41' title="bbox 88 2921 1510 2971; baseline 0.01 -21"><span class='ocrx_word' id='word_1_396' title='bbox 88 2922 160 2960; x_wconf 81' lang='lat' dir='ltr'>liqui</span> <span class='ocrx_word' id='word_1_397' title='bbox 180 2924 247 2954; x_wconf 82' lang='lat' dir='ltr'>libri</span> <span class='ocrx_word' id='word_1_398' title='bbox 269 2921 373 2966; x_wconf 64' lang='grc' dir='ltr'><strong><em>αὐτῷ.</em></strong></span> <span class='ocrx_word' id='word_1_399' title='bbox 857 2926 1005 2970; x_wconf 78' lang='grc' dir='ltr'>λα’γησαν</span> <span class='ocrx_word' id='word_1_400' title='bbox 1030 2931 1095 2961; x_wconf 84' lang='lat' dir='ltr'>cod.</span> <span class='ocrx_word' id='word_1_401' title='bbox 1120 2932 1247 2971; x_wconf 72' lang='lat' dir='ltr'>Rhediy.</span> <span class='ocrx_word' id='word_1_402' title='bbox 1272 2935 1298 2962; x_wconf 77' lang='lat' dir='ltr'>et</span> <span class='ocrx_word' id='word_1_403' title='bbox 1320 2933 1389 2963; x_wconf 77' lang='lat' dir='ltr'>edit.</span> <span class='ocrx_word' id='word_1_404' title='bbox 1413 2936 1510 2971; x_wconf 70' lang='lat' dir='ltr'>princ.</span> 
     </span>
    </p>

    <p class='ocr_par' dir='ltr' id='par_1_5' title="bbox 129 2965 1533 3019">
     <span class='ocr_line' id='line_1_42' title="bbox 129 2965 1533 3019; baseline 0.009 -21"><span class='ocrx_word' id='word_1_405' title='bbox 129 2965 159 2996; x_wconf 78' lang='grc' dir='ltr'>ὁ.</span> <span class='ocrx_word' id='word_1_406' title='bbox 185 2966 385 3009; x_wconf 48' lang='lat' dir='ltr'>&amp;tati-(now,</span> <span class='ocrx_word' id='word_1_407' title='bbox 409 2971 455 3000; x_wconf 84' lang='lat' dir='ltr'>ed.</span> <span class='ocrx_word' id='word_1_408' title='bbox 477 2972 582 3000; x_wconf 79' lang='lat' dir='ltr'>Petav.</span> <span class='ocrx_word' id='word_1_409' title='bbox 606 2979 643 3000; x_wconf 75' lang='lat' dir='ltr'>ex</span> <span class='ocrx_word' id='word_1_410' title='bbox 668 2972 814 3002; x_wconf 76' lang='lat' dir='ltr'>emendat.</span> <span class='ocrx_word' id='word_1_411' title='bbox 903 2972 934 3005; x_wconf 88' lang='grc'>6.</span> <span class='ocrx_word' id='word_1_412' title='bbox 960 2975 1046 3006; x_wconf 83' lang='lat' dir='ltr'>Libri</span> <span class='ocrx_word' id='word_1_413' title='bbox 1070 2976 1177 3006; x_wconf 68' lang='lat' dir='ltr'>habeut</span> <span class='ocrx_word' id='word_1_414' title='bbox 1200 2977 1291 3016; x_wconf 80' lang='lat' dir='ltr'>vulyo</span> <span class='ocrx_word' id='word_1_415' title='bbox 1315 2976 1533 3019; x_wconf 68' lang='grc' dir='ltr'><strong>κατηγγέλλη.</strong></span> 
     </span>
    </p>

    <p class='ocr_par' dir='ltr' id='par_1_6' title="bbox 151 3018 1323 3074">
     <span class='ocr_line' id='line_1_43' title="bbox 151 3018 1323 3074; baseline 0.014 -30"><span class='ocrx_word' id='word_1_416' title='bbox 151 3018 263 3054; x_wconf 71' lang='lat' dir='ltr'>Corpus¹</span> <span class='ocrx_word' id='word_1_417' title='bbox 283 3021 458 3049; x_wconf 81' lang='lat' dir='ltr'>Haereseol.</span> <span class='ocrx_word' id='word_1_418' title='bbox 479 3023 516 3049; x_wconf 87' lang='lat'>11.</span> <span class='ocrx_word' id='word_1_419' title='bbox 1300 3037 1323 3074; x_wconf 69' lang='grc'><strong>9</strong></span> 
     </span>
    </p>
   </div>
  </div>
 </body>
</html>
