2034 3267
432 208 603 240 PANARn
627 208 726 239 Anv.
750 198 967 239 manases
990 208 1070 238 Lis.
1093 209 1116 239 1.
1139 207 1243 240 ΤοΜ.
1270 208 1292 239 1.
1561 202 1611 238 49

115 289 280 328 ferarum
304 287 437 336 modo,
475 287 539 326 sed
565 293 602 325 et
622 293 839 340 serpentum
864 301 908 326 ae
931 286 1199 326 vilissimorum
1221 285 1464 326 animantium
1490 286 1618 325 condi-

117 354 256 395 tionem
278 354 377 394 iltius
401 354 578 402 dimittis,
615 367 709 407 qnae
734 360 929 402 naturam,
963 361 998 393 te
1022 354 1169 407 quidem
1192 361 1370 403 auctore,
1402 352 1573 392 haustam
1597 367 1620 393 a

116 423 187 462 deo
211 428 249 461 et
271 435 494 475 expressam
521 420 702 469 obtinuit,
736 427 860 473 potest
884 420 1082 473 quicquam
1113 435 1157 460 ea
1189 435 1230 460 re
1261 434 1347 461 esse
1378 419 1622 475 perversius?

226 488 280 528 At
319 488 430 527 ctiam
473 489 586 527 fatum
629 486 736 526 nobis
776 485 932 536 obiicis‚
978 501 999 527 a
1040 501 1112 540 quo
1150 488 1275 527 onmia
1314 488 1617 542 proficiscantur,
1647 499 1792 543 capffss.

116 568 212 609 quae
247 563 319 594 tam
352 555 491 594 homini
531 567 639 607 qnam
673 552 836 591 caeteris
869 553 982 592 rebus
1017 553 1205 594 accidunt.
1266 552 1411 595 Verum
1449 569 1525 595 uno
1558 568 1622 595 eo-

117 636 189 677 que
219 622 445 662 brevissimo
476 621 575 660 dicto
606 627 708 659 tuum
739 618 826 658 ittud
867 627 1120 659 commentum
1156 629 1377 662 evanescet.
1439 619 1482 662 Si
1522 622 1620 661 enim

116 690 215 730 istud
246 691 388 743 ipsum,
420 687 627 741 sapientem
659 699 702 725 ac
729 685 950 739 prudentem
980 686 1082 736 lieri,
1115 687 1274 727 rationis
1304 688 1523 742 participem
1555 702 1624 729 ex-

118 763 338 811 pertemque
369 755 494 805 nasci,
526 753 745 805 reliquaque
768 752 878 791 huius
901 752 1055 805 generis
1085 753 1150 792 fati
1179 757 1389 794 necessitas
1415 755 1539 804 affert,
1573 755 1625 795 si-

119 823 222 863 leant
252 824 401 862 decreta
430 821 554 873 legum
585 820 733 868 omnia,
774 819 908 874 quippe
939 833 1022 859 cum
1053 819 1093 859 in
1123 820 1316 859 adulteros
1344 821 1625 875 sceleratosque

121 898 295 929 caeteros
329 888 390 927 fati
429 887 488 925 vis
524 886 587 926 illa
619 886 847 926 dominetur.
911 884 1014 927 Sane
1049 886 1198 940 quidem
1231 887 1367 927 iustius
1407 888 1453 926 ab
1489 889 1623 939 stellis,

123 971 218 1010 quae
245 954 507 996 necessitatem
532 953 705 1007 pariunt,
746 967 891 1007 poenae
917 961 1138 1007 repetantur
1165 968 1275 1007 quam
1305 954 1351 993 ab
1376 967 1421 994 eo
1448 954 1508 1006 qui
1531 958 1629 1007 quod

126 1025 203 1076 agit
234 1022 383 1063 omnino
414 1027 568 1060 coactus
600 1020 834 1074 aggreditur.
894 1020 1022 1074 Atque
1047 1028 1087 1060 ut
1106 1021 1141 1060 id
1163 1021 1234 1060 alia
1256 1021 1404 1061 ratione
1428 1021 1627 1075 disputem,

124 1092 154 1132 si
189 1091 236 1129 ita
263 1089 312 1128 uti
339 1087 472 1127 volunt
503 1101 546 1126 se
574 1101 637 1126 res
662 1087 798 1137 habet,
841 1089 1000 1140 agedum
1028 1087 1182 1127 scholae
1207 1088 1489 1137 conticescant,
1533 1088 1632 1127 desi-

127 1164 216 1198 nant
244 1155 458 1209 sophistae,
490 1154 689 1204 rhetores,
720 1155 982 1208 grammatici,
1016 1155 1172 1205 medici,
1213 1161 1465 1208 caeteraeque
1495 1155 1633 1194 doctri-

128 1238 198 1266 nae
229 1235 385 1270 omucs,
430 1222 668 1261 illiberalinm
709 1222 844 1261 artium
878 1222 1077 1262 innumera
1108 1222 1321 1262 multitudo.
1381 1221 1468 1262 'Nec
1499 1222 1634 1261 doceat

125 1292 302 1344 deinceps
324 1288 531 1343 quispiam3
565 1289 595 1329 si
620 1289 767 1343 quidem
791 1290 856 1329 fati
877 1289 1081 1340 beneficio,
1106 1304 1182 1329 nou
1202 1289 1398 1329 literarum
1418 1288 1630 1342 disciplina,

123 1358 255 1412 generi
288 1357 451 1397 humano
482 1356 641 1396 scientia
673 1357 900 1411 suppeditat.
959 1355 1061 1397 Nam
1095 1355 1128 1396 si
1160 1356 1292 1396 doctos
1323 1365 1436 1410 atque
1464 1356 1633 1396 eruditos

121 1425 275 1465 efficere
301 1424 367 1464 sati
391 1424 602 1464 necessitas
627 1430 774 1478 potest,
817 1438 928 1464 nemo
952 1423 1189 1478 praeceptori
1213 1431 1328 1463 navet
1349 1437 1526 1478 operam,
1567 1424 1634 1463 sed

121 1493 206 1533 illae
237 1491 399 1531 stamina
430 1491 623 1531 trabentes
645 1489 792 1531 Parcae
820 1491 974 1544 ingenia
1001 1490 1192 1530 hominum
1219 1491 1426 1545 disciplinis
1449 1491 1631 1541 imbuant,

121 1559 433 1613 quemadmodum
463 1557 568 1598 inani
597 1558 767 1613 falsoque
800 1558 864 1598 illo
896 1559 1070 1612 dogmate
1102 1557 1308 1612 profiteris.

516 1717 615 1765 DE
682 1716 1220 1777 PLATONIGIS,

313 1812 419 1858 quae
457 1801 523 1844 est:
557 1796 747 1843 haeresis
786 1795 1019 1843 Gentilium
1041 1796 1146 1856 IV„
1182 1796 1333 1843 ordine
1359 1793 1437 1842 VI.

231 1896 339 1936 Haec
369 1904 501 1936 eontra
531 1895 727 1936 Zenonem
759 1903 794 1935 et
823 1894 976 1937 Stoicos
1008 1896 1107 1936 dicta
1136 1903 1266 1936 sunto.
1328 1893 1439 1948 Quod
1470 1896 1514 1935 ad
1542 1894 1629 1936 Pta—
1658 1904 1731 1946 Cap.
1758 1906 1781 1936 Ι.

122 1971 248 2004 tonem
281 1963 438 2013 attinet,
481 1963 517 2003 in
550 1964 680 2003 eodem
712 1964 743 2003 is
774 1964 851 2003 luto
882 1970 1070 2004 versatur.
1130 1962 1231 2003 Nam
1263 1964 1308 2003 de
1339 1963 1548 2003 animarum
1580 1977 1630 2003 ex

121 2031 204 2072 aliis
233 2031 270 2071 in
301 2031 372 2071 alia
405 2045 565 2086 corpora
596 2031 818 2071 traiectione
848 2045 892 2070 ac
920 2030 1203 2079 vicissitudine,
1246 2031 1366 2084 deque
1394 2031 1629 2071 multitudine

122 2100 277 2139 deornm
317 2113 361 2139 ac
396 2098 552 2152 reliquis
592 2098 827 2138 idololatriae
863 2086 1218 2152 superstitionisque
1255 2098 1461 2151 generibus
1498 2099 1629 2138 eadem

123 2173 183 2206 est
214 2167 313 2206 illius
349 2166 554 2206 sententia.
615 2164 691 2205 Sed
727 2166 771 2205 de
801 2165 955 2206 materia
979 2167 1142 2205 fortasse
1167 2180 1242 2205 non
1267 2165 1421 2205 omnino
1445 2180 1528 2205 cum
1554 2164 1629 2205 Ze-

123 2248 223 2274 none
245 2233 463 2287 Stoicisqne
486 2233 616 2272 sentit.
677 2231 827 2272 Etenim
850 2234 957 2273 deum
980 2234 1041 2273 ille
1063 2233 1258 2286 cognovit,
1285 2233 1330 2272 ab
1352 2246 1472 2286 eoque
1493 2240 1629 2272 cuncta

123 2302 328 2354 producta,
362 2308 439 2340 tum
459 2307 606 2339 mentes
628 2302 806 2352 quasdam
829 2301 962 2354 agendi
990 2301 1167 2340 facultate
1188 2300 1377 2354 praeditas
1399 2315 1420 2339 a
1443 2313 1535 2340 vero
1559 2300 1629 2339 deo

123 2375 348 2422 propagatas
377 2369 555 2408 asseruit.
614 2365 822 2407 Praeterea
846 2369 1004 2422 primum
1029 2382 1115 2408 esse
1139 2367 1385 2422 principium,
1429 2382 1472 2406 ac
1491 2381 1629 2406 secun—

124 2436 232 2484 dum,
275 2443 313 2474 et
333 2435 499 2475 tertium.
562 2432 732 2486 Quorum
757 2435 912 2489 primum
938 2436 1046 2474 deum
1071 2449 1157 2475 esse
1181 2435 1426 2489 pronunciat,
1468 2435 1626 2474 alterum

123 2510 344 2557 procreatas
375 2516 394 2542 a
422 2503 492 2542 deo
515 2509 685 2551 mentes,
730 2503 775 2542 ab
804 2504 973 2556 utrisque
996 2504 1142 2542 demum
1168 2501 1363 2542 materiam
1389 2502 1625 2556 productam.

123 2568 190 2610 Sic
213 2571 312 2610 enim
339 2570 487 2610 definit:
521 2569 666 2608 coelum
691 2584 772 2609 cum
801 2577 968 2624 tempore
994 2572 1133 2610 sactum
1157 2583 1268 2620 esse,
1299 2582 1449 2623 unaque
1472 2583 1554 2608 cum
1583 2582 1628 2608 eo

124 2637 346 2678 dissolutum
370 2637 433 2677 iri.
494 2635 642 2689 Quibus
671 2637 797 2678 verbis
822 2639 985 2692 priorem
1010 2652 1116 2678 snam
1145 2638 1190 2677 de
1213 2637 1373 2676 materia
1400 2636 1627 2676 sententiam

124 2705 277 2745 evertit.
324 2705 434 2745 Alias
459 2704 557 2744 enim
583 2704 778 2744 materiam
806 2705 875 2745 deo
901 2705 1096 2759 aequalem
1122 2718 1208 2745 esse
1232 2711 1402 2758 tempore
1426 2710 1625 2744 statuerat.

195 3037 306 3073 Corpus
324 3038 490 3067 Ham-estol.
509 3040 543 3067 tt.
1335 3047 1358 3082 4
