2034 3267
586 212 795 243 EPISTOLA
827 212 882 243 AD
907 211 1192 243 EPIPIIANIUM.
1625 205 1647 242 5

126 288 212 330 Hoc
236 290 336 329 enim
367 302 591 342 persuasum
618 289 822 341 habemus,
855 290 887 331 si
914 290 1063 344 quidem
1092 303 1266 331 essemus
1287 290 1412 343 digni,
1446 291 1648 331 venientes

126 357 173 396 ad
198 363 234 396 te
256 363 294 396 et
319 355 518 396 audientes
545 371 614 396 nos
641 357 677 396 in
704 371 750 396 eo
773 356 978 396 sanctioris
1002 357 1105 397 vitae
1127 370 1272 409 genere
1295 357 1392 410 quod
1420 356 1648 410 arripuimus

126 425 390 464 confirmatum
420 424 487 473 iri,
532 424 733 463 dummodo
757 431 972 463 extremum
1006 424 1106 463 illius
1137 439 1181 463 ac
1212 439 1398 464 summum
1430 439 1648 465 mereamur

125 491 293 544 assequi.
356 489 669 544 Quandoquidem
697 490 812 542 igitur
836 490 997 529 adversa
1025 491 1241 531 valetudine
1268 492 1496 545 premimur,
1529 493 1647 545 pieta-

124 565 199 598 tem
227 565 326 598 tuam
350 558 600 598 vehementer
620 570 796 605 oramus,
830 563 870 595 ut
895 570 1025 595 eorum
1050 557 1159 596 nobis
1185 558 1490 598 communionem
1515 573 1564 599 ne.
1587 558 1645 599 in-

123 626 255 666 videas
287 639 382 678 qnae
413 626 450 665 in
476 631 511 664 te
534 637 672 664 revera
699 629 788 662 sunt
814 637 834 662 a
858 623 1055 662 salvatore
1079 624 1233 664 collata.
1293 624 1448 665 Etenim
1475 640 1551 666 uon
1575 641 1645 666 nos

122 693 195 747 ipsi
229 694 372 743 solum,
417 693 482 732 sed
515 698 553 731 et
584 690 778 739 universi,
823 691 885 743 qui
919 690 1144 740 audierunt,
1187 704 1327 731 novum
1364 699 1402 732 te
1429 693 1643 747 apostolum

121 773 427 815 praeconemque
451 758 679 798 confitentur
700 770 720 795 a
745 754 903 797 Christo
928 756 1037 796 nobis
1062 756 1133 796 hac
1154 764 1280 797 aetate
1306 759 1544 812 productum,
1577 775 1644 801 ve-

121 828 176 868 lut
207 828 366 867 alterum
395 826 580 880 quendam
608 823 814 873 loannem,
859 831 900 864 ut
930 837 976 863 ea
1007 824 1250 877 praeciperes
1281 839 1377 878 quae
1408 826 1454 866 ab
1484 827 1532 868 iis
1562 842 1644 868 ser-

121 895 245 935 vanda
276 900 365 934 sunt
393 893 454 946 qui
486 905 574 932 sese
603 891 641 930 in
671 891 759 931 illud
786 891 1015 931 curriculum
1041 891 1318 932 commiserint.
1381 891 1641 946 Quamobrem

122 977 204 1002 cum
231 960 437 1002 Marcellus
467 958 678 999 communis
705 965 877 998 nostrum
907 959 1075 998 omnium
1107 960 1226 999 frater
1254 966 1384 1000 tantae
1416 962 1538 1002 famae
1566 977 1644 1002 ma-

120 1029 315 1082 gnitudine
343 1026 559 1066 stimulatus
590 1026 635 1066 ad
663 1033 699 1066 te
724 1025 877 1080 pietatis
904 1033 992 1066 tuae
1020 1026 1211 1067 desiderio
1237 1028 1479 1078 traheretur,
1525 1029 1644 1069 idem-

120 1110 191 1150 que
221 1094 455 1134 monasterio
481 1101 614 1133 nostro
642 1101 748 1133 esset
773 1093 1008 1148 adscriptus,
1054 1093 1246 1134 homiuem
1275 1096 1374 1134 nacti
1402 1096 1462 1149 qui
1493 1096 1642 1149 longin-

120 1163 258 1217 quitate
287 1168 395 1201 tanta
422 1161 573 1201 itineris
604 1167 736 1200 nostra
766 1162 852 1201 vice
878 1162 1124 1215 fungeretur,
1169 1163 1302 1202 rudem
1333 1163 1455 1203 adhuc
1482 1170 1520 1203 et
1550 1163 1642 1203 tiro-

118 1244 226 1278 nem,
269 1229 355 1268 huie
382 1229 453 1282 ipsi
481 1235 747 1283 peccatorum,
780 1228 947 1268 omnium
975 1229 1155 1269 videlicet
1180 1237 1374 1281 nostrum,
1418 1231 1644 1285 postulatio-

115 1311 202 1338 nem
225 1297 271 1336 ad
297 1304 333 1336 te
359 1294 504 1337 Christi
530 1296 754 1350 discipulum
778 1296 1068 1350 perferendam,
1103 1297 1214 1351 paulo
1241 1311 1324 1337 eam
1350 1298 1501 1352 quidem
1526 1299 1645 1339 auda-

115 1365 280 1414 ciorem,
314 1364 593 1403 mandavimus.
654 1362 858 1404 Petilionis
884 1377 998 1418 porro
1023 1371 1180 1404 nostrae
1205 1379 1354 1405 summa
1378 1365 1473 1406 haec
1496 1373 1569 1416 est,
1603 1374 1643 1406 ut

115 1446 211 1486 quae
235 1431 427 1471 nonnullis
453 1431 632 1471 fratribus
659 1431 812 1481 dixisti,
854 1445 900 1471 ea
926 1431 971 1470 ad
998 1438 1168 1471 nostram
1195 1431 1477 1472 institutionem
1500 1433 1642 1488 imper-

113 1499 176 1539 tiri
202 1513 278 1539 non
302 1499 493 1553 graveris.
557 1497 667 1551 Quod
691 1505 731 1538 ut
756 1497 822 1538 tibi
843 1498 986 1538 homini
1011 1499 1112 1538 iusto
1134 1500 1335 1540 molestum
1362 1515 1437 1540 non
1460 1501 1554 1551 erit,
1589 1501 1641 1541 ita

113 1567 224 1608 nobis
258 1566 547 1620 peccatoribus,
590 1566 622 1605 si
652 1566 857 1620 impetrare
887 1566 1147 1620 potuerimus,
1190 1566 1386 1620 ingentem
1418 1569 1454 1608 in
1487 1569 1640 1609 domino

112 1634 297 1675 laetitiam
328 1648 372 1674 ao
401 1634 635 1688 voluptatem
668 1634 829 1673 adferet.
892 1631 989 1674 Cum
1015 1634 1113 1673 enim
1137 1634 1371 1688 spiritalibus
1399 1636 1473 1676 tuis
1493 1650 1641 1676 sermo-

113 1702 225 1742 nibus
253 1702 457 1752 satiamur,
499 1701 741 1755 iniquitatum
767 1708 984 1741 nostrarum
1012 1714 1131 1741 onere
1157 1702 1420 1743 sublevamur.
1483 1704 1542 1743 Ae
1572 1719 1639 1743 no-

113 1770 216 1810 mina
241 1770 392 1824 quidem
417 1769 494 1823 ipsa
511 1801 521 1819 ,
563 1782 660 1822 quae
683 1783 703 1808 a
727 1775 763 1808 te
788 1775 877 1809 sunt
900 1769 1126 1809 haeresibus
1149 1769 1351 1824 imposita,
1392 1770 1468 1810 iam
1491 1771 1640 1811 audivi-

113 1852 213 1878 mus.
273 1836 390 1877 Nunc
420 1836 719 1889 uniuscuiusque
750 1843 878 1876 sectae
909 1837 1046 1890 dogma
1075 1837 1275 1891 perspicue
1305 1838 1493 1878 declarari
1521 1853 1541 1878 a
1575 1846 1638 1879 tua

111 1905 254 1960 pietate
279 1905 465 1959 cupimus.
527 1903 613 1943 Hoc
641 1903 740 1943 enim
765 1917 964 1944 commune
992 1918 1042 1944 ex
1065 1918 1187 1958 aequo
1213 1905 1352 1945 donum
1378 1913 1437 1946 est
1463 1906 1639 1947 omnibus

112 1974 296 2013 futurum.
359 1971 461 2012 Tum
483 1972 572 2012 illud
599 1972 714 2011 enixe
737 1985 936 2025 rogamus,
969 1979 1010 2011 ut
1035 1986 1103 2026 pro
1129 1973 1339 2023 universis,
1374 1974 1435 2027 qui
1463 1974 1514 2013 tui
1538 1974 1638 2013 desi-

111 2040 218 2080 derio
245 2046 445 2090 tenentur,
492 2039 629 2093 quique
655 2039 743 2079 illud
772 2053 792 2078 a
820 2045 855 2078 te
881 2053 1018 2079 munus
1043 2046 1274 2094 expectant,
1321 2047 1384 2092 tu,
1428 2041 1491 2095 qui
1513 2040 1637 2081 iustus

110 2122 176 2157 es,
220 2107 413 2147 dominum
444 2107 628 2162 preceris.
691 2105 847 2146 Interim
879 2120 949 2147 nos
975 2106 1013 2146 in
1042 2107 1188 2147 ieiunio
1218 2114 1256 2147 et
1278 2108 1454 2148 oratione
1477 2109 1520 2149 ad
1546 2109 1636 2149 illud

110 2174 359 2215 obtinendum
381 2174 621 2229 persistimus
651 2179 692 2213 ut
716 2174 834 2213 frater
861 2174 924 2214 ille
959 2181 1092 2215 noster
1119 2175 1286 2229 henigne
1317 2190 1338 2215 a
1370 2183 1406 2216 te
1433 2184 1636 2231 susceptus

110 2250 307 2297 acceptum
332 2241 421 2282 illud
448 2256 585 2282 munus
610 2241 655 2280 ad
679 2255 748 2280 nos
770 2249 966 2295 reportet,
1000 2249 1114 2296 atque
1136 2243 1186 2282 ita
1209 2243 1302 2292 deo,
1337 2243 1455 2298 patri,
1490 2243 1564 2284 filio
1590 2258 1634 2283 ac

109 2310 259 2365 spiritui
282 2317 415 2350 sancto
437 2309 570 2349 solitas
596 2322 730 2363 preces
754 2308 975 2350 offeramus.
1038 2308 1186 2351 Omnes
1212 2311 1334 2350 nostri
1357 2311 1496 2351 fratres
1521 2311 1633 2351 valde

108 2378 303 2418 confidunt
335 2377 430 2417 fusis
459 2391 479 2417 a
513 2383 548 2416 te
579 2390 647 2430 pro
671 2375 761 2429 ipsis
786 2377 963 2431 precibus
990 2391 1077 2418 sese
1106 2392 1340 2432 magnopere
1369 2379 1632 2418 confirmatum

106 2444 170 2484 iri.
233 2442 401 2484 Oramus
431 2451 468 2484 te
499 2451 540 2484 ut
571 2443 634 2496 qui
658 2443 821 2483 divinam
850 2445 1109 2499 apostolorum
1131 2446 1293 2499 gratiam
1316 2453 1547 2486 consecutus
1571 2461 1628 2495 es,

108 2512 207 2566 quod
240 2512 404 2566 petimus
437 2526 484 2551 ne
515 2511 686 2550 tribuere
712 2511 919 2552 cuncteris.
980 2511 1116 2553 Pusilli
1142 2527 1299 2564 omnes,
1346 2513 1409 2567 qui
1434 2514 1472 2554 in
1500 2528 1631 2553 mona-

106 2579 236 2619 steriis
260 2579 426 2632 degunt,
469 2579 579 2618 deum
610 2585 839 2632 precantur,
879 2587 921 2619 ut,
950 2594 972 2620 a
998 2587 1033 2619 te
1058 2580 1229 2634 spiritale
1255 2581 1393 2621 donum
1419 2581 1507 2621 illud
1534 2580 1632 2620 obti-

106 2653 237 2686 neant.
297 2645 442 2687 Valere
471 2653 506 2685 te
532 2645 569 2685 in
595 2645 748 2685 domiuo
772 2660 817 2686 ac
841 2647 980 2687 laetum
1005 2647 1158 2687 assidue
1185 2648 1326 2702 degere
1352 2655 1527 2702 optamus
1550 2648 1630 2702 plu-

106 2713 268 2764 rimum,
309 2720 347 2753 et
372 2713 616 2753 commissum
651 2712 717 2752 tibi
744 2713 920 2754 thronum
952 2715 991 2755 in
1022 2715 1156 2768 spiritu
1182 2722 1340 2766 sancto,
1384 2715 1629 2770 divinumque

107 2781 203 2820 tueri
236 2794 397 2830 munus,
444 2781 567 2821 donec
600 2793 682 2820 eam
715 2769 827 2834 quaes
843 2788 881 2822 te
913 2789 1043 2823 manet
1073 2796 1256 2823 coronam
1286 2785 1324 2822 in
1355 2783 1464 2823 coelo
1493 2796 1630 2822 conse-

108 2861 250 2900 quarls.
