2034 3267
217 890 281 917 pag.
294 881 352 908 338.

371 175 449 215 616
930 175 1088 208 εΑΝσΤι
1111 175 1334 208 EPIPHANH

371 257 584 298 ἀπολέσθαι
607 256 676 303 ἔξω
695 251 958 308 Ἰερουσαλήμ·
989 254 1055 294 καὶ
1079 251 1137 303 τό,
1165 250 1425 307 Ἰερουσαλὴμ,
1452 250 1715 308 Ἰερουσαλήμ,
1747 253 1772 307 ἡ
1796 252 1889 296 ἄπο-

370 327 571 366 κτείνουσα
594 321 684 370 τούς
707 323 932 375 προφήτας,
973 321 1039 361 καὶ
1062 323 1324 374 λιθοβολοῦσα
1348 319 1439 369 τούς
1463 318 1785 375 ἀπεσταλμένους·
1825 322 1890 362 καὶ

1183 386 1194 401 Γ
1250 386 1270 401 5!

371 391 435 442 τὸ,
478 389 671 438 Πολλάκις
700 388 873 443 ἠθέλησα
909 387 1133 437 ἐπισυνάξαι
1164 406 1215 436 ως
1249 405 1355 442 ορνις
1382 386 1428 428 τά
1463 389 1577 430 τέκνα
1601 403 1689 431 σου·
1733 391 1797 431 καὶ
1831 388 1889 440 vd,

368 458 539 511 Ἀφίεται
572 457 665 511 ὑμῖν
700 457 722 500 ὁ
751 455 860 506 οἶκος
889 455 1016 509 ὑμῶν·
1056 457 1122 497 καὶ
1157 454 1220 506 τό,
1266 453 1323 496 Οὔ
1354 453 1406 508 μή
1436 456 1541 508 ἴδητέ
1571 473 1635 509 με,
1678 459 1808 506 11ἕως
1844 452 1891 499 οὗ

372 530 523 580 εἷ’πητε,
555 525 839 581 Εὐλογημένος.
1358 524 1360 526 ’

470 593 624 648 ”Elem
647 593 719 647 μα’.
751 593 856 648 ΓὈρα
873 591 943 646 τήν
962 590 1153 644 τοσαύτην
1171 590 1328 645 τόλμαν,
1360 590 1487 644 πόσην
1506 597 1671 633 ποιεῖται
1689 590 1892 648 άφαίρεσιν

371 667 439 705 τοῦ
461 660 698 718 εὐαγγελίου·
745 660 796 711 ὥς
827 663 863 702 εἷ’
888 678 945 709 τις
972 659 1072 717 λάβῃ
1099 664 1196 710 ζῶον
1217 661 1281 701 καὶ
1307 660 1444 717 ἐκτέμῃ
1473 658 1566 701 mind
1599 659 1750 701 12κατά
1772 659 1892 713 ἥμισυ

369 736 439 772 τοῦ
471 729 668 783 σώματος,
712 731 777 771 καὶ
808 730 849 771 ἐν
879 733 931 785 τῷ
959 726 1084 781 ἡμίσει
1115 726 1206 776 τούς
1231 726 1467 783 ἀγνοοῦντας
1491 725 1711 781 πειράσεται
1741 730 1892 769 πείθειν

372 803 524 840 τοιοῦτο
558 795 651 839 εἶναι
682 797 724 839 τό
755 802 854 847 ζῶον
883 797 1021 852 λέγων,
1052 797 1117 837 καὶ
1148 795 1267 849 μηδὲν
1298 794 1362 836 ἄπ’
1393 794 1514 837 αὐτοῦ
1547 794 1813 850 ἀφαιρεῖσθαι.

485 865 597 919 Σχόλ.
619 865 692 919 μβ’.
738 864 863 906 Πάλιν
883 865 1085 917 παρέκοψε
1106 868 1235 905 πᾶσαν
1254 862 1325 917 τήν
1345 861 1570 919 παραβολήν
1590 867 1668 904 τῶν
1686 862 1756 905 δύο
1782 865 1892 914 υἱῶν,

373 939 442 976 τοῦ
467 933 670 987 εἰληφότος
690 932 732 975 τὸ
758 933 873 988 μέρος
893 936 969 973 τῶν
990 930 1242 987 ὑπαρχόντων
1268 937 1281 960 ¹
1294 936 1310 960 3
1324 933 1390 973 καὶ
1410 930 1568 980 άσώτως
1585 930 1892 985 δαπανήσαντος,

374 1004 439 1044 καὶ
468 1008 537 1044 τοῦ
568 1001 692 1043 ἔέλλου.

472 1068 626 1124 ”Ελεγχ.
653 1068 727 1123 μβ’.
777 1067 902 1110 Οὐδὲν
935 1070 1069 1109 διοίσει
1099 1066 1140 1109 τὸ
1179 1065 1401 1109 άκόλουθον
1434 1072 1502 1121 τῆς
1532 1069 1782 1124 ῥᾳδιουργίας
1818 1064 1894 1109 άπὸ

375 1144 450 1180 τῶν
472 1137 660 1193 πρότερον
681 1138 804 1193 ἑαυτῷ
822 1137 1119 1189 τετολμημένων.
1178 1133 1334 1192 “Εαυτῷ
1356 1135 1396 1176 δὲ
1416 1134 1457 1176 το“
1481 1134 1680 1189 ἐπιζήμιον
1702 1134 1894 1192 ἐπάγεται,

375 1205 564 1260 μενούσης
593 1210 662 1259 τῆς
689 1203 787 1246 κατά
817 1202 914 1245 θεὸν
945 1202 1138 1256 ἀληθείας.

484 1343 595 1395 Σχόλ.
621 1339 693 1395 μγ’.
733 1338 777 1381 Ὁ
807 1338 925 1392 νόμος
949 1339 1014 1380 καὶ
1041 1340 1081 1380 οἵ
1098 1343 1295 1394 προφῆται
1322 1340 1394 1388 ἕως
1413 1337 1614 1391 Ἰωάννου,
1652 1340 1719 1381 καὶ
1743 1344 1819 1389 πᾶς
1842 1341 1896 1389 εἷς

376 1408 496 1463 αὐτὴν
525 1408 703 1462 βιάζεται.

473 1476 626 1532 ”Ελεγχ.
651 1475 721 1531 μγ’.
766 1477 821 1516 Εἰ
840 1473 962 1528 νόμον
980 1473 1130 1525 τάσσει,
1169 1476 1235 1516 καὶ
1258 1474 1462 1529 προφήτας
1487 1473 1690 1525 ἀποκαλεῖ,
1729 1477 1795 1518 καὶ
1821 1475 1894 1518 οὐκ

377 1544 538 1599 άνομίαν
556 1548 667 1598 δηλοῖ
684 1543 748 1586 τόν
767 1542 900 1596 νόμον,
936 1541 1026 1584 οὐδὲ
1046 1542 1381 1598 ψευδοπροφήτας
1403 1542 1541 1595 φάσκει
1562 1542 1654 1593 τούς
1677 1543 1894 1599 προφήτας,

377 1619 512 1666 σαφῶς
542 1611 779 1668 ὁμολογεῖται
809 1612 1138 1666 μεμαρτυρηκέναι
1169 1609 1236 1652 τόν
1266 1616 1420 1667 σωτῆρα
1445 1618 1526 1661 τοῖς
1553 1611 1790 1667 προφήταις,
1831 1614 1897 1655 καὶ

378 1684 565 1724 δέδεικται
595 1679 647 1730 ὥς
675 1681 763 1735 περὶ
794 1677 913 1721 αὐτοῦ
942 1680 1249 1735 προεφήτευσαν.

489 1815 600 1870 Σχόλ.
627 1815 698 1868 μδ’.
746 1816 843 1870 Περὶ
874 1820 944 1857 τοῦ
975 1818 1162 1857 πλουσίου
1198 1816 1264 1857 καὶ
1294 1813 1481 1870 Λαζάρου
1513 1819 1582 1857 τοῦ
1617 1821 1793 1870 πτωχοῦ,
1838 1816 1898 1859 ὅτι

379 1884 580 1938 άπηνέχθη
610 1881 687 1924 ὑπὸ
719 1888 795 1924 τῶν
826 1881 993 1938 άγγέλων
1023 1885 1075 1932 εἰς
1104 1883 1170 1925 τόν
1199 1882 1346 1926 κόλπον
1372 1881 1558 1938 Ἁβραάμ.

478 1952 631 2006 ”Ελεγχ.
655 1950 728 2003 μδ’.
770 1949 896 2001 Ἰδού,
928 1952 993 1992 καὶ
1014 1953 1053 1992 ἐν
1075 1956 1163 2001 ζῶσι
1183 1953 1246 1993 καὶ
1268 1952 1586 2006 μακαριζομένοις
1608 1953 1674 1993 καὶ
1699 1953 1740 1994 ἐν
1761 1957 1894 2008 κληρο-

381 2024 495 2077 νομία
518 2018 770 2067 ἀναπαύσεως
791 2016 812 2060 ὁ
834 2017 1008 2073 Ἁβραάμ
1029 2017 1105 2061 ino*
1129 2024 1197 2061 τοῦ
1222 2022 1359 2074 κυρίου
1384 2020 1648 2074 ἐγκατελέχθη,
1680 2021 1747 2061 καὶ
1767 2020 1894 2071 Λάζα-

380 2107 448 2143 ρος
483 2090 523 2130 ἐν
553 2086 712 2134 κόλποις
746 2085 866 2128 αὐτοῦ
899 2089 1136 2139 κατηξίωται.
1198 2088 1351 2140 Μηκέτι
1382 2089 1532 2138 τοίνυν,
1575 2091 1790 2142 Μαρκίων,
1830 2087 1898 2130 τόν

378 2155 552 2212 Ἁβραάμ
575 2153 813 2207 βλασφήμει,
844 2152 910 2195 τόν
934 2155 1136 2209 ἐπιγνόντα
1157 2153 1224 2196 τὸν
1247 2156 1386 2197 ἑαυτοῦ
1412 2156 1622 2208 δεσπότην,
1653 2157 1717 2196 καὶ
1740 2155 1898 2198 εἰπόντα

382 2223 505 2281 αὐτῷ,
550 2222 689 2278 Κύριε,
731 2220 752 2264 ὁ
776 2225 919 2277 κρίνων
941 2227 1068 2264 πᾶσαν
1091 2221 1160 2276 τήν
1184 2225 1266 2278 γῆν.
1322 2221 1430 2264 Ἰδοῦ
1455 2222 1549 2279 γάρ,
1590 2221 1654 2264 ’ὑπ’
1681 2221 1803 2265 αὐτοῦ
1828 2230 1899 2267 τοῦ

386 2295 525 2346 κυρίου
545 2289 796 2346 ἐμαρτυρήθη
819 2287 915 2331 εἶναι
937 2292 1098 2341 δίκαιος,
1128 2292 1193 2332 καὶ
1214 2289 1284 2332 οὐκ
1307 2289 1502 2346 ἀλλότριος
1521 2295 1591 2345 τῆς
1609 2290 1716 2346 παρά
1735 2297 1807 2333 τοῦ
1826 2306 1898 2335 σω-

384 2365 498 2415 τῆρος
529 2359 809 2412 ἐπαινουμένης
838 2362 946 2410 ζωῆς.

494 2425 607 2480 Σχόλ.
633 2426 698 2479 με’.
746 2430 835 2467 Νῦν
865 2425 905 2466 δὲ
936 2420 1010 2466 ὦδε
1039 2431 1314 2481 παρακαλεῖται
1344 2424 1366 2467 ό
1396 2424 1513 2475 αὐτός
1542 2425 1732 2482 Λάζαρος.

482 2493 644 2549 ”Ελεγχ.
668 2493 734 2547 με’.
778 2495 834 2534 Εἰ
852 2499 1122 2548 παρακαλεῖται
1145 2493 1326 2549 Λάζαρος
1355 2496 1395 2535 ἐν
1414 2493 1572 2543 κόλποις
1599 2492 1796 2549 Ἀβραάμ,
1827 2493 1898 2536 οὐκ

385 2561 492 2611 ἐκτὸς
521 2567 589 2615 τῆς
618 2563 894 2618 παρακλήσεως
922 2566 990 2614 τῆς
1019 2566 1118 2614 ζωῆς
1148 2560 1309 2616 ὑπάρχει
1340 2561 1363 2603 ό
1390 2560 1574 2617 Ἀβραάμ.

495 2629 606 2683 Σχόλ.
634 2629 702 2683 μς’.
742 2627 865 2671 Εἶπεν
883 2627 1075 2683 Ἁβραάμ,
1095 2628 1265 2683 ’Έχουσι
1284 2631 1462 2671 Μωϋσέα
1483 2631 1550 2672 καὶ
1570 2628 1659 2679 τούς
1678 2629 1897 2685 προφήτας,

387 2696 665 2739 άκουσάτωσαν
689 2696 834 2748 αὐτῶν,
866 2698 948 2738 ἐπεὶ
971 2695 1061 2738 οὐδὲ
1082 2702 1151 2738 τοῦ
1177 2698 1421 2753 ἐγειρομένου
1445 2696 1521 2739 άπὸ
1546 2702 1692 2753 νεκρῶν
1724 2696 1898 2740 Ῑ4άκού-

387 2781 528 2808 σθυσιν.

485 2833 639 2889 ”Ελεγχ.
666 2832 736 2886 μς’.
786 2831 865 2886 Οὐχ
898 2829 949 2881 ὥς
981 2833 1034 2873 ἔτι
1067 2833 1107 2873 ἐν
1135 2836 1188 2889 τῷ
1224 2831 1356 2890 κόσμῳ
1391 2832 1446 2875 ὢν
1474 2834 1541 2875 καὶ
1571 2831 1624 2882 ὥς
1653 2831 1897 2888 ήπατημένος

435 2939 483 2969 ll.
510 2940 612 2978 Supra
637 2936 701 2974 ἕως
725 2937 848 2979 εἴπητε.

437 2982 483 3015 12.
508 2981 593 3016 κατὰ
615 2985 755 3023 rescripsi
776 2992 833 3023 pro
857 2980 913 3015 καὶ
937 2978 992 3021 τὸ,
1016 2982 1096 3021 quod
1118 2984 1209 3021 vulgo
1231 2984 1263 3014 in
1286 2984 1369 3014 libris
1393 2985 1483 3014 extat.
