2034 3267
198 2083 264 2112 pag.
282 2074 340 2102 365.

346 141 424 180 664
906 139 1066 173 εΑΝοΤΙ
1088 140 1311 174 EPJPHANH

344 229 482 266 τεῦθεν
501 220 527 275 ή
550 220 657 275 ἀρχή.
717 221 773 260 Εἰ
792 220 925 260 τοίνυν
948 216 1026 259 ἀπὸ
1051 216 1136 259 τότε
1156 215 1183 270 ἡ
1203 216 1302 273 γυνὴ
1323 216 1494 274 ὖπετοῖγη
1516 222 1558 263 ἐκ
1578 221 1870 278 προςτάγματος

345 295 444 332 θεοῦ
463 294 515 346 τῷ
535 287 661 342 ἀνδρὶ,
691 289 757 328 καὶ
778 285 1010 334 ἀκολούθως
1032 283 1053 327 6
1072 283 1284 334 ἀπόστολος
1303 287 1595 332 καθυποτάσσει
1614 289 1773 343 ταύτην,
1797 288 1870 331 οὐκ

347 358 556 405 ἀντιθέτως
587 361 639 413 τῷ
665 354 868 408 ποιήσαντι
897 352 963 395 τόν
989 352 1206 407 ἄνθρωπον
1234 355 1300 395 καὶ
1322 353 1392 407 τήν
1416 362 1584 409 γυναῖκα
1607 362 1711 414 θεῷ,
1753 356 1871 406 αὐτὸς

342 425 505 469 κελεύων
528 426 721 465 δείκνυσιν
747 421 959 472 ἐξάπαντος
985 421 1043 463 ὅτι
1066 426 1135 462 τοῦ
1160 419 1282 463 αὐτοῦ
1302 427 1402 464 θεοῦ
1423 420 1586 478 ὐπάρχει
1609 422 1632 465 ὅ
1657 423 1872 474 ἀπόστολος

345 494 567 546 νομοθέτης
588 496 710 542 θεοῦ,
743 485 790 532 οὗ
810 491 875 531 καὶ
899 488 921 531 ὁ
942 490 1064 543 νόμος
1085 483 1134 542 ἧν
1154 490 1220 530 καὶ
1241 488 1267 542 ἡ
1285 495 1391 531 πᾶσα
1413 489 1557 531 παλαιοὶ
1580 491 1775 546 διαθήκη,
1806 494 1873 535 καὶ

345 567 413 605 τοῦ
443 559 565 603 αὐτοῦ
595 557 620 613 ἡ
649 557 764 612 καινὴ
789 557 984 611 διαθήκη,
1023 558 1218 599 τουτέστιν
1245 560 1287 598 αἱ
1310 557 1381 599 δύο
1407 560 1616 611 διαθῆκαι,
1659 562 1701 600 αἱ
1719 559 1789 613 τὴν
1808 579 1872 616 γυ-

346 636 462 673 ναῖκα
485 628 569 671 τότε
593 628 660 669 καὶ
683 632 755 668 νῦν
775 625 1102 675 καθυποτάξασαι
1122 630 1175 682 τῷ
1203 623 1335 681 ἀνδρὶ,
1378 625 1427 667 δι’
1451 624 1590 680 εὐσεβῆ
1612 628 1678 668 καὶ
1704 626 1875 684 ἀντίρρο-

345 716 422 741 πον
451 696 638 746 εὐταξίαν.

460 764 504 815 ις’
531 766 598 807 καὶ
619 762 679 805 κδ’
702 762 814 817 Σχόλ.
862 763 962 818 Περὶ
994 760 1238 810 ἀναστάσεως
1269 766 1426 817 νεκρῶν.
1487 765 1666 817 Γνωρίζω
1699 763 1740 804 δὲ
1770 761 1876 816 ὑμῖν,

347 833 530 886 ἀδελφοὶ,
562 831 605 875 τὸ
628 831 859 888 εὐαγγέλιον,
891 829 914 872 ὃ
936 829 1236 885 εὐηγγελισάμην
1257 828 1360 883 ύμῖν.
1422 831 1502 871 Καὶ
1523 830 1602 882 ὅτι,
1635 833 1690 871 Εἰ
1708 829 1878 886 Χριστός

349 901 421 946 οὐκ
445 901 664 957 ἐγήγερται,
696 899 871 953 μάταιον,
901 899 968 940 καὶ
987 897 1034 939 τά
1055 899 1153 952 ἑξῆς.
1218 897 1354 947 Οὕτως
1378 897 1634 953 κηρύσσομεν,
1666 900 1731 940 καὶ
1753 899 1879 948 οὕτως

348 969 611 1020 ἐπιστεύσατε,
651 967 711 1011 ὅτι
739 965 907 1022 Χριστός
937 965 1132 1017 ἀπέθανε,
1172 967 1238 1008 καὶ
1265 965 1409 1020 ἐτάφη,
1449 968 1514 1008 καὶ
1544 966 1745 1022 ἐγήγερται
1773 971 1879 1024 61τῇ

349 1042 453 1097 τρίτῃ
484 1036 620 1094 ἡμέρᾳ.
667 1036 791 1077 ’Όταν
822 1036 862 1076 δὲ
892 1034 934 1076 τό
963 1033 1111 1087 θνητόν
1134 1039 1247 1076 τοῦτο
1274 1033 1481 1087 ἐνδύσηται
1507 1033 1752 1086 ἀθανασίαν,
1795 1033 1879 1076 τότε

351 1107 550 1164 γενήσεται
581 1104 603 1147 ό
631 1104 746 1160 λόγος
775 1102 797 1146 ὁ
828 1104 1108 1159 γεγραμμένος,
1142 1102 1356 1156 Κατεπόθη
1392 1101 1472 1144 ⁶26
1501 1101 1685 1151 θάνατος.

464 1173 509 1223 ις’
531 1175 596 1216 καὶ
620 1171 848 1228 κδ”Ἐλεγχ.
895 1174 1075 1225 Γνωρίζω
1099 1171 1140 1211 δὲ
1164 1168 1276 1223 ὑμῖν,
1309 1169 1490 1223 ἀδελφοὶ,
1521 1169 1563 1212 τὸ
1589 1170 1826 1226 εὐαγγέλιον,
1858 1170 1880 1213 ὃ

351 1241 651 1299 εὐηγγελισάμην
677 1239 780 1294 ὑμῖν.
840 1241 895 1280 Εἰ
915 1238 1204 1294 εὐηγγελίσατο,
1234 1239 1299 1280 καὶ
1326 1237 1420 1280 αὐτὸ
1447 1237 1561 1280 πάλιν
1584 1242 1777 1294 γνωρίζει,
1809 1237 1881 1281 οὐκ

351 1313 515 1355 ἄλλοθεν
539 1309 772 1365 εὐαγγέλιον,
804 1306 892 1349 οὔτε
914 1306 1005 1360 ἅλλη
1026 1311 1168 1362 γνῶσις
1189 1305 1283 1360 μετά
1301 1305 1372 1360 την
1394 1309 1486 1360 μίαν
1508 1307 1573 1348 καὶ
1594 1305 1637 1348 τὸ
1665 1310 1765 1348 ὅῧὲν
1786 1306 1880 1362 ὅπερ

349 1384 393 1423 ιἐν
422 1378 599 1435 τυγχάνει
638 1376 702 1418 διά
734 1380 810 1417 τῶν
835 1374 1029 1430 τεσσάρων
1061 1373 1288 1430 εὐαγγελίων
1323 1376 1390 1416 καὶ
1420 1379 1497 1416 τῶν
1530 1373 1773 1417 ἀποστόλων·
1815 1377 1882 1416 ἵνα

353 1450 482 1505 ἐλέγξῃ
505 1445 572 1489 τὸν
594 1447 819 1500 Μαρκίωνα
842 1443 908 1486 τὸν
933 1442 1026 1497 μετά
1046 1448 1214 1485 τοσαῦτα
1235 1444 1300 1496 ἔτη
1320 1442 1480 1497 ἥκοντα,
1511 1441 1603 1496 μετά
1625 1442 1791 1497 χρόνους
1812 1448 1883 1485 τοῦ

353 1516 594 1568 καλουμένου
616 1511 840 1566 Ἀνικήτου,
883 1517 953 1554 τοῦ
975 1510 1173 1565 Ῥωμαίων
1196 1510 1436 1562 ἐπισκόπου,
1478 1516 1548 1553 τοῦ
1573 1510 1671 1553 κατὰ
1697 1510 1883 1565 διαδοχὴν

355 1583 493 1628 ἐνάτου
518 1583 726 1639 γενομένου
751 1579 829 1623 ἀπὸ
855 1586 924 1633 τῆς
946 1585 1022 1622 τῶν
1042 1578 1269 1622 ἀποστόλων
1293 1581 1447 1634 Πέτρου
1465 1581 1531 1621 καὶ
1556 1578 1719 1622 Παύλου
1739 1578 1883 1622 τελειῶ-

356 1668 462 1701 σεως.
525 1650 597 1693 Διό
625 1649 975 1702 ἐπασφαλιζόμενος
1005 1647 1027 1690 ὁ
1051 1647 1168 1697 αὐτὸς
1191 1647 1409 1696 ἀπόστολος
1433 1649 1552 1703 ἔλεγε,
1594 1647 1681 1690 Κάν
1701 1664 1740 1689 τε
1761 1646 1883 1701 ἡμεῖς,

354 1720 381 1774 ἢ
405 1720 563 1776 ἅγγελος
585 1717 867 1773 εὐαγγελίσηται
894 1715 987 1770 ὑμῖν
1013 1715 1102 1772 παρ’
1126 1716 1147 1758 ὃ
1174 1716 1427 1772 παρελάβετε,
1469 1715 1649 1770 ἀνάθεμα
1673 1717 1791 1767 ἔστω,
1831 1734 1886 1771 γι-

358 1787 517 1831 νώσκων
543 1786 732 1839 πνεύματι
756 1784 852 1843 άγίῳ
877 1785 936 1827 ὅτι
961 1786 1082 1838 μέλλει
1106 1789 1303 1840 Μαρκίων
1322 1785 1389 1826 καὶ
1411 1787 1451 1825 οἵ
1470 1783 1551 1826 κατ’
1573 1783 1693 1826 αὐτὸν
1716 1785 1888 1839 διαστρέ-

358 1874 447 1910 φειν
469 1855 539 1909 τήν
559 1853 652 1897 ὁδόν
671 1853 742 1907 τήν
760 1858 887 1902 καλῶς
908 1854 1182 1909 ἕδραιωμένην.
1229 1851 1358 1894 ί’Όθεν
1380 1851 1507 1894 οὐκέτι
1527 1850 1646 1903 εἶπεν,
1678 1851 1886 1908 Εὐαγγελί-

358 1931 470 1978 ζομαι
491 1922 603 1977 ὑμῖν,
637 1920 748 1971 ἀλλά,
782 1924 960 1976 Γνωρίζω
985 1919 1078 1974 ύμῖν
1101 1920 1144 1962 τό
1170 1919 1409 1976 εὐαγγέλιον,
1442 1919 1512 1962 οὐκ-
1538 1920 1626 1962 fimo
1653 1918 1718 1972 ὃν,
1749 1919 1841 1962 ἀλλὰ
1865 1920 1888 1963 ὃ

357 1993 433 2047 ’ἤδη
455 1990 755 2047 εὐηγγελισάμην
778 1988 891 2043 ὑμῖν,
922 1984 970 2030 οὗ
1002 1988 1070 2042 τήν
1092 1987 1311 2043 ὑπόμνησιν
1336 1987 1428 2042 ὑμῖν
1451 1993 1648 2042 ποιοῦμαι.
1709 1992 1887 2043 Γνωρίζω

362 2060 474 2116 ύμῖν,
519 2063 601 2101 Τίνι
632 2058 732 2115 λόγῳ
755 2056 1055 2113 εὐηγγελισάμην
1086 2055 1197 2110 ὑμῖν,
1240 2059 1275 2098 εἰ
1296 2058 1487 2111 κατέχετε,
1529 2056 1639 2106 ἐκτός
1670 2056 1780 2110 εἰμὴ
1803 2059 1887 2111 εἰκῆ

361 2128 614 2173 ἐπιστεύσατε.
675 2128 730 2167 Εἰ
761 2125 813 2179 μὴ
844 2125 915 2180 γάρ
946 2126 1138 2178 κατέχετε,
1182 2124 1233 2174 ῶς
1263 2125 1429 2180 ἐκήρυξα
1460 2123 1576 2178 ὑμῖν,
1617 2126 1735 2179 χωρὶς
1767 2123 1888 2167 αὐτοῦ

361 2201 444 2251 εἰκῆ
473 2194 727 2240 ἐπιστεύσατε.
788 2192 1109 2249 Εὐηγγελισάμην
1138 2192 1210 2248 γάρ
1236 2191 1347 2247 ύμῖν,
1378 2192 1467 2234 ’Ότι
1496 2193 1664 2249 Χριστὸς
1691 2192 1888 2236 ἀπέθανεν

361 2266 459 2321 ὑπὲρ
482 2270 559 2307 τῶν
585 2262 784 2319 ἁμαρτιῶν
807 2260 919 2316 ἡμῶν
942 2259 1039 2303 κατά
1064 2260 1132 2310 τάς
1157 2260 1330 2316 γραφάς,
1371 2263 1436 2303 καὶ
1467 2261 1526 2303 ὅτι
1554 2266 1602 2319 τῇ
1630 2265 1736 2319 τρίτῃ
1761 2260 1887 2319 ἡμέρᾳ

363 2334 561 2390 ἐγήγερται
584 2330 682 2374 κατά
707 2330 775 2380 τάς
797 2330 971 2386 γραφάς,
1016 2331 1082 2371 καὶ
1105 2328 1151 2371 οὐ
1173 2328 1270 2371 κατά
1295 2335 1448 2383 μῦθον,
1492 2332 1558 2371 καὶ
1587 2328 1677 2371 οὐδὲ
1699 2328 1796 2371 κατά
1818 2329 1888 2383 τήν

363 2404 613 2445 διδασκαλίαν
642 2405 718 2442 τῶν
747 2397 959 2453 μελλόντων
993 2396 1060 2450 ἀφ’
1091 2400 1237 2439 ἑαυτῶν
1266 2403 1389 2439 λαλεῖν
1420 2397 1444 2438 ἃ
1475 2397 1528 2451 μὴ
1557 2399 1775 2453 γέγραπται.
1840 2401 1891 2439 Οἱ

364 2472 431 2525 μὲν
455 2469 527 2526 γάρ
549 2468 730 2511 Ἰουδαῖοι
755 2466 822 2520 ἀφ’
847 2468 992 2508 έαυτῶν
1014 2467 1164 2521 λέγουσι
1189 2464 1241 2519 μὴ
1265 2467 1496 2521 ἐγηγέρθαι,
1535 2468 1732 2521 Μαρκίων
1756 2466 1797 2507 δὲ
1822 2468 1888 2508 καὶ

365 2542 403 2582 οἱ
435 2538 538 2581 ἄλλοι
568 2539 743 2593 λέγουσιν
773 2534 841 2587 ἀφ’
871 2536 1019 2576 ἑαυτῶν
1052 2534 1206 2588 δοκήσει
1238 2535 1480 2576 πεπονθέναι
1510 2536 1577 2576 καὶ
1611 2532 1886 2586 64τεθάφθαι.

363 2606 460 2662 Ἐγῶ
492 2607 534 2648 δὲ
562 2604 660 2648 κατά
686 2604 754 2653 τάς
781 2602 936 2659 γραφάς
965 2601 1218 2655 άσφαλίζομαι
1248 2600 1361 2655 ὑμᾶς.
1423 2601 1565 2651 Εὐθὺς
1594 2601 1666 2657 γάρ
1697 2603 1886 2656 ἐπιφέρει,

365 2677 504 2730 λέγων,
539 2673 674 2722 Οὕτως
694 2671 956 2728 κηρύσσομεν,
985 2673 1050 2712 καὶ
1075 2670 1200 2719 οὕτως
1222 2669 1488 2721 ἐπιστεύσατε,
1519 2669 1576 2712 ὅτι
1604 2669 1772 2726 Χριστός
1795 2669 1887 2712 ἀπέ-

367 2750 466 2785 θανε
487 2743 552 2784 καὶ
575 2743 719 2794 ἐτάφη,
750 2742 813 2782 καὶ
837 2741 1030 2796 ἐγήγερται
1053 2743 1099 2796 τῇ
1118 2742 1224 2796 τρίτῃ
1246 2736 1388 2795 ἡμέρᾳ·
1419 2740 1486 2780 καὶ
1510 2737 1653 2789 εὐθὺς,
1686 2739 1741 2779 Εἰ
1761 2739 1887 2793 νεκροὶ

413 2869 465 2902 61.
490 2871 531 2912 τῇ
556 2871 638 2900 abest
660 2878 766 2907 supra.
1150 2867 1357 2898 emendatione
1379 2868 1511 2898 Pelavii.
1558 2867 1642 2897 Libri
1665 2867 1764 2904 enim,
1796 2867 1889 2905 plane

414 2914 467 2948 6⁴2.
493 2917 596 2954 Supra
620 2911 638 2947 ὁ
664 2911 804 2951 &eim-03
829 2912 875 2951 εἰς
897 2915 994 2949 νῖκος.
1147 2914 1301 2951 corrupti,
1336 2913 1463 2943 habent:
1500 2910 1531 2944 ἐν
1569 2904 1658 2955 ᾧπερ
1691 2906 1888 2954 ἐντυγχάνει.

415 2958 468 2993 63.
489 2957 524 2993 ἓν
557 2954 637 3002 ὅπερ
671 2957 705 2992 ἓν
743 2957 896 3003 τυγχάνει
926 2959 1034 2998 scripsi
1065 2966 1102 2989 ex
1150 2958 1316 2988 Cornarius
1337 2959 1444 2989 vertit:
1467 2967 1571 2999 neque
1589 2955 1651 2988 alia
1672 2954 1790 2987 notitia
1812 2961 1888 3000 post
