<?xml version="1.0" encoding="UTF-8"?>
<!DOCTYPE html PUBLIC "-//W3C//DTD XHTML 1.0 Transitional//EN"
    "http://www.w3.org/TR/xhtml1/DTD/xhtml1-transitional.dtd">
<html xmlns="http://www.w3.org/1999/xhtml" xml:lang="en" lang="en">
 <head>
  <title>
</title>
<meta http-equiv="Content-Type" content="text/html;charset=utf-8" />
  <meta name='ocr-system' content='tesseract 3.04.00' />
  <meta name='ocr-capabilities' content='ocr_page ocr_carea ocr_par ocr_line ocrx_word'/>
</head>
<body>
  <div class='ocr_page' id='page_1' title='image "./p1corporishaereseo02epipuoft/p1corporishaereseo02epipuoft_0402.png"; bbox 0 0 2034 3267; ppageno 0'>
   <div class='ocr_carea' id='block_1_1' title="bbox 195 1728 335 1764">
    <p class='ocr_par' dir='ltr' id='par_1_1' title="bbox 195 1728 335 1764">
     <span class='ocr_line' id='line_1_1' title="bbox 195 1728 335 1764; baseline 0.007 -11"><span class='ocrx_word' id='word_1_1' title='bbox 195 1737 259 1764; x_wconf 62' lang='lat' dir='ltr'>pagg.</span> <span class='ocrx_word' id='word_1_2' title='bbox 279 1728 335 1755; x_wconf 77' lang='grc'><strong>211.</strong></span> 
     </span>
    </p>
   </div>
   <div class='ocr_carea' id='block_1_2' title="bbox 185 2531 334 2575">
    <p class='ocr_par' dir='ltr' id='par_1_2' title="bbox 185 2531 334 2575">
     <span class='ocr_line' id='line_1_2' title="bbox 185 2531 334 2575; baseline -0.013 -10"><span class='ocrx_word' id='word_1_3' title='bbox 185 2533 270 2575; x_wconf 74' lang='grc' dir='ltr'><em>Κεφ.</em></span> <span class='ocrx_word' id='word_1_4' title='bbox 297 2531 334 2566; x_wconf 76' lang='grc' dir='ltr'><em>δ’.</em></span> 
     </span>
    </p>
   </div>
   <div class='ocr_carea' id='block_1_3' title="bbox 351 207 1310 247">
    <p class='ocr_par' dir='ltr' id='par_1_3' title="bbox 351 207 1310 247">
     <span class='ocr_line' id='line_1_3' title="bbox 351 207 1310 247; baseline 0.005 -13"><span class='ocrx_word' id='word_1_5' title='bbox 351 210 429 247; x_wconf 76' lang='lat'><em>390</em></span> <span class='ocrx_word' id='word_1_6' title='bbox 907 207 1065 239; x_wconf 84' lang='lat' dir='ltr'><strong>SANGTI</strong></span> <span class='ocrx_word' id='word_1_7' title='bbox 1089 208 1310 239; x_wconf 76' lang='lat' dir='ltr'><strong>EPIPHANH</strong></span> 
     </span>
    </p>
   </div>
   <div class='ocr_carea' id='block_1_4' title="bbox 348 282 1876 2446">
    <p class='ocr_par' dir='ltr' id='par_1_4' title="bbox 349 282 1866 478">
     <span class='ocr_line' id='line_1_4' title="bbox 350 282 1862 343; baseline -0.003 -10"><span class='ocrx_word' id='word_1_8' title='bbox 350 295 471 334; x_wconf 81' lang='grc' dir='ltr'><em>ἐκεῖνο</em></span> <span class='ocrx_word' id='word_1_9' title='bbox 499 288 596 343; x_wconf 77' lang='grc' dir='ltr'><em>πρὸς</em></span> <span class='ocrx_word' id='word_1_10' title='bbox 621 291 754 337; x_wconf 83' lang='grc' dir='ltr'><em>τοῦτο,</em></span> <span class='ocrx_word' id='word_1_11' title='bbox 787 286 975 340; x_wconf 75' lang='grc' dir='ltr'><em>ἑκατέρων</em></span> <span class='ocrx_word' id='word_1_12' title='bbox 996 282 1093 326; x_wconf 75' lang='grc' dir='ltr'><em>κατά</em></span> <span class='ocrx_word' id='word_1_13' title='bbox 1116 283 1162 326; x_wconf 79' lang='grc' dir='ltr'><em>τά</em></span> <span class='ocrx_word' id='word_1_14' title='bbox 1182 285 1349 340; x_wconf 77' lang='grc' dir='ltr'><strong><em>τέρματα</em></strong></span> <span class='ocrx_word' id='word_1_15' title='bbox 1373 284 1544 340; x_wconf 71' lang='grc' dir='ltr'><em>ἀλλήλοις</em></span> <span class='ocrx_word' id='word_1_16' title='bbox 1565 286 1862 330; x_wconf 78' lang='grc' dir='ltr'><em>ἐπικοινωνούν-</em></span> 
     </span>
     <span class='ocr_line' id='line_1_5' title="bbox 350 351 1866 410; baseline -0.003 -10"><span class='ocrx_word' id='word_1_17' title='bbox 350 376 434 400; x_wconf 86' lang='grc' dir='ltr'><em>των.</em></span> <span class='ocrx_word' id='word_1_18' title='bbox 495 357 573 396; x_wconf 85' lang='grc' dir='ltr'><em>Καὶ</em></span> <span class='ocrx_word' id='word_1_19' title='bbox 604 357 644 396; x_wconf 79' lang='grc' dir='ltr'><em>ἐκ</em></span> <span class='ocrx_word' id='word_1_20' title='bbox 673 353 814 402; x_wconf 85' lang='grc' dir='ltr'><em>παντὸς</em></span> <span class='ocrx_word' id='word_1_21' title='bbox 839 352 956 408; x_wconf 88' lang='grc' dir='ltr'><em>λόγου</em></span> <span class='ocrx_word' id='word_1_22' title='bbox 978 351 1228 410; x_wconf 76' lang='grc' dir='ltr'><em>διελεγχθήσῃ</em></span> <span class='ocrx_word' id='word_1_23' title='bbox 1259 354 1298 402; x_wconf 76' lang='grc' dir='ltr'><em>ἐξ</em></span> <span class='ocrx_word' id='word_1_24' title='bbox 1325 353 1538 407; x_wconf 81' lang='grc' dir='ltr'><em>ἐπισπορᾶς</em></span> <span class='ocrx_word' id='word_1_25' title='bbox 1562 358 1746 409; x_wconf 85' lang='grc' dir='ltr'><em>δαίμονος</em></span> <span class='ocrx_word' id='word_1_26' title='bbox 1771 357 1866 409; x_wconf 71' lang='grc' dir='ltr'><em>ἔχων</em></span> 
     </span>
     <span class='ocr_line' id='line_1_6' title="bbox 349 419 1661 478; baseline -0.002 -12"><span class='ocrx_word' id='word_1_27' title='bbox 349 424 419 478; x_wconf 74' lang='grc' dir='ltr'><em>τὴν</em></span> <span class='ocrx_word' id='word_1_28' title='bbox 439 429 506 476; x_wconf 89' lang='grc' dir='ltr'><em>τῆς</em></span> <span class='ocrx_word' id='word_1_29' title='bbox 526 422 673 475; x_wconf 88' lang='grc' dir='ltr'><em>πλάνης</em></span> <span class='ocrx_word' id='word_1_30' title='bbox 702 437 772 463; x_wconf 93' lang='grc' dir='ltr'><em>σου</em></span> <span class='ocrx_word' id='word_1_31' title='bbox 802 422 1010 474; x_wconf 79' lang='grc' dir='ltr'><em>κόσμησιν,</em></span> <span class='ocrx_word' id='word_1_32' title='bbox 1042 419 1197 462; x_wconf 84' lang='grc' dir='ltr'><em>πάντων</em></span> <span class='ocrx_word' id='word_1_33' title='bbox 1228 422 1398 462; x_wconf 80' lang='grc' dir='ltr'><em>ἐλεεινῶν</em></span> <span class='ocrx_word' id='word_1_34' title='bbox 1427 422 1661 464; x_wconf 82' lang='grc' dir='ltr'><em>ἐλεεινότατε.</em></span> 
     </span>
    </p>

    <p class='ocr_par' dir='ltr' id='par_1_5' title="bbox 348 487 1876 2446">
     <span class='ocr_line' id='line_1_7' title="bbox 445 487 1864 546; baseline 0.001 -15"><span class='ocrx_word' id='word_1_35' title='bbox 445 490 532 533; x_wconf 90' lang='grc' dir='ltr'><em>Ἵνα</em></span> <span class='ocrx_word' id='word_1_36' title='bbox 555 491 596 531; x_wconf 82' lang='grc' dir='ltr'><em>δὲ</em></span> <span class='ocrx_word' id='word_1_37' title='bbox 617 489 668 543; x_wconf 82' lang='grc' dir='ltr'><strong><em>μή</em></strong></span> <span class='ocrx_word' id='word_1_38' title='bbox 689 491 989 544; x_wconf 82' lang='grc' dir='ltr'><em>παραλείψωμαί</em></span> <span class='ocrx_word' id='word_1_39' title='bbox 1011 507 1047 529; x_wconf 92' lang='grc' dir='ltr'><em>τι</em></span> <span class='ocrx_word' id='word_1_40' title='bbox 1066 493 1144 529; x_wconf 83' lang='grc' dir='ltr'><em>τῶν</em></span> <span class='ocrx_word' id='word_1_41' title='bbox 1167 487 1274 543; x_wconf 85' lang='grc' dir='ltr'><em>παρά</em></span> <span class='ocrx_word' id='word_1_42' title='bbox 1296 502 1368 530; x_wconf 93' lang='grc' dir='ltr'><em>τισι</em></span> <span class='ocrx_word' id='word_1_43' title='bbox 1389 490 1600 543; x_wconf 80' lang='grc' dir='ltr'><em>γινομένων</em></span> <span class='ocrx_word' id='word_1_44' title='bbox 1620 508 1658 532; x_wconf 88' lang='grc' dir='ltr'><em>τε</em></span> <span class='ocrx_word' id='word_1_45' title='bbox 1678 492 1742 533; x_wconf 83' lang='grc' dir='ltr'><em>καὶ</em></span> <span class='ocrx_word' id='word_1_46' title='bbox 1762 496 1864 546; x_wconf 89' lang='grc' dir='ltr'><em>λεγο-</em></span> 
     </span>
     <span class='ocr_line' id='line_1_8' title="bbox 348 554 1867 614; baseline -0.001 -13"><span class='ocrx_word' id='word_1_47' title='bbox 348 560 492 613; x_wconf 87' lang='grc' dir='ltr'><em>μένων,</em></span> <span class='ocrx_word' id='word_1_48' title='bbox 531 557 604 599; x_wconf 71' lang='grc' dir='ltr'><em>κάν</em></span> <span class='ocrx_word' id='word_1_49' title='bbox 627 575 664 598; x_wconf 87' lang='grc' dir='ltr'><em>τε</em></span> <span class='ocrx_word' id='word_1_50' title='bbox 691 559 730 599; x_wconf 77' lang='grc' dir='ltr'><em>ἐν</em></span> <span class='ocrx_word' id='word_1_51' title='bbox 755 556 894 614; x_wconf 77' lang='grc' dir='ltr'><em>ἑκάστῃ</em></span> <span class='ocrx_word' id='word_1_52' title='bbox 920 557 1053 598; x_wconf 87' lang='grc' dir='ltr'><em>πολλοὶ</em></span> <span class='ocrx_word' id='word_1_53' title='bbox 1076 554 1147 597; x_wconf 82' lang='grc' dir='ltr'><em>εἶεν</em></span> <span class='ocrx_word' id='word_1_54' title='bbox 1172 558 1211 597; x_wconf 81' lang='grc' dir='ltr'><em>οἵ</em></span> <span class='ocrx_word' id='word_1_55' title='bbox 1231 558 1402 611; x_wconf 76' lang='grc' dir='ltr'><em>ἔξαρχοι,</em></span> <span class='ocrx_word' id='word_1_56' title='bbox 1441 557 1507 597; x_wconf 85' lang='grc' dir='ltr'><em>καὶ</em></span> <span class='ocrx_word' id='word_1_57' title='bbox 1533 555 1738 611; x_wconf 73' lang='grc' dir='ltr'><em>αὐχοῦντες</em></span> <span class='ocrx_word' id='word_1_58' title='bbox 1759 560 1867 613; x_wconf 74' lang='grc' dir='ltr'><em>ἕτερα</em></span> 
     </span>
     <span class='ocr_line' id='line_1_9' title="bbox 349 622 1866 681; baseline 0 -13"><span class='ocrx_word' id='word_1_59' title='bbox 349 626 439 668; x_wconf 73' lang='grc' dir='ltr'><em>ἄνθ’</em></span> <span class='ocrx_word' id='word_1_60' title='bbox 469 627 607 681; x_wconf 80' lang='grc' dir='ltr'><em>ἑτέρων</em></span> <span class='ocrx_word' id='word_1_61' title='bbox 637 624 732 680; x_wconf 77' lang='grc' dir='ltr'><em>ὑπὲρ</em></span> <span class='ocrx_word' id='word_1_62' title='bbox 761 623 853 673; x_wconf 78' lang='grc' dir='ltr'><em>τούς</em></span> <span class='ocrx_word' id='word_1_63' title='bbox 877 623 1006 666; x_wconf 76' lang='grc' dir='ltr'><em>αὐτῶν</em></span> <span class='ocrx_word' id='word_1_64' title='bbox 1030 622 1287 672; x_wconf 70' lang='grc' dir='ltr'><em>διδασκάλους</em></span> <span class='ocrx_word' id='word_1_65' title='bbox 1309 629 1635 678; x_wconf 81' lang='grc' dir='ltr'><em>μυθοποιεῖσθαι,</em></span> <span class='ocrx_word' id='word_1_66' title='bbox 1673 627 1727 668; x_wconf 75' lang='grc' dir='ltr'><em>ἔτι</em></span> <span class='ocrx_word' id='word_1_67' title='bbox 1754 631 1768 655; x_wconf 89' lang='lat'>¹</span> <span class='ocrx_word' id='word_1_68' title='bbox 1787 628 1866 668; x_wconf 84' lang='grc' dir='ltr'><em>ἐπι·</em></span> 
     </span>
     <span class='ocr_line' id='line_1_10' title="bbox 351 690 1867 750; baseline -0.001 -14"><span class='ocrx_word' id='word_1_69' title='bbox 351 700 450 749; x_wconf 78' lang='grc' dir='ltr'><em>μενῶ</em></span> <span class='ocrx_word' id='word_1_70' title='bbox 470 691 742 748; x_wconf 69' lang='grc' dir='ltr'><em>ὑφηγούμενος</em></span> <span class='ocrx_word' id='word_1_71' title='bbox 760 691 852 741; x_wconf 75' lang='grc' dir='ltr'><em>τούς</em></span> <span class='ocrx_word' id='word_1_72' title='bbox 871 693 910 733; x_wconf 84' lang='grc' dir='ltr'><em>ἐν</em></span> <span class='ocrx_word' id='word_1_73' title='bbox 933 691 1030 750; x_wconf 75' lang='grc' dir='ltr'><em>αὐτῇ</em></span> <span class='ocrx_word' id='word_1_74' title='bbox 1052 697 1099 750; x_wconf 82' lang='grc' dir='ltr'><em>τῇ</em></span> <span class='ocrx_word' id='word_1_75' title='bbox 1120 692 1261 747; x_wconf 86' lang='grc' dir='ltr'><em>αἷρέσει</em></span> <span class='ocrx_word' id='word_1_76' title='bbox 1279 690 1407 742; x_wconf 77' lang='grc' dir='ltr'><em>ὄντας,</em></span> <span class='ocrx_word' id='word_1_77' title='bbox 1430 692 1537 746; x_wconf 75' lang='grc' dir='ltr'><em>ἕτερα</em></span> <span class='ocrx_word' id='word_1_78' title='bbox 1558 693 1599 733; x_wconf 80' lang='grc' dir='ltr'><em>δὲ</em></span> <span class='ocrx_word' id='word_1_79' title='bbox 1616 692 1721 748; x_wconf 72' lang='grc' dir='ltr'><em>παρά</em></span> <span class='ocrx_word' id='word_1_80' title='bbox 1746 692 1867 735; x_wconf 75' lang='grc' dir='ltr'><em>2ταύ-</em></span> 
     </span>
     <span class='ocr_line' id='line_1_11' title="bbox 350 758 1867 817; baseline -0.001 -12"><span class='ocrx_word' id='word_1_81' title='bbox 350 781 418 816; x_wconf 90' lang='grc' dir='ltr'><em>την</em></span> <span class='ocrx_word' id='word_1_82' title='bbox 440 764 638 817; x_wconf 87' lang='grc' dir='ltr'><em>λέγοντας,</em></span> <span class='ocrx_word' id='word_1_83' title='bbox 677 762 779 814; x_wconf 85' lang='grc' dir='ltr'><em>φημὶ</em></span> <span class='ocrx_word' id='word_1_84' title='bbox 801 761 842 801; x_wconf 81' lang='grc' dir='ltr'><em>δὲ</em></span> <span class='ocrx_word' id='word_1_85' title='bbox 864 761 949 815; x_wconf 83' lang='grc' dir='ltr'><em>περὶ</em></span> <span class='ocrx_word' id='word_1_86' title='bbox 971 758 1234 812; x_wconf 83' lang='grc' dir='ltr'><em>Ἐπιφάνους,</em></span> <span class='ocrx_word' id='word_1_87' title='bbox 1275 760 1370 800; x_wconf 82' lang='grc' dir='ltr'><em>3καὶ</em></span> <span class='ocrx_word' id='word_1_88' title='bbox 1392 758 1610 814; x_wconf 79' lang='grc' dir='ltr'><em>Ἰσιδιόρου,</em></span> <span class='ocrx_word' id='word_1_89' title='bbox 1652 762 1693 802; x_wconf 83' lang='grc' dir='ltr'><em>ἐκ</em></span> <span class='ocrx_word' id='word_1_90' title='bbox 1715 760 1867 816; x_wconf 88' lang='grc' dir='ltr'><em>προφά·</em></span> 
     </span>
     <span class='ocr_line' id='line_1_12' title="bbox 351 826 1868 884; baseline -0.001 -12"><span class='ocrx_word' id='word_1_91' title='bbox 351 846 446 879; x_wconf 91' lang='grc' dir='ltr'><em>σεως</em></span> <span class='ocrx_word' id='word_1_92' title='bbox 472 833 763 884; x_wconf 83' lang='grc' dir='ltr'><em>Παραινετικῶν</em></span> <span class='ocrx_word' id='word_1_93' title='bbox 786 829 967 882; x_wconf 75' lang='grc' dir='ltr'><em>ῥημάτων</em></span> <span class='ocrx_word' id='word_1_94' title='bbox 991 826 1128 869; x_wconf 82' lang='grc' dir='ltr'><em>ἕαυτὸν</em></span> <span class='ocrx_word' id='word_1_95' title='bbox 1148 829 1202 869; x_wconf 74' lang='grc' dir='ltr'><em>ἔτι</em></span> <span class='ocrx_word' id='word_1_96' title='bbox 1223 829 1276 876; x_wconf 85' lang='grc' dir='ltr'><em>εἰς</em></span> <span class='ocrx_word' id='word_1_97' title='bbox 1301 826 1569 882; x_wconf 88' lang='grc' dir='ltr'><em>περισσότερον</em></span> <span class='ocrx_word' id='word_1_98' title='bbox 1593 827 1723 882; x_wconf 77' lang='grc' dir='ltr'><em>βυθόν</em></span> <span class='ocrx_word' id='word_1_99' title='bbox 1744 834 1868 870; x_wconf 80' lang='grc' dir='ltr'><em>ταλαι-</em></span> 
     </span>
     <span class='ocr_line' id='line_1_13' title="bbox 350 890 1868 953; baseline -0.001 -13"><span class='ocrx_word' id='word_1_100' title='bbox 350 901 500 953; x_wconf 91' lang='grc' dir='ltr'><em>πωρίας</em></span> <span class='ocrx_word' id='word_1_101' title='bbox 530 895 833 952; x_wconf 76' lang='grc' dir='ltr'><em>καταγαγόντος,</em></span> <span class='ocrx_word' id='word_1_102' title='bbox 874 894 1027 949; x_wconf 79' lang='grc' dir='ltr'><em>τάληθῆ</em></span> <span class='ocrx_word' id='word_1_103' title='bbox 1051 896 1118 948; x_wconf 81' lang='grc' dir='ltr'><em>μὲν</em></span> <span class='ocrx_word' id='word_1_104' title='bbox 1145 890 1216 937; x_wconf 71' lang='grc' dir='ltr'><em>οὖν</em></span> <span class='ocrx_word' id='word_1_105' title='bbox 1241 893 1317 936; x_wconf 79' lang='grc' dir='ltr'><em>α’πό</em></span> <span class='ocrx_word' id='word_1_106' title='bbox 1344 894 1655 950; x_wconf 87' lang='grc' dir='ltr'><em>Καρποκράτους</em></span> <span class='ocrx_word' id='word_1_107' title='bbox 1677 901 1746 938; x_wconf 85' lang='grc' dir='ltr'><em>τοῦ</em></span> <span class='ocrx_word' id='word_1_108' title='bbox 1769 899 1868 938; x_wconf 84' lang='grc' dir='ltr'><em>ἰδίου</em></span> 
     </span>
     <span class='ocr_line' id='line_1_14' title="bbox 352 962 1872 1022; baseline -0.001 -14"><span class='ocrx_word' id='word_1_109' title='bbox 352 966 497 1021; x_wconf 74' lang='grc' dir='ltr'><em>πατρὸς</em></span> <span class='ocrx_word' id='word_1_110' title='bbox 515 965 613 1007; x_wconf 82' lang='grc' dir='ltr'><em>κατά</em></span> <span class='ocrx_word' id='word_1_111' title='bbox 633 964 755 1019; x_wconf 87' lang='grc' dir='ltr'><em>σάρκα</em></span> <span class='ocrx_word' id='word_1_112' title='bbox 778 963 981 1017; x_wconf 80' lang='grc' dir='ltr'><em>εἰληφότος</em></span> <span class='ocrx_word' id='word_1_113' title='bbox 1001 962 1068 1012; x_wconf 78' lang='grc' dir='ltr'><em>τάς</em></span> <span class='ocrx_word' id='word_1_114' title='bbox 1087 962 1315 1018; x_wconf 78' lang='grc' dir='ltr'><em>προφάσεις,</em></span> <span class='ocrx_word' id='word_1_115' title='bbox 1337 964 1583 1016; x_wconf 79' lang='grc' dir='ltr'><em>συνημμένου</em></span> <span class='ocrx_word' id='word_1_116' title='bbox 1605 964 1646 1005; x_wconf 81' lang='grc' dir='ltr'><em>δὲ</em></span> <span class='ocrx_word' id='word_1_117' title='bbox 1664 969 1710 1022; x_wconf 83' lang='grc' dir='ltr'><em>τῇ</em></span> <span class='ocrx_word' id='word_1_118' title='bbox 1731 965 1872 1019; x_wconf 80' lang='grc' dir='ltr'><em>αἱρέσει</em></span> 
     </span>
     <span class='ocr_line' id='line_1_15' title="bbox 351 1029 1868 1089; baseline -0.002 -13"><span class='ocrx_word' id='word_1_119' title='bbox 351 1040 418 1076; x_wconf 88' lang='grc' dir='ltr'><em>τοῦ</em></span> <span class='ocrx_word' id='word_1_120' title='bbox 442 1034 726 1089; x_wconf 83' lang='grc' dir='ltr'><em>προειρημένου</em></span> <span class='ocrx_word' id='word_1_121' title='bbox 753 1031 1000 1083; x_wconf 77' lang='grc' dir='ltr'><em>Σεκούνδου,</em></span> <span class='ocrx_word' id='word_1_122' title='bbox 1031 1032 1096 1072; x_wconf 89' lang='grc' dir='ltr'><em>καὶ</em></span> <span class='ocrx_word' id='word_1_123' title='bbox 1121 1029 1241 1072; x_wconf 77' lang='grc' dir='ltr'><em>αὐτοῦ</em></span> <span class='ocrx_word' id='word_1_124' title='bbox 1259 1035 1336 1072; x_wconf 75' lang='grc' dir='ltr'><em>τῶν</em></span> <span class='ocrx_word' id='word_1_125' title='bbox 1357 1033 1656 1073; x_wconf 81' lang='grc' dir='ltr'><em>Σεκουνδιανῶν</em></span> <span class='ocrx_word' id='word_1_126' title='bbox 1677 1030 1868 1087; x_wconf 72' lang='grc' dir='ltr'><em>’ὑπάρχον-</em></span> 
     </span>
     <span class='ocr_line' id='line_1_16' title="bbox 352 1097 1869 1156; baseline -0.002 -12"><span class='ocrx_word' id='word_1_127' title='bbox 352 1120 427 1151; x_wconf 89' lang='grc' dir='ltr'><em>τος.</em></span> <span class='ocrx_word' id='word_1_128' title='bbox 490 1100 620 1154; x_wconf 76' lang='grc' dir='ltr'><em>Πολλὴ</em></span> <span class='ocrx_word' id='word_1_129' title='bbox 641 1100 712 1156; x_wconf 81' lang='grc' dir='ltr'><em>γάρ</em></span> <span class='ocrx_word' id='word_1_130' title='bbox 735 1099 898 1141; x_wconf 77' lang='grc' dir='ltr'><em>ἑκάστου</em></span> <span class='ocrx_word' id='word_1_131' title='bbox 921 1104 996 1141; x_wconf 83' lang='grc' dir='ltr'><em>τῶν</em></span> <span class='ocrx_word' id='word_1_132' title='bbox 1015 1099 1316 1152; x_wconf 79' lang='grc' dir='ltr'><em>πεπλανημένων</em></span> <span class='ocrx_word' id='word_1_133' title='bbox 1336 1097 1434 1153; x_wconf 76' lang='grc' dir='ltr'><em>πρὸς</em></span> <span class='ocrx_word' id='word_1_134' title='bbox 1450 1097 1517 1140; x_wconf 80' lang='grc' dir='ltr'><em>τὸν</em></span> <span class='ocrx_word' id='word_1_135' title='bbox 1537 1100 1666 1154; x_wconf 75' lang='grc' dir='ltr'><em>ἕτερον</em></span> <span class='ocrx_word' id='word_1_136' title='bbox 1685 1098 1869 1154; x_wconf 77' lang='grc' dir='ltr'><em>διαφορά,</em></span> 
     </span>
     <span class='ocr_line' id='line_1_17' title="bbox 352 1162 1868 1225; baseline -0.002 -13"><span class='ocrx_word' id='word_1_137' title='bbox 352 1172 415 1212; x_wconf 83' lang='grc' dir='ltr'><em>καὶ</em></span> <span class='ocrx_word' id='word_1_138' title='bbox 436 1168 700 1225; x_wconf 75' lang='grc' dir='ltr'><em>συρφετώδης,</em></span> <span class='ocrx_word' id='word_1_139' title='bbox 728 1166 779 1216; x_wconf 72' lang='grc' dir='ltr'><em>ὥς</em></span> <span class='ocrx_word' id='word_1_140' title='bbox 798 1170 931 1219; x_wconf 83' lang='grc' dir='ltr'><em>εἰπεῖν,</em></span> <span class='ocrx_word' id='word_1_141' title='bbox 956 1169 1163 1220; x_wconf 78' lang='grc' dir='ltr'><em>πολυμιξία</em></span> <span class='ocrx_word' id='word_1_142' title='bbox 1179 1169 1431 1217; x_wconf 82' lang='grc' dir='ltr'><em>κενοφωνίας.</em></span> <span class='ocrx_word' id='word_1_143' title='bbox 1494 1162 1620 1215; x_wconf 78' lang='grc' dir='ltr'><em>Οὗτος</em></span> <span class='ocrx_word' id='word_1_144' title='bbox 1638 1166 1709 1222; x_wconf 82' lang='grc' dir='ltr'><em>γάρ</em></span> <span class='ocrx_word' id='word_1_145' title='bbox 1731 1166 1752 1209; x_wconf 83' lang='grc' dir='ltr'>ὁ</span> <span class='ocrx_word' id='word_1_146' title='bbox 1768 1165 1868 1209; x_wconf 81' lang='grc' dir='ltr'><em>Ἐπι-</em></span> 
     </span>
     <span class='ocr_line' id='line_1_18' title="bbox 353 1233 1872 1291; baseline -0.002 -12"><span class='ocrx_word' id='word_1_147' title='bbox 353 1237 502 1291; x_wconf 88' lang='grc' dir='ltr'><em>φάνης,</em></span> <span class='ocrx_word' id='word_1_148' title='bbox 545 1235 598 1285; x_wconf 71' lang='grc' dir='ltr'><em>ὥς</em></span> <span class='ocrx_word' id='word_1_149' title='bbox 629 1239 748 1289; x_wconf 74' lang='grc' dir='ltr'><em>ἔφην,</em></span> <span class='ocrx_word' id='word_1_150' title='bbox 788 1235 873 1284; x_wconf 75' lang='grc' dir='ltr'><em>υἱός</em></span> <span class='ocrx_word' id='word_1_151' title='bbox 904 1234 958 1276; x_wconf 69' lang='grc' dir='ltr'><em>ὧν</em></span> <span class='ocrx_word' id='word_1_152' title='bbox 983 1233 1317 1290; x_wconf 86' lang='grc' dir='ltr'><em>Καρποκράτους,</em></span> <span class='ocrx_word' id='word_1_153' title='bbox 1356 1234 1500 1289; x_wconf 81' lang='grc' dir='ltr'><em>μητρός</em></span> <span class='ocrx_word' id='word_1_154' title='bbox 1529 1235 1570 1276; x_wconf 82' lang='grc' dir='ltr'><em>δὲ</em></span> <span class='ocrx_word' id='word_1_155' title='bbox 1592 1233 1872 1291; x_wconf 79' lang='grc' dir='ltr'><em>Ἀλεξανδρείας</em></span> 
     </span>
     <span class='ocr_line' id='line_1_19' title="bbox 351 1300 1869 1357; baseline -0.002 -10"><span class='ocrx_word' id='word_1_156' title='bbox 351 1305 453 1347; x_wconf 74' lang='grc' dir='ltr'><em>οὕτω</em></span> <span class='ocrx_word' id='word_1_157' title='bbox 478 1306 739 1357; x_wconf 84' lang='grc' dir='ltr'><em>καλουμένης,</em></span> <span class='ocrx_word' id='word_1_158' title='bbox 770 1303 940 1353; x_wconf 85' lang='grc' dir='ltr'><em>τούτοις,</em></span> <span class='ocrx_word' id='word_1_159' title='bbox 973 1300 1024 1351; x_wconf 73' lang='grc' dir='ltr'><em>ὥς</em></span> <span class='ocrx_word' id='word_1_160' title='bbox 1050 1308 1254 1357; x_wconf 83' lang='grc' dir='ltr'><em>προεῖπον,</em></span> <span class='ocrx_word' id='word_1_161' title='bbox 1285 1301 1534 1353; x_wconf 82' lang='grc' dir='ltr'><em>συνάπτεται,</em></span> <span class='ocrx_word' id='word_1_162' title='bbox 1567 1301 1642 1344; x_wconf 83' lang='grc' dir='ltr'><em>άπὸ</em></span> <span class='ocrx_word' id='word_1_163' title='bbox 1672 1307 1869 1356; x_wconf 81' lang='grc' dir='ltr'><em>Κεφαλλη-</em></span> 
     </span>
     <span class='ocr_line' id='line_1_20' title="bbox 352 1369 1872 1427; baseline -0.001 -13"><span class='ocrx_word' id='word_1_164' title='bbox 352 1376 433 1421; x_wconf 89' lang='grc' dir='ltr'><em>νίας</em></span> <span class='ocrx_word' id='word_1_165' title='bbox 462 1373 530 1426; x_wconf 81' lang='grc' dir='ltr'><em>μὲν</em></span> <span class='ocrx_word' id='word_1_166' title='bbox 559 1372 601 1413; x_wconf 78' lang='grc' dir='ltr'><em>τὸ</em></span> <span class='ocrx_word' id='word_1_167' title='bbox 632 1371 731 1427; x_wconf 80' lang='grc' dir='ltr'><em>πρός</em></span> <span class='ocrx_word' id='word_1_168' title='bbox 758 1370 935 1425; x_wconf 72' lang='grc' dir='ltr'><em>4πατρὸς</em></span> <span class='ocrx_word' id='word_1_169' title='bbox 965 1371 1074 1426; x_wconf 90' lang='grc' dir='ltr'><em>γένος</em></span> <span class='ocrx_word' id='word_1_170' title='bbox 1105 1369 1178 1420; x_wconf 70' lang='grc' dir='ltr'><em>ὧν,</em></span> <span class='ocrx_word' id='word_1_171' title='bbox 1221 1371 1544 1423; x_wconf 76' lang='grc' dir='ltr'><em>ἕπτακαιδεκαέτη</em></span> <span class='ocrx_word' id='word_1_172' title='bbox 1566 1369 1713 1424; x_wconf 79' lang='grc' dir='ltr'><em>βιώσας</em></span> <span class='ocrx_word' id='word_1_173' title='bbox 1732 1370 1872 1425; x_wconf 86' lang='grc' dir='ltr'><em>χρόνον</em></span> 
     </span>
     <span class='ocr_line' id='line_1_21' title="bbox 353 1436 1872 1493; baseline -0.002 -11"><span class='ocrx_word' id='word_1_174' title='bbox 353 1446 498 1482; x_wconf 76' lang='grc' dir='ltr'><em>θᾶττον</em></span> <span class='ocrx_word' id='word_1_175' title='bbox 518 1438 583 1481; x_wconf 87' lang='grc' dir='ltr'><em>τόν</em></span> <span class='ocrx_word' id='word_1_176' title='bbox 604 1442 690 1493; x_wconf 81' lang='grc' dir='ltr'><em>βίον</em></span> <span class='ocrx_word' id='word_1_177' title='bbox 709 1440 961 1493; x_wconf 81' lang='grc' dir='ltr'><em>κατέστρεψε,</em></span> <span class='ocrx_word' id='word_1_178' title='bbox 993 1443 1062 1480; x_wconf 84' lang='grc' dir='ltr'><em>τοῦ</em></span> <span class='ocrx_word' id='word_1_179' title='bbox 1082 1441 1219 1492; x_wconf 90' lang='grc' dir='ltr'><em>κυρίου</em></span> <span class='ocrx_word' id='word_1_180' title='bbox 1240 1437 1366 1493; x_wconf 77' lang='grc' dir='ltr'><em>ὥςπερ</em></span> <span class='ocrx_word' id='word_1_181' title='bbox 1386 1436 1566 1486; x_wconf 83' lang='grc' dir='ltr'><em>άκάνθας</em></span> <span class='ocrx_word' id='word_1_182' title='bbox 1584 1436 1676 1487; x_wconf 82' lang='grc' dir='ltr'><em>τούς</em></span> <span class='ocrx_word' id='word_1_183' title='bbox 1695 1437 1872 1490; x_wconf 84' lang='grc' dir='ltr'><em>φαύλους</em></span> 
     </span>
     <span class='ocr_line' id='line_1_22' title="bbox 353 1505 1873 1562; baseline -0.003 -12"><span class='ocrx_word' id='word_1_184' title='bbox 353 1508 678 1558; x_wconf 75' lang='grc' dir='ltr'><em>ἅπαλλάσσοντος,</em></span> <span class='ocrx_word' id='word_1_185' title='bbox 710 1506 882 1561; x_wconf 85' lang='grc' dir='ltr'><em>κρεῖττόν</em></span> <span class='ocrx_word' id='word_1_186' title='bbox 905 1525 937 1548; x_wconf 92' lang='grc' dir='ltr'><em>τι</em></span> <span class='ocrx_word' id='word_1_187' title='bbox 960 1508 1048 1562; x_wconf 88' lang='grc' dir='ltr'><em>περὶ</em></span> <span class='ocrx_word' id='word_1_188' title='bbox 1066 1511 1134 1559; x_wconf 83' lang='grc' dir='ltr'><em>τῆς</em></span> <span class='ocrx_word' id='word_1_189' title='bbox 1155 1507 1388 1559; x_wconf 82' lang='grc' dir='ltr'><em>οἰκουμένης</em></span> <span class='ocrx_word' id='word_1_190' title='bbox 1406 1510 1686 1561; x_wconf 83' lang='grc' dir='ltr'><em>προνοοῦντος·</em></span> <span class='ocrx_word' id='word_1_191' title='bbox 1717 1505 1810 1559; x_wconf 75' lang='grc' dir='ltr'><em>μετά</em></span> <span class='ocrx_word' id='word_1_192' title='bbox 1833 1506 1873 1547; x_wconf 80' lang='grc' dir='ltr'><em>δὲ</em></span> 
     </span>
     <span class='ocr_line' id='line_1_23' title="bbox 353 1572 1874 1631; baseline -0.003 -13"><span class='ocrx_word' id='word_1_193' title='bbox 353 1577 422 1631; x_wconf 75' lang='grc' dir='ltr'><em>τήν</em></span> <span class='ocrx_word' id='word_1_194' title='bbox 445 1575 567 1618; x_wconf 73' lang='grc' dir='ltr'><em>αὐτοῦ</em></span> <span class='ocrx_word' id='word_1_195' title='bbox 589 1574 763 1629; x_wconf 72' lang='grc' dir='ltr'><em>τελευτήν</em></span> <span class='ocrx_word' id='word_1_196' title='bbox 787 1577 827 1617; x_wconf 83' lang='grc' dir='ltr'><em>οἱ</em></span> <span class='ocrx_word' id='word_1_197' title='bbox 844 1573 943 1630; x_wconf 80' lang='grc' dir='ltr'><em>πρὸς</em></span> <span class='ocrx_word' id='word_1_198' title='bbox 965 1573 1086 1616; x_wconf 73' lang='grc' dir='ltr'><em>αὐτοῦ</em></span> <span class='ocrx_word' id='word_1_199' title='bbox 1107 1575 1392 1627; x_wconf 86' lang='grc' dir='ltr'><em>πεπλανημένοι</em></span> <span class='ocrx_word' id='word_1_200' title='bbox 1410 1579 1480 1627; x_wconf 84' lang='grc' dir='ltr'><em>τῆς</em></span> <span class='ocrx_word' id='word_1_201' title='bbox 1499 1572 1564 1614; x_wconf 76' lang='grc' dir='ltr'><em>ἄπ’</em></span> <span class='ocrx_word' id='word_1_202' title='bbox 1587 1572 1707 1615; x_wconf 78' lang='grc' dir='ltr'><em>αὐτοῦ</em></span> <span class='ocrx_word' id='word_1_203' title='bbox 1728 1579 1874 1629; x_wconf 80' lang='grc' dir='ltr'><em>πληγῆς</em></span> 
     </span>
     <span class='ocr_line' id='line_1_24' title="bbox 354 1641 1872 1700; baseline -0.003 -13"><span class='ocrx_word' id='word_1_204' title='bbox 354 1644 425 1687; x_wconf 78' lang='grc' dir='ltr'><em>οὐκ</em></span> <span class='ocrx_word' id='word_1_205' title='bbox 456 1643 678 1698; x_wconf 71' lang='grc' dir='ltr'><em>ἀπέσχοντο.</em></span> <span class='ocrx_word' id='word_1_206' title='bbox 727 1642 792 1685; x_wconf 87' lang='grc' dir='ltr'><em>Ἐν</em></span> <span class='ocrx_word' id='word_1_207' title='bbox 825 1642 970 1700; x_wconf 79' lang='grc' dir='ltr'><em>5Σάμῳ</em></span> <span class='ocrx_word' id='word_1_208' title='bbox 1002 1643 1072 1698; x_wconf 74' lang='grc' dir='ltr'><em>γάρ</em></span> <span class='ocrx_word' id='word_1_209' title='bbox 1105 1641 1159 1691; x_wconf 75' lang='grc' dir='ltr'><em>ὦς</em></span> <span class='ocrx_word' id='word_1_210' title='bbox 1188 1641 1283 1691; x_wconf 78' lang='grc' dir='ltr'><em>θεὸς</em></span> <span class='ocrx_word' id='word_1_211' title='bbox 1312 1643 1365 1684; x_wconf 78' lang='grc' dir='ltr'><em>ἔτι</em></span> <span class='ocrx_word' id='word_1_212' title='bbox 1394 1643 1461 1683; x_wconf 86' lang='grc' dir='ltr'><em>καὶ</em></span> <span class='ocrx_word' id='word_1_213' title='bbox 1490 1644 1542 1691; x_wconf 86' lang='grc' dir='ltr'><em>εἰς</em></span> <span class='ocrx_word' id='word_1_214' title='bbox 1566 1644 1681 1697; x_wconf 83' lang='grc' dir='ltr'><em>δεῦρο</em></span> <span class='ocrx_word' id='word_1_215' title='bbox 1708 1646 1872 1695; x_wconf 78' lang='grc' dir='ltr'><em>τιμᾶται.</em></span> 
     </span>
     <span class='ocr_line' id='line_1_25' title="bbox 362 1708 1871 1768; baseline -0.003 -14"><span class='ocrx_word' id='word_1_216' title='bbox 362 1714 524 1766; x_wconf 86' lang='grc' dir='ltr'><em>Τέμενος</em></span> <span class='ocrx_word' id='word_1_217' title='bbox 547 1711 617 1767; x_wconf 79' lang='grc' dir='ltr'><em>γάρ</em></span> <span class='ocrx_word' id='word_1_218' title='bbox 645 1710 748 1768; x_wconf 77' lang='grc' dir='ltr'><em>αὐτῷ</em></span> <span class='ocrx_word' id='word_1_219' title='bbox 776 1710 999 1766; x_wconf 77' lang='grc' dir='ltr'><em>ἱδρύσαντες</em></span> <span class='ocrx_word' id='word_1_220' title='bbox 1029 1712 1070 1752; x_wconf 79' lang='grc' dir='ltr'><em>οἵ</em></span> <span class='ocrx_word' id='word_1_221' title='bbox 1093 1709 1294 1765; x_wconf 79' lang='grc' dir='ltr'><em>ἐπιχώριοι</em></span> <span class='ocrx_word' id='word_1_222' title='bbox 1319 1712 1462 1759; x_wconf 83' lang='grc' dir='ltr'><em>θυσίας</em></span> <span class='ocrx_word' id='word_1_223' title='bbox 1490 1711 1556 1751; x_wconf 87' lang='grc' dir='ltr'><em>καὶ</em></span> <span class='ocrx_word' id='word_1_224' title='bbox 1581 1708 1728 1758; x_wconf 76' lang='grc' dir='ltr'><em>τελετάς</em></span> <span class='ocrx_word' id='word_1_225' title='bbox 1752 1711 1871 1751; x_wconf 86' lang='grc' dir='ltr'><em>ἐπιτε-</em></span> 
     </span>
     <span class='ocr_line' id='line_1_26' title="bbox 353 1777 1875 1835; baseline -0.003 -12"><span class='ocrx_word' id='word_1_226' title='bbox 353 1786 460 1823; x_wconf 78' lang='grc' dir='ltr'><em>λοῦσι</em></span> <span class='ocrx_word' id='word_1_227' title='bbox 490 1779 587 1822; x_wconf 76' lang='grc' dir='ltr'><em>κατά</em></span> <span class='ocrx_word' id='word_1_228' title='bbox 616 1783 841 1832; x_wconf 82' lang='grc' dir='ltr'><em>νεομηνίαν,</em></span> <span class='ocrx_word' id='word_1_229' title='bbox 883 1778 1041 1832; x_wconf 72' lang='grc' dir='ltr'><em>βωμούς</em></span> <span class='ocrx_word' id='word_1_230' title='bbox 1071 1779 1112 1820; x_wconf 77' lang='grc' dir='ltr'><em>δὲ</em></span> <span class='ocrx_word' id='word_1_231' title='bbox 1143 1777 1246 1835; x_wconf 73' lang='grc' dir='ltr'><em>αὐτῷ</em></span> <span class='ocrx_word' id='word_1_232' title='bbox 1273 1780 1454 1831; x_wconf 74' lang='grc' dir='ltr'><em>ἔστησαν,</em></span> <span class='ocrx_word' id='word_1_233' title='bbox 1495 1778 1560 1819; x_wconf 82' lang='grc' dir='ltr'><em>καὶ</em></span> <span class='ocrx_word' id='word_1_234' title='bbox 1588 1783 1793 1819; x_wconf 91' lang='grc' dir='ltr'><em>Μουσεῖον</em></span> <span class='ocrx_word' id='word_1_235' title='bbox 1822 1779 1875 1826; x_wconf 87' lang='grc' dir='ltr'><em>εἰς</em></span> 
     </span>
     <span class='ocr_line' id='line_1_27' title="bbox 355 1844 1875 1902; baseline -0.003 -12"><span class='ocrx_word' id='word_1_236' title='bbox 355 1848 478 1901; x_wconf 77' lang='grc' dir='ltr'><em>ὄνομα</em></span> <span class='ocrx_word' id='word_1_237' title='bbox 508 1847 629 1889; x_wconf 74' lang='grc' dir='ltr'><em>αὐτοῦ</em></span> <span class='ocrx_word' id='word_1_238' title='bbox 660 1850 920 1902; x_wconf 85' lang='grc' dir='ltr'><em>περίπτυστον</em></span> <span class='ocrx_word' id='word_1_239' title='bbox 950 1845 1228 1900; x_wconf 65' lang='grc' dir='ltr'><em>ἐνεστήσαντο,</em></span> <span class='ocrx_word' id='word_1_240' title='bbox 1268 1845 1311 1887; x_wconf 79' lang='grc' dir='ltr'><em>τό</em></span> <span class='ocrx_word' id='word_1_241' title='bbox 1339 1844 1387 1899; x_wconf 81' lang='grc' dir='ltr'><em>δὴ</em></span> <span class='ocrx_word' id='word_1_242' title='bbox 1410 1844 1650 1898; x_wconf 86' lang='grc' dir='ltr'><em>Ἐπιφάνους</em></span> <span class='ocrx_word' id='word_1_243' title='bbox 1672 1850 1875 1886; x_wconf 90' lang='grc' dir='ltr'><em>Μουσεῖον</em></span> 
     </span>
     <span class='ocr_line' id='line_1_28' title="bbox 354 1913 1875 1972; baseline -0.003 -14"><span class='ocrx_word' id='word_1_244' title='bbox 354 1915 599 1970; x_wconf 85' lang='grc' dir='ltr'><em>καλούμενον.</em></span> <span class='ocrx_word' id='word_1_245' title='bbox 663 1914 813 1957; x_wconf 79' lang='grc' dir='ltr'><em>Θύουσι</em></span> <span class='ocrx_word' id='word_1_246' title='bbox 842 1914 913 1970; x_wconf 75' lang='grc' dir='ltr'><em>γάρ</em></span> <span class='ocrx_word' id='word_1_247' title='bbox 947 1913 1050 1972; x_wconf 77' lang='grc' dir='ltr'><em>αὐτῷ</em></span> <span class='ocrx_word' id='word_1_248' title='bbox 1081 1917 1121 1956; x_wconf 80' lang='grc' dir='ltr'><em>οἱ</em></span> <span class='ocrx_word' id='word_1_249' title='bbox 1149 1918 1395 1967; x_wconf 83' lang='grc' dir='ltr'><em>Κεφαλλῆνες</em></span> <span class='ocrx_word' id='word_1_250' title='bbox 1430 1915 1484 1962; x_wconf 84' lang='grc' dir='ltr'><em>εἰς</em></span> <span class='ocrx_word' id='word_1_251' title='bbox 1510 1914 1698 1966; x_wconf 81' lang='grc' dir='ltr'><em>τοσαύτην</em></span> <span class='ocrx_word' id='word_1_252' title='bbox 1726 1914 1875 1965; x_wconf 81' lang='grc' dir='ltr'><em>πλάνην</em></span> 
     </span>
     <span class='ocr_line' id='line_1_29' title="bbox 356 1979 1874 2040; baseline -0.004 -13"><span class='ocrx_word' id='word_1_253' title='bbox 356 1984 597 2039; x_wconf 81' lang='grc' dir='ltr'><em>ἐληλακότες,</em></span> <span class='ocrx_word' id='word_1_254' title='bbox 639 1984 705 2024; x_wconf 84' lang='grc' dir='ltr'><em>καὶ</em></span> <span class='ocrx_word' id='word_1_255' title='bbox 734 1984 959 2034; x_wconf 86' lang='grc' dir='ltr'><em>σπένδουσι,</em></span> <span class='ocrx_word' id='word_1_256' title='bbox 1001 1984 1066 2024; x_wconf 86' lang='grc' dir='ltr'><em>καὶ</em></span> <span class='ocrx_word' id='word_1_257' title='bbox 1096 1984 1136 2024; x_wconf 87' lang='grc' dir='ltr'><em>ἐν</em></span> <span class='ocrx_word' id='word_1_258' title='bbox 1161 1988 1213 2040; x_wconf 79' lang='grc' dir='ltr'><em>τῷ</em></span> <span class='ocrx_word' id='word_1_259' title='bbox 1241 1983 1435 2039; x_wconf 78' lang='grc' dir='ltr'><em>ἱδρυμένῳ</em></span> <span class='ocrx_word' id='word_1_260' title='bbox 1464 1979 1584 2022; x_wconf 77' lang='grc' dir='ltr'><em>αὐτοῦ</em></span> <span class='ocrx_word' id='word_1_261' title='bbox 1609 1981 1753 2034; x_wconf 88' lang='grc' dir='ltr'><em>τεμένει</em></span> <span class='ocrx_word' id='word_1_262' title='bbox 1783 1979 1874 2022; x_wconf 84' lang='grc' dir='ltr'><em>εὕω-</em></span> 
     </span>
     <span class='ocr_line' id='line_1_30' title="bbox 356 2047 1876 2108; baseline -0.004 -13"><span class='ocrx_word' id='word_1_263' title='bbox 356 2059 525 2108; x_wconf 86' lang='grc' dir='ltr'><em>χοῦνται,</em></span> <span class='ocrx_word' id='word_1_264' title='bbox 549 2051 699 2105; x_wconf 68' lang='grc' dir='ltr'><em>ὕμνους</em></span> <span class='ocrx_word' id='word_1_265' title='bbox 723 2056 740 2079; x_wconf 73' lang='lat'><strong>⁶</strong></span> <span class='ocrx_word' id='word_1_266' title='bbox 756 2068 792 2092; x_wconf 89' lang='grc' dir='ltr'><em>τε</em></span> <span class='ocrx_word' id='word_1_267' title='bbox 814 2049 918 2107; x_wconf 78' lang='grc' dir='ltr'><em>αὐτῷ</em></span> <span class='ocrx_word' id='word_1_268' title='bbox 939 2049 1088 2107; x_wconf 70' lang='grc' dir='ltr'><em>ᾄδουσι.</em></span> <span class='ocrx_word' id='word_1_269' title='bbox 1151 2048 1210 2091; x_wconf 83' lang='grc' dir='ltr'><em>Δι’</em></span> <span class='ocrx_word' id='word_1_270' title='bbox 1233 2047 1452 2105; x_wconf 75' lang='grc' dir='ltr'><em>ὑπερβολήν</em></span> <span class='ocrx_word' id='word_1_271' title='bbox 1473 2049 1514 2090; x_wconf 82' lang='grc' dir='ltr'><em>δὲ</em></span> <span class='ocrx_word' id='word_1_272' title='bbox 1532 2053 1601 2101; x_wconf 84' lang='grc' dir='ltr'><em>τῆς</em></span> <span class='ocrx_word' id='word_1_273' title='bbox 1620 2049 1768 2089; x_wconf 87' lang='grc' dir='ltr'><em>ἐκείνου</em></span> <span class='ocrx_word' id='word_1_274' title='bbox 1788 2066 1876 2090; x_wconf 88' lang='grc' dir='ltr'><em>παι-</em></span> 
     </span>
     <span class='ocr_line' id='line_1_31' title="bbox 358 2116 1876 2176; baseline -0.004 -13"><span class='ocrx_word' id='word_1_275' title='bbox 358 2125 460 2170; x_wconf 87' lang='grc' dir='ltr'><em>δείας</em></span> <span class='ocrx_word' id='word_1_276' title='bbox 490 2122 692 2176; x_wconf 81' lang='grc' dir='ltr'><em>ἐγκυκλίου</em></span> <span class='ocrx_word' id='word_1_277' title='bbox 723 2136 761 2160; x_wconf 88' lang='grc' dir='ltr'><em>τε</em></span> <span class='ocrx_word' id='word_1_278' title='bbox 791 2120 858 2160; x_wconf 87' lang='grc' dir='ltr'><em>καὶ</em></span> <span class='ocrx_word' id='word_1_279' title='bbox 885 2123 1140 2172; x_wconf 84' lang='grc' dir='ltr'><em>Πλατωνικῆς</em></span> <span class='ocrx_word' id='word_1_280' title='bbox 1172 2116 1195 2171; x_wconf 81' lang='grc' dir='ltr'>ἡ</span> <span class='ocrx_word' id='word_1_281' title='bbox 1226 2123 1331 2159; x_wconf 81' lang='grc' dir='ltr'><em>πᾶσα</em></span> <span class='ocrx_word' id='word_1_282' title='bbox 1360 2123 1441 2166; x_wconf 90' lang='grc' dir='ltr'><em>τοῖς</em></span> <span class='ocrx_word' id='word_1_283' title='bbox 1466 2116 1756 2172; x_wconf 87' lang='grc' dir='ltr'><em>προειρημένοις</em></span> <span class='ocrx_word' id='word_1_284' title='bbox 1777 2117 1876 2157; x_wconf 87' lang='grc' dir='ltr'><em>κατά</em></span> 
     </span>
     <span class='ocr_line' id='line_1_32' title="bbox 357 2183 1876 2243; baseline -0.005 -12"><span class='ocrx_word' id='word_1_285' title='bbox 357 2207 395 2231; x_wconf 90' lang='grc' dir='ltr'><em>τε</em></span> <span class='ocrx_word' id='word_1_286' title='bbox 414 2188 484 2242; x_wconf 76' lang='grc' dir='ltr'><em>τὴν</em></span> <span class='ocrx_word' id='word_1_287' title='bbox 509 2191 656 2243; x_wconf 74' lang='grc' dir='ltr'><em>αἵρεσιν</em></span> <span class='ocrx_word' id='word_1_288' title='bbox 678 2188 743 2228; x_wconf 87' lang='grc' dir='ltr'><em>καὶ</em></span> <span class='ocrx_word' id='word_1_289' title='bbox 765 2186 862 2229; x_wconf 78' lang='grc' dir='ltr'><em>κατά</em></span> <span class='ocrx_word' id='word_1_290' title='bbox 884 2186 954 2240; x_wconf 80' lang='grc' dir='ltr'><em>τήν</em></span> <span class='ocrx_word' id='word_1_291' title='bbox 973 2187 1104 2241; x_wconf 78' lang='grc' dir='ltr'><em>ἑτέραν</em></span> <span class='ocrx_word' id='word_1_292' title='bbox 1127 2185 1290 2239; x_wconf 86' lang='grc' dir='ltr'><em>πλάνην,</em></span> <span class='ocrx_word' id='word_1_293' title='bbox 1321 2187 1415 2240; x_wconf 88' lang='grc' dir='ltr'><em>λέγω</em></span> <span class='ocrx_word' id='word_1_294' title='bbox 1436 2183 1506 2238; x_wconf 77' lang='grc' dir='ltr'><em>τὴν</em></span> <span class='ocrx_word' id='word_1_295' title='bbox 1525 2186 1578 2232; x_wconf 84' lang='grc' dir='ltr'><em>εἰς</em></span> <span class='ocrx_word' id='word_1_296' title='bbox 1599 2186 1876 2236; x_wconf 82' lang='grc' dir='ltr'><em>εἰδωλομανίαν</em></span> 
     </span>
     <span class='ocr_line' id='line_1_33' title="bbox 359 2251 1876 2311; baseline -0.005 -12"><span class='ocrx_word' id='word_1_297' title='bbox 359 2257 450 2306; x_wconf 79' lang='grc' dir='ltr'><em>τούς</em></span> <span class='ocrx_word' id='word_1_298' title='bbox 472 2259 702 2311; x_wconf 84' lang='grc' dir='ltr'><em>ἐπιχωρίους</em></span> <span class='ocrx_word' id='word_1_299' title='bbox 722 2256 933 2310; x_wconf 80' lang='grc' dir='ltr'><em>τρέψασαν,</em></span> <span class='ocrx_word' id='word_1_300' title='bbox 954 2256 1108 2309; x_wconf 89' lang='grc' dir='ltr'><em>γέγονεν</em></span> <span class='ocrx_word' id='word_1_301' title='bbox 1129 2253 1193 2296; x_wconf 74' lang='grc' dir='ltr'><em>ἄπ’</em></span> <span class='ocrx_word' id='word_1_302' title='bbox 1216 2253 1338 2295; x_wconf 76' lang='grc' dir='ltr'><em>αὐτοῦ</em></span> <span class='ocrx_word' id='word_1_303' title='bbox 1362 2251 1500 2306; x_wconf 84' lang='grc' dir='ltr'><em>άπάτη.</em></span> <span class='ocrx_word' id='word_1_304' title='bbox 1549 2254 1759 2293; x_wconf 87' lang='grc' dir='ltr'><em>Συνείπετο</em></span> <span class='ocrx_word' id='word_1_305' title='bbox 1779 2257 1876 2307; x_wconf 87' lang='grc' dir='ltr'><em>γοῦν</em></span> 
     </span>
     <span class='ocr_line' id='line_1_34' title="bbox 360 2317 1876 2380; baseline -0.004 -14"><span class='ocrx_word' id='word_1_306' title='bbox 360 2321 472 2374; x_wconf 71' lang='grc' dir='ltr'><em>οὗτος</em></span> <span class='ocrx_word' id='word_1_307' title='bbox 497 2323 518 2366; x_wconf 83' lang='grc' dir='ltr'>ὁ</span> <span class='ocrx_word' id='word_1_308' title='bbox 540 2322 756 2376; x_wconf 87' lang='grc' dir='ltr'><em>Ἐπιφάνης</em></span> <span class='ocrx_word' id='word_1_309' title='bbox 781 2321 1010 2380; x_wconf 77' lang='grc' dir='ltr'><em>Σεκούνδῳ,</em></span> <span class='ocrx_word' id='word_1_310' title='bbox 1051 2323 1117 2363; x_wconf 86' lang='grc' dir='ltr'><em>καὶ</em></span> <span class='ocrx_word' id='word_1_311' title='bbox 1139 2328 1219 2371; x_wconf 86' lang='grc' dir='ltr'><em>τοῖς</em></span> <span class='ocrx_word' id='word_1_312' title='bbox 1245 2320 1340 2375; x_wconf 74' lang='grc' dir='ltr'><em>ἄμφ’</em></span> <span class='ocrx_word' id='word_1_313' title='bbox 1365 2319 1494 2362; x_wconf 73' lang='grc' dir='ltr'><em>αὐτόν.</em></span> <span class='ocrx_word' id='word_1_314' title='bbox 1559 2318 1638 2372; x_wconf 78' lang='grc' dir='ltr'><em>Τὴν</em></span> <span class='ocrx_word' id='word_1_315' title='bbox 1659 2318 1731 2374; x_wconf 83' lang='grc' dir='ltr'><em>γάρ</em></span> <span class='ocrx_word' id='word_1_316' title='bbox 1756 2317 1876 2361; x_wconf 75' lang='grc' dir='ltr'><em>αὐτοῦ</em></span> 
     </span>
     <span class='ocr_line' id='line_1_35' title="bbox 357 2389 1874 2446; baseline -0.004 -12"><span class='ocrx_word' id='word_1_317' title='bbox 357 2395 529 2446; x_wconf 74' lang='grc' dir='ltr'><em>ἰοβολίαν</em></span> <span class='ocrx_word' id='word_1_318' title='bbox 554 2390 793 2445; x_wconf 78' lang='grc' dir='ltr'><em>α’πεμάξατο,</em></span> <span class='ocrx_word' id='word_1_319' title='bbox 822 2391 917 2445; x_wconf 87' lang='grc' dir='ltr'><em>λέγω</em></span> <span class='ocrx_word' id='word_1_320' title='bbox 942 2389 1012 2444; x_wconf 79' lang='grc' dir='ltr'><em>τὴν</em></span> <span class='ocrx_word' id='word_1_321' title='bbox 1035 2395 1102 2443; x_wconf 76' lang='grc' dir='ltr'><em>τῆς</em></span> <span class='ocrx_word' id='word_1_322' title='bbox 1129 2389 1371 2446; x_wconf 80' lang='grc' dir='ltr'><em>ἕρπετώδους</em></span> <span class='ocrx_word' id='word_1_323' title='bbox 1395 2393 1554 2443; x_wconf 81' lang='grc' dir='ltr'><em>φθορᾶς</em></span> <span class='ocrx_word' id='word_1_324' title='bbox 1578 2390 1874 2442; x_wconf 88' lang='grc' dir='ltr'><em>περιττολογίαν.</em></span> 
     </span>
    </p>
   </div>
   <div class='ocr_carea' id='block_1_5' title="bbox 361 2523 1878 2785">
    <p class='ocr_par' dir='ltr' id='par_1_6' title="bbox 361 2523 1878 2785">
     <span class='ocr_line' id='line_1_36' title="bbox 454 2523 1877 2583; baseline -0.004 -13"><span class='ocrx_word' id='word_1_325' title='bbox 454 2527 648 2583; x_wconf 87' lang='grc' dir='ltr'><em>Ἰσίδωρον</em></span> <span class='ocrx_word' id='word_1_326' title='bbox 667 2528 708 2569; x_wconf 80' lang='grc' dir='ltr'><em>δὲ</em></span> <span class='ocrx_word' id='word_1_327' title='bbox 725 2526 942 2579; x_wconf 87' lang='grc' dir='ltr'><em>φάσκουσιν</em></span> <span class='ocrx_word' id='word_1_328' title='bbox 962 2527 1001 2567; x_wconf 83' lang='grc' dir='ltr'><em>ἐν</em></span> <span class='ocrx_word' id='word_1_329' title='bbox 1024 2527 1276 2580; x_wconf 90' lang='grc' dir='ltr'><em>Παραινέσεσι</em></span> <span class='ocrx_word' id='word_1_330' title='bbox 1294 2530 1364 2579; x_wconf 83' lang='grc' dir='ltr'><em>τῆς</em></span> <span class='ocrx_word' id='word_1_331' title='bbox 1382 2523 1502 2566; x_wconf 78' lang='grc' dir='ltr'><em>αὐτοῦ</em></span> <span class='ocrx_word' id='word_1_332' title='bbox 1520 2526 1736 2578; x_wconf 82' lang='grc' dir='ltr'><em>μοχθηρίας</em></span> <span class='ocrx_word' id='word_1_333' title='bbox 1757 2525 1877 2565; x_wconf 73' lang='grc' dir='ltr'><em>αἴτιον</em></span> 
     </span>
     <span class='ocr_line' id='line_1_37' title="bbox 361 2588 1878 2652; baseline -0.003 -14"><span class='ocrx_word' id='word_1_334' title='bbox 361 2601 601 2652; x_wconf 82' lang='grc' dir='ltr'><em>γεγενῆσθαι.</em></span> <span class='ocrx_word' id='word_1_335' title='bbox 661 2597 716 2636; x_wconf 83' lang='grc' dir='ltr'><em>Εἰ</em></span> <span class='ocrx_word' id='word_1_336' title='bbox 737 2595 778 2636; x_wconf 82' lang='grc' dir='ltr'><em>δὲ</em></span> <span class='ocrx_word' id='word_1_337' title='bbox 798 2595 865 2636; x_wconf 85' lang='grc' dir='ltr'><em>καὶ</em></span> <span class='ocrx_word' id='word_1_338' title='bbox 886 2592 1002 2642; x_wconf 76' lang='grc' dir='ltr'><em>αὐτός</em></span> <span class='ocrx_word' id='word_1_339' title='bbox 1022 2592 1068 2635; x_wconf 77' lang='grc' dir='ltr'><em>τά</em></span> <span class='ocrx_word' id='word_1_340' title='bbox 1090 2597 1154 2635; x_wconf 75' lang='grc' dir='ltr'><em>ἴσα</em></span> <span class='ocrx_word' id='word_1_341' title='bbox 1173 2598 1333 2649; x_wconf 81' lang='grc' dir='ltr'><em>φρονῶν</em></span> <span class='ocrx_word' id='word_1_342' title='bbox 1353 2594 1420 2634; x_wconf 89' lang='grc' dir='ltr'><em>καὶ</em></span> <span class='ocrx_word' id='word_1_343' title='bbox 1441 2594 1479 2642; x_wconf 78' lang='grc' dir='ltr'><em>ἐξ</em></span> <span class='ocrx_word' id='word_1_344' title='bbox 1500 2589 1628 2633; x_wconf 74' lang='grc' dir='ltr'><em>αὐτῶν</em></span> <span class='ocrx_word' id='word_1_345' title='bbox 1650 2588 1878 2645; x_wconf 75' lang='grc' dir='ltr'><em>ὁρμώμενος</em></span> 
     </span>
     <span class='ocr_line' id='line_1_38' title="bbox 363 2656 1876 2719; baseline -0.005 -13"><span class='ocrx_word' id='word_1_346' title='bbox 363 2667 584 2719; x_wconf 73' lang='grc' dir='ltr'><em>ἐτύγχανεν,</em></span> <span class='ocrx_word' id='word_1_347' title='bbox 625 2662 651 2716; x_wconf 80' lang='grc' dir='ltr'><em>ἢ</em></span> <span class='ocrx_word' id='word_1_348' title='bbox 675 2665 715 2705; x_wconf 79' lang='grc' dir='ltr'><em>ἐκ</em></span> <span class='ocrx_word' id='word_1_349' title='bbox 739 2661 968 2715; x_wconf 86' lang='grc' dir='ltr'><em>φιλοσόφων</em></span> <span class='ocrx_word' id='word_1_350' title='bbox 993 2660 1134 2714; x_wconf 76' lang='grc' dir='ltr'><em>μαθων</em></span> <span class='ocrx_word' id='word_1_351' title='bbox 1158 2659 1430 2717; x_wconf 87' lang='grc' dir='ltr'><em>παραινετικός</em></span> <span class='ocrx_word' id='word_1_352' title='bbox 1448 2677 1505 2708; x_wconf 93' lang='grc' dir='ltr'><em>τις</em></span> <span class='ocrx_word' id='word_1_353' title='bbox 1527 2659 1592 2700; x_wconf 82' lang='grc' dir='ltr'><em>καὶ</em></span> <span class='ocrx_word' id='word_1_354' title='bbox 1616 2656 1733 2707; x_wconf 74' lang='grc' dir='ltr'><em>αὐτὸς</em></span> <span class='ocrx_word' id='word_1_355' title='bbox 1754 2657 1876 2713; x_wconf 73' lang='grc' dir='ltr'><em>ὑπῆρ-</em></span> 
     </span>
     <span class='ocr_line' id='line_1_39' title="bbox 362 2725 1878 2785; baseline -0.003 -12"><span class='ocrx_word' id='word_1_356' title='bbox 362 2749 445 2785; x_wconf 83' lang='grc' dir='ltr'><em>χεν,</em></span> <span class='ocrx_word' id='word_1_357' title='bbox 486 2730 532 2773; x_wconf 77' lang='grc' dir='ltr'><em>οὗ</em></span> <span class='ocrx_word' id='word_1_358' title='bbox 560 2733 663 2773; x_wconf 87' lang='grc' dir='ltr'><em>πάνυ</em></span> <span class='ocrx_word' id='word_1_359' title='bbox 691 2736 827 2783; x_wconf 80' lang='grc' dir='ltr'><em>σαφῶς</em></span> <span class='ocrx_word' id='word_1_360' title='bbox 849 2731 937 2784; x_wconf 88' lang='grc' dir='ltr'><em>περὶ</em></span> <span class='ocrx_word' id='word_1_361' title='bbox 962 2734 1030 2770; x_wconf 88' lang='grc' dir='ltr'><em>τοῦ</em></span> <span class='ocrx_word' id='word_1_362' title='bbox 1051 2728 1248 2785; x_wconf 79' lang='grc' dir='ltr'><em>Ἰσιδώρου</em></span> <span class='ocrx_word' id='word_1_363' title='bbox 1272 2734 1415 2785; x_wconf 81' lang='grc' dir='ltr'><em>γνῶναι</em></span> <span class='ocrx_word' id='word_1_364' title='bbox 1438 2725 1703 2781; x_wconf 77' lang='grc' dir='ltr'><em>ἠδυνήθημεν.</em></span> <span class='ocrx_word' id='word_1_365' title='bbox 1765 2726 1878 2780; x_wconf 82' lang='grc' dir='ltr'><em>Πλήν</em></span> 
     </span>
    </p>
   </div>
   <div class='ocr_carea' id='block_1_6' title="bbox 362 2828 1879 3012">
    <p class='ocr_par' dir='ltr' id='par_1_7' title="bbox 362 2828 1879 3012">
     <span class='ocr_line' id='line_1_40' title="bbox 410 2828 1879 2876; baseline -0.002 -11"><span class='ocrx_word' id='word_1_366' title='bbox 410 2836 483 2866; x_wconf 59' lang='lat' dir='ltr'><em>Cw.</em></span> <span class='ocrx_word' id='word_1_367' title='bbox 509 2836 562 2866; x_wconf 77' lang='lat'>111.</span> <span class='ocrx_word' id='word_1_368' title='bbox 586 2854 627 2858; x_wconf 90' lang='lat'>—</span> <span class='ocrx_word' id='word_1_369' title='bbox 655 2835 681 2866; x_wconf 90' lang='grc'><em>1.</em></span> <span class='ocrx_word' id='word_1_370' title='bbox 707 2834 848 2876; x_wconf 76' lang='grc' dir='ltr'><em>ἐπιμενῶ</em></span> <span class='ocrx_word' id='word_1_371' title='bbox 872 2835 1013 2873; x_wconf 78' lang='lat' dir='ltr'><strong><em>rescripsi</em></strong></span> <span class='ocrx_word' id='word_1_372' title='bbox 1032 2844 1099 2865; x_wconf 85' lang='lat' dir='ltr'><em>cum</em></span> <span class='ocrx_word' id='word_1_373' title='bbox 1189 2833 1219 2865; x_wconf 75' lang='lat'><em>2.</em></span> <span class='ocrx_word' id='word_1_374' title='bbox 1244 2831 1368 2874; x_wconf 75' lang='grc' dir='ltr'><em>ταύτην</em></span> <span class='ocrx_word' id='word_1_375' title='bbox 1391 2833 1512 2872; x_wconf 83' lang='lat' dir='ltr'><em>reposui</em></span> <span class='ocrx_word' id='word_1_376' title='bbox 1534 2840 1592 2870; x_wconf 84' lang='lat' dir='ltr'><em>pro</em></span> <span class='ocrx_word' id='word_1_377' title='bbox 1618 2828 1762 2872; x_wconf 76' lang='grc' dir='ltr'><em>τούτων,</em></span> <span class='ocrx_word' id='word_1_378' title='bbox 1798 2833 1879 2871; x_wconf 78' lang='lat' dir='ltr'><strong><em>quod</em></strong></span> 
     </span>
     <span class='ocr_line' id='line_1_41' title="bbox 362 2878 1355 2922; baseline -0.006 -9"><span class='ocrx_word' id='word_1_379' title='bbox 362 2883 496 2913; x_wconf 67' lang='lat' dir='ltr'><em>Petacio.</em></span> <span class='ocrx_word' id='word_1_380' title='bbox 547 2882 641 2920; x_wconf 74' lang='lat' dir='ltr'><em>Vulyo</em></span> <span class='ocrx_word' id='word_1_381' title='bbox 663 2879 822 2922; x_wconf 70' lang='grc' dir='ltr'><em>ἐπιμένων</em></span> <span class='ocrx_word' id='word_1_382' title='bbox 845 2883 937 2911; x_wconf 73' lang='lat' dir='ltr'><em>extat.</em></span> <span class='ocrx_word' id='word_1_383' title='bbox 986 2878 1099 2909; x_wconf 86' lang='lat' dir='ltr'><strong>Adhuc</strong></span> <span class='ocrx_word' id='word_1_384' title='bbox 1145 2882 1214 2910; x_wconf 81' lang='lat' dir='ltr'><em>libri</em></span> <span class='ocrx_word' id='word_1_385' title='bbox 1238 2881 1355 2910; x_wconf 72' lang='lat' dir='ltr'><strong><em>habent.</em></strong></span> 
     </span>
     <span class='ocr_line' id='line_1_42' title="bbox 362 2916 1853 2968; baseline -0.003 -13"><span class='ocrx_word' id='word_1_386' title='bbox 362 2925 578 2968; x_wconf 74' lang='lat' dir='ltr'>perseverabo</span> <span class='ocrx_word' id='word_1_387' title='bbox 602 2925 635 2955; x_wconf 89' lang='lat' dir='ltr'><em>in</em></span> <span class='ocrx_word' id='word_1_388' title='bbox 659 2925 821 2956; x_wconf 71' lang='lat' dir='ltr'>narrando</span> <span class='ocrx_word' id='word_1_389' title='bbox 845 2926 988 2956; x_wconf 77' lang='lat' dir='ltr'><em>convertit</em></span> <span class='ocrx_word' id='word_1_390' title='bbox 1009 2926 1098 2955; x_wconf 74' lang='lat' dir='ltr'><em>etium</em></span> <span class='ocrx_word' id='word_1_391' title='bbox 1189 2924 1219 2955; x_wconf 79' lang='lat'><em>3.</em></span> <span class='ocrx_word' id='word_1_392' title='bbox 1247 2925 1342 2963; x_wconf 76' lang='lat' dir='ltr'><em>Vul9o</em></span> <span class='ocrx_word' id='word_1_393' title='bbox 1365 2919 1567 2964; x_wconf 77' lang='grc' dir='ltr'><em>Ἐπιφάνους</em></span> <span class='ocrx_word' id='word_1_394' title='bbox 1589 2920 1646 2953; x_wconf 81' lang='grc' dir='ltr'><em>τοῦ</em></span> <span class='ocrx_word' id='word_1_395' title='bbox 1670 2916 1853 2963; x_wconf 84' lang='grc' dir='ltr'><em>Ἰσιδώρου.</em></span> 
     </span>
     <span class='ocr_line' id='line_1_43' title="bbox 366 2965 1877 3012; baseline -0.003 -10"><span class='ocrx_word' id='word_1_396' title='bbox 366 2973 540 3002; x_wconf 77' lang='lat' dir='ltr'><strong><em>Carnarius.</em></strong></span> <span class='ocrx_word' id='word_1_397' title='bbox 566 2971 660 3001; x_wconf 84' lang='lat' dir='ltr'><em>Immo</em></span> <span class='ocrx_word' id='word_1_398' title='bbox 676 2967 935 3012; x_wconf 59' lang='grc' dir='ltr'><em>ὗφη·(εῐσὲαιεεε</em></span> <span class='ocrx_word' id='word_1_399' title='bbox 952 2968 1097 3007; x_wconf 79' lang='lat' dir='ltr'>suadere,</span> <span class='ocrx_word' id='word_1_400' title='bbox 1189 2966 1219 3000; x_wconf 69' lang='lat'><em>4.</em></span> <span class='ocrx_word' id='word_1_401' title='bbox 1250 2965 1374 3009; x_wconf 75' lang='grc' dir='ltr'><em>μητρὸς</em></span> <span class='ocrx_word' id='word_1_402' title='bbox 1401 2969 1531 2999; x_wconf 75' lang='lat' dir='ltr'><strong><em>Grabius</em></strong></span> <span class='ocrx_word' id='word_1_403' title='bbox 1562 2967 1705 3006; x_wconf 79' lang='lat' dir='ltr'><strong><em>Spicile9.</em></strong></span> <span class='ocrx_word' id='word_1_404' title='bbox 1733 2968 1790 2997; x_wconf 92' lang='lat' dir='ltr'><em>SS.</em></span> <span class='ocrx_word' id='word_1_405' title='bbox 1813 2968 1877 2997; x_wconf 90' lang='grc' dir='ltr'><em>Ρα-</em></span> 
     </span>
    </p>
   </div>
   <div class='ocr_carea' id='block_1_7' title="bbox 365 3011 1877 3054">
    <p class='ocr_par' dir='ltr' id='par_1_8' title="bbox 365 3011 1877 3054">
     <span class='ocr_line' id='line_1_44' title="bbox 365 3011 1877 3054; baseline -0.003 -8"><span class='ocrx_word' id='word_1_406' title='bbox 365 3015 501 3054; x_wconf 88' lang='lat' dir='ltr'>docere,</span> <span class='ocrx_word' id='word_1_407' title='bbox 531 3014 699 3045; x_wconf 84' lang='lat' dir='ltr'>instruere.</span> <span class='ocrx_word' id='word_1_408' title='bbox 1145 3017 1224 3045; x_wconf 73' lang='lat' dir='ltr'><em>trum</em></span> <span class='ocrx_word' id='word_1_409' title='bbox 1239 3015 1278 3052; x_wconf 85' lang='lat'><em>11,</em></span> <span class='ocrx_word' id='word_1_410' title='bbox 1291 3022 1365 3052; x_wconf 74' lang='lat' dir='ltr'><strong><em>pay.</em></strong></span> <span class='ocrx_word' id='word_1_411' title='bbox 1377 3011 1441 3052; x_wconf 68' lang='lat'><em>59„</em></span> <span class='ocrx_word' id='word_1_412' title='bbox 1460 3021 1497 3043; x_wconf 80' lang='lat' dir='ltr'><em>ex</em></span> <span class='ocrx_word' id='word_1_413' title='bbox 1514 3013 1660 3043; x_wconf 75' lang='lat' dir='ltr'><em>Clemente</em></span> <span class='ocrx_word' id='word_1_414' title='bbox 1672 3013 1756 3043; x_wconf 80' lang='lat' dir='ltr'><strong><em>Alex.</em></strong></span> <span class='ocrx_word' id='word_1_415' title='bbox 1768 3013 1877 3043; x_wconf 81' lang='lat' dir='ltr'><em>Strom.</em></span> 
     </span>
    </p>
   </div>
  </div>
 </body>
</html>
