<?xml version="1.0" encoding="UTF-8"?>
<!DOCTYPE html PUBLIC "-//W3C//DTD XHTML 1.0 Transitional//EN"
    "http://www.w3.org/TR/xhtml1/DTD/xhtml1-transitional.dtd">
<html xmlns="http://www.w3.org/1999/xhtml" xml:lang="en" lang="en">
 <head>
  <title>
</title>
<meta http-equiv="Content-Type" content="text/html;charset=utf-8" />
  <meta name='ocr-system' content='tesseract 3.04.00' />
  <meta name='ocr-capabilities' content='ocr_page ocr_carea ocr_par ocr_line ocrx_word'/>
</head>
<body>
  <div class='ocr_page' id='page_1' title='image "./p1corporishaereseo02epipuoft/p1corporishaereseo02epipuoft_0653.png"; bbox 0 0 2034 3267; ppageno 0'>
   <div class='ocr_carea' id='block_1_1' title="bbox 443 177 1601 221">
    <p class='ocr_par' dir='ltr' id='par_1_1' title="bbox 443 177 1601 221">
     <span class='ocr_line' id='line_1_1' title="bbox 443 177 1601 221; baseline -0.003 -1"><span class='ocrx_word' id='word_1_1' title='bbox 443 188 620 220; x_wconf 69' lang='lat' dir='ltr'>PANAan</span> <span class='ocrx_word' id='word_1_2' title='bbox 643 189 724 220; x_wconf 71' lang='lat' dir='ltr'>Lis.</span> <span class='ocrx_word' id='word_1_3' title='bbox 745 189 768 219; x_wconf 81' lang='lat' dir='ltr'>t.</span> <span class='ocrx_word' id='word_1_4' title='bbox 794 188 898 221; x_wconf 84' lang='lat' dir='ltr'>ToM.</span> <span class='ocrx_word' id='word_1_5' title='bbox 918 188 972 219; x_wconf 81' lang='lat' dir='ltr'>nt.</span> <span class='ocrx_word' id='word_1_6' title='bbox 997 186 1249 219; x_wconf 79' lang='lat' dir='ltr'><strong>HAER.XL11.</strong></span> <span class='ocrx_word' id='word_1_7' title='bbox 1526 177 1601 217; x_wconf 86' lang='grc'>641</span> 
     </span>
    </p>
   </div>
   <div class='ocr_carea' id='block_1_2' title="bbox 92 265 1810 1734">
    <p class='ocr_par' dir='ltr' id='par_1_2' title="bbox 92 265 1611 655">
     <span class='ocr_line' id='line_1_2' title="bbox 203 265 1607 321; baseline -0.003 -13"><span class='ocrx_word' id='word_1_8' title='bbox 203 267 336 308; x_wconf 82' lang='lat' dir='ltr'>Resut.</span> <span class='ocrx_word' id='word_1_9' title='bbox 366 265 418 307; x_wconf 85' lang='grc' dir='ltr'>ΙΙ.</span> <span class='ocrx_word' id='word_1_10' title='bbox 467 265 563 308; x_wconf 89' lang='lat' dir='ltr'>Cum</span> <span class='ocrx_word' id='word_1_11' title='bbox 597 268 666 307; x_wconf 82' lang='lat' dir='ltr'>hoc</span> <span class='ocrx_word' id='word_1_12' title='bbox 699 268 782 307; x_wconf 84' lang='lat' dir='ltr'>toco</span> <span class='ocrx_word' id='word_1_13' title='bbox 807 281 939 307; x_wconf 88' lang='lat' dir='ltr'>rursus</span> <span class='ocrx_word' id='word_1_14' title='bbox 967 267 1162 321; x_wconf 86' lang='lat' dir='ltr'>apostolus</span> <span class='ocrx_word' id='word_1_15' title='bbox 1188 266 1376 318; x_wconf 77' lang='lat' dir='ltr'>significet</span> <span class='ocrx_word' id='word_1_16' title='bbox 1405 272 1607 319; x_wconf 85' lang='lat' dir='ltr'>susceptae</span> 
     </span>
     <span class='ocr_line' id='line_1_3' title="bbox 92 333 1606 376; baseline -0.002 -1"><span class='ocrx_word' id='word_1_17' title='bbox 92 336 217 376; x_wconf 84' lang='lat' dir='ltr'>carnis</span> <span class='ocrx_word' id='word_1_18' title='bbox 243 334 608 375; x_wconf 68' lang='lat' dir='ltr'>administrationem</span> <span class='ocrx_word' id='word_1_19' title='bbox 638 349 787 375; x_wconf 86' lang='lat' dir='ltr'>omnem</span> <span class='ocrx_word' id='word_1_20' title='bbox 819 349 862 375; x_wconf 91' lang='lat' dir='ltr'>ac</span> <span class='ocrx_word' id='word_1_21' title='bbox 887 348 1038 374; x_wconf 83' lang='lat' dir='ltr'>crucem</span> <span class='ocrx_word' id='word_1_22' title='bbox 1071 335 1114 373; x_wconf 92' lang='lat' dir='ltr'>ad</span> <span class='ocrx_word' id='word_1_23' title='bbox 1141 334 1343 373; x_wconf 83' lang='lat' dir='ltr'>tollendum</span> <span class='ocrx_word' id='word_1_24' title='bbox 1369 333 1606 373; x_wconf 82' lang='lat' dir='ltr'>maledictum</span> 
     </span>
     <span class='ocr_line' id='line_1_4' title="bbox 93 401 1608 459; baseline -0.002 -16"><span class='ocrx_word' id='word_1_25' title='bbox 93 404 346 459; x_wconf 69' lang='lat' dir='ltr'>pertinuisse,</span> <span class='ocrx_word' id='word_1_26' title='bbox 389 403 499 457; x_wconf 89' lang='lat' dir='ltr'>idque</span> <span class='ocrx_word' id='word_1_27' title='bbox 532 404 653 457; x_wconf 89' lang='lat' dir='ltr'>ipsum</span> <span class='ocrx_word' id='word_1_28' title='bbox 694 410 731 442; x_wconf 86' lang='lat' dir='ltr'>et</span> <span class='ocrx_word' id='word_1_29' title='bbox 759 403 795 442; x_wconf 95' lang='lat' dir='ltr'>in</span> <span class='ocrx_word' id='word_1_30' title='bbox 826 403 907 456; x_wconf 81' lang='lat' dir='ltr'>tege</span> <span class='ocrx_word' id='word_1_31' title='bbox 939 409 1051 441; x_wconf 88' lang='lat' dir='ltr'>antea</span> <span class='ocrx_word' id='word_1_32' title='bbox 1085 401 1265 455; x_wconf 85' lang='lat' dir='ltr'>scriptum</span> <span class='ocrx_word' id='word_1_33' title='bbox 1300 416 1343 441; x_wconf 86' lang='lat' dir='ltr'>ac</span> <span class='ocrx_word' id='word_1_34' title='bbox 1373 401 1608 456; x_wconf 84' lang='lat' dir='ltr'>praedictum</span> 
     </span>
     <span class='ocr_line' id='line_1_5' title="bbox 93 469 1611 524; baseline -0.002 -13"><span class='ocrx_word' id='word_1_35' title='bbox 93 472 234 522; x_wconf 81' lang='lat' dir='ltr'>fuisse,</span> <span class='ocrx_word' id='word_1_36' title='bbox 279 485 322 511; x_wconf 86' lang='lat' dir='ltr'>ac</span> <span class='ocrx_word' id='word_1_37' title='bbox 355 472 504 511; x_wconf 80' lang='lat' dir='ltr'>demum</span> <span class='ocrx_word' id='word_1_38' title='bbox 538 472 576 510; x_wconf 93' lang='lat' dir='ltr'>in</span> <span class='ocrx_word' id='word_1_39' title='bbox 610 471 802 510; x_wconf 86' lang='lat' dir='ltr'>salvatore</span> <span class='ocrx_word' id='word_1_40' title='bbox 837 470 1070 524; x_wconf 79' lang='lat' dir='ltr'>perfectum,</span> <span class='ocrx_word' id='word_1_41' title='bbox 1119 470 1214 509; x_wconf 86' lang='lat' dir='ltr'>haud</span> <span class='ocrx_word' id='word_1_42' title='bbox 1249 469 1410 510; x_wconf 84' lang='lat' dir='ltr'>obscure</span> <span class='ocrx_word' id='word_1_43' title='bbox 1442 469 1611 509; x_wconf 78' lang='lat' dir='ltr'>declarat</span> 
     </span>
     <span class='ocr_line' id='line_1_6' title="bbox 92 537 1611 591; baseline -0.002 -12"><span class='ocrx_word' id='word_1_44' title='bbox 92 553 168 580; x_wconf 89' lang='lat' dir='ltr'>uon</span> <span class='ocrx_word' id='word_1_45' title='bbox 204 539 367 579; x_wconf 83' lang='lat' dir='ltr'>alienam</span> <span class='ocrx_word' id='word_1_46' title='bbox 400 553 420 579; x_wconf 91' lang='lat' dir='ltr'>a</span> <span class='ocrx_word' id='word_1_47' title='bbox 452 539 645 579; x_wconf 84' lang='lat' dir='ltr'>salvatore</span> <span class='ocrx_word' id='word_1_48' title='bbox 676 551 762 578; x_wconf 85' lang='lat' dir='ltr'>esse</span> <span class='ocrx_word' id='word_1_49' title='bbox 794 538 939 590; x_wconf 84' lang='lat' dir='ltr'>legem,</span> <span class='ocrx_word' id='word_1_50' title='bbox 985 543 1114 591; x_wconf 88' lang='lat' dir='ltr'>utpote</span> <span class='ocrx_word' id='word_1_51' title='bbox 1145 551 1240 590; x_wconf 88' lang='lat' dir='ltr'>quac</span> <span class='ocrx_word' id='word_1_52' title='bbox 1272 537 1315 577; x_wconf 88' lang='lat' dir='ltr'>ab</span> <span class='ocrx_word' id='word_1_53' title='bbox 1348 537 1413 577; x_wconf 88' lang='lat' dir='ltr'>itlo</span> <span class='ocrx_word' id='word_1_54' title='bbox 1442 538 1611 591; x_wconf 85' lang='lat' dir='ltr'>gerenda</span> 
     </span>
     <span class='ocr_line' id='line_1_7' title="bbox 93 603 1264 655; baseline -0.003 -8"><span class='ocrx_word' id='word_1_55' title='bbox 93 607 218 647; x_wconf 86' lang='lat' dir='ltr'>omnia</span> <span class='ocrx_word' id='word_1_56' title='bbox 251 607 456 647; x_wconf 76' lang='lat' dir='ltr'>vaticinata</span> <span class='ocrx_word' id='word_1_57' title='bbox 490 607 625 655; x_wconf 82' lang='lat' dir='ltr'>suerit,</span> <span class='ocrx_word' id='word_1_58' title='bbox 661 619 705 646; x_wconf 89' lang='lat' dir='ltr'>ac</span> <span class='ocrx_word' id='word_1_59' title='bbox 737 604 956 645; x_wconf 86' lang='lat' dir='ltr'>testimonio</span> <span class='ocrx_word' id='word_1_60' title='bbox 989 603 1264 644; x_wconf 84' lang='lat' dir='ltr'>corroborarit.</span> 
     </span>
    </p>

    <p class='ocr_par' dir='ltr' id='par_1_3' title="bbox 94 673 1810 794">
     <span class='ocr_line' id='line_1_8' title="bbox 205 673 1810 726; baseline -0.002 -11"><span class='ocrx_word' id='word_1_61' title='bbox 205 673 336 715; x_wconf 74' lang='lat' dir='ltr'>Sctmt.</span> <span class='ocrx_word' id='word_1_62' title='bbox 366 673 438 714; x_wconf 85' lang='grc' dir='ltr'><strong>ΙΙΙ.</strong></span> <span class='ocrx_word' id='word_1_63' title='bbox 490 676 681 726; x_wconf 75' lang='lat' dir='ltr'>Testifieor</span> <span class='ocrx_word' id='word_1_64' title='bbox 703 688 852 712; x_wconf 76' lang='lat' dir='ltr'>rursum</span> <span class='ocrx_word' id='word_1_65' title='bbox 877 675 1045 724; x_wconf 73' lang='lat' dir='ltr'>quoniam</span> <span class='ocrx_word' id='word_1_66' title='bbox 1076 675 1179 711; x_wconf 77' lang='lat' dir='ltr'>lzomo</span> <span class='ocrx_word' id='word_1_67' title='bbox 1203 676 1442 712; x_wconf 60' lang='lat' dir='ltr'>esromae—Acus</span> <span class='ocrx_word' id='word_1_68' title='bbox 1467 675 1610 712; x_wconf 71' lang='lat' dir='ltr'>debitor·</span> <span class='ocrx_word' id='word_1_69' title='bbox 1628 684 1726 711; x_wconf 79' lang='lat' dir='ltr'>Galat.</span> <span class='ocrx_word' id='word_1_70' title='bbox 1743 686 1767 719; x_wconf 84' lang='lat'>5,</span> <span class='ocrx_word' id='word_1_71' title='bbox 1786 685 1810 712; x_wconf 84' lang='lat'>3.</span> 
     </span>
     <span class='ocr_line' id='line_1_9' title="bbox 94 744 736 794; baseline -0.003 -12"><span class='ocrx_word' id='word_1_72' title='bbox 94 751 150 782; x_wconf 80' lang='lat' dir='ltr'>est</span> <span class='ocrx_word' id='word_1_73' title='bbox 180 747 371 782; x_wconf 77' lang='lat' dir='ltr'>aniversae</span> <span class='ocrx_word' id='word_1_74' title='bbox 401 745 494 794; x_wconf 78' lang='lat' dir='ltr'>legis</span> <span class='ocrx_word' id='word_1_75' title='bbox 523 744 736 793; x_wconf 79' lang='lat' dir='ltr'>implendae.</span> 
     </span>
    </p>

    <p class='ocr_par' dir='ltr' id='par_1_4' title="bbox 96 807 1613 1136">
     <span class='ocr_line' id='line_1_10' title="bbox 206 807 1610 865; baseline 0 -15"><span class='ocrx_word' id='word_1_76' title='bbox 206 810 339 850; x_wconf 81' lang='lat' dir='ltr'>Refttt.</span> <span class='ocrx_word' id='word_1_77' title='bbox 368 809 439 850; x_wconf 82' lang='grc' dir='ltr'>ΙΙΙ.</span> <span class='ocrx_word' id='word_1_78' title='bbox 488 807 599 862; x_wconf 83' lang='lat' dir='ltr'>Quod</span> <span class='ocrx_word' id='word_1_79' title='bbox 625 810 692 859; x_wconf 83' lang='lat' dir='ltr'>ait,</span> <span class='ocrx_word' id='word_1_80' title='bbox 725 809 879 847; x_wconf 70' lang='lat' dir='ltr'>Debizor</span> <span class='ocrx_word' id='word_1_81' title='bbox 898 816 965 855; x_wconf 81' lang='lat' dir='ltr'>est,</span> <span class='ocrx_word' id='word_1_82' title='bbox 1002 822 1076 847; x_wconf 92' lang='lat' dir='ltr'>non</span> <span class='ocrx_word' id='word_1_83' title='bbox 1099 814 1286 861; x_wconf 84' lang='lat' dir='ltr'>tamquam</span> <span class='ocrx_word' id='word_1_84' title='bbox 1309 810 1353 848; x_wconf 83' lang='lat' dir='ltr'>de</span> <span class='ocrx_word' id='word_1_85' title='bbox 1377 823 1417 849; x_wconf 91' lang='lat' dir='ltr'>re</span> <span class='ocrx_word' id='word_1_86' title='bbox 1438 810 1610 865; x_wconf 83' lang='lat' dir='ltr'>quapiam</span> 
     </span>
     <span class='ocr_line' id='line_1_11' title="bbox 96 877 1613 934; baseline -0.001 -15"><span class='ocrx_word' id='word_1_87' title='bbox 96 878 284 934; x_wconf 86' lang='lat' dir='ltr'>prohibita</span> <span class='ocrx_word' id='word_1_88' title='bbox 308 877 424 928; x_wconf 81' lang='lat' dir='ltr'>dixit,</span> <span class='ocrx_word' id='word_1_89' title='bbox 468 878 533 918; x_wconf 86' lang='lat' dir='ltr'>sed</span> <span class='ocrx_word' id='word_1_90' title='bbox 559 877 604 916; x_wconf 85' lang='lat' dir='ltr'>de</span> <span class='ocrx_word' id='word_1_91' title='bbox 630 877 808 930; x_wconf 86' lang='lat' dir='ltr'>graviore</span> <span class='ocrx_word' id='word_1_92' title='bbox 835 877 994 929; x_wconf 86' lang='lat' dir='ltr'>quodam</span> <span class='ocrx_word' id='word_1_93' title='bbox 1023 889 1164 926; x_wconf 77' lang='lat' dir='ltr'>onere,</span> <span class='ocrx_word' id='word_1_94' title='bbox 1209 877 1306 930; x_wconf 83' lang='lat' dir='ltr'>quod</span> <span class='ocrx_word' id='word_1_95' title='bbox 1331 877 1523 918; x_wconf 82' lang='lat' dir='ltr'>sublevari</span> <span class='ocrx_word' id='word_1_96' title='bbox 1548 893 1613 932; x_wconf 92' lang='lat' dir='ltr'>po-</span> 
     </span>
     <span class='ocr_line' id='line_1_12' title="bbox 97 944 1613 999; baseline -0.001 -12"><span class='ocrx_word' id='word_1_97' title='bbox 97 954 184 987; x_wconf 90' lang='lat' dir='ltr'>tcst.</span> <span class='ocrx_word' id='word_1_98' title='bbox 249 945 326 986; x_wconf 86' lang='lat' dir='ltr'>Sed</span> <span class='ocrx_word' id='word_1_99' title='bbox 357 946 431 994; x_wconf 85' lang='lat' dir='ltr'>ita,</span> <span class='ocrx_word' id='word_1_100' title='bbox 476 959 572 985; x_wconf 89' lang='lat' dir='ltr'>unus</span> <span class='ocrx_word' id='word_1_101' title='bbox 601 952 637 984; x_wconf 89' lang='lat' dir='ltr'>ut</span> <span class='ocrx_word' id='word_1_102' title='bbox 666 944 936 994; x_wconf 87' lang='lat' dir='ltr'>sitdominus,</span> <span class='ocrx_word' id='word_1_103' title='bbox 983 944 1043 997; x_wconf 91' lang='lat' dir='ltr'>qni</span> <span class='ocrx_word' id='word_1_104' title='bbox 1069 951 1107 983; x_wconf 90' lang='lat' dir='ltr'>et</span> <span class='ocrx_word' id='word_1_105' title='bbox 1131 958 1293 984; x_wconf 88' lang='lat' dir='ltr'>onerare</span> <span class='ocrx_word' id='word_1_106' title='bbox 1319 945 1460 999; x_wconf 81' lang='lat' dir='ltr'>possit,</span> <span class='ocrx_word' id='word_1_107' title='bbox 1505 953 1543 986; x_wconf 88' lang='lat' dir='ltr'>ct</span> <span class='ocrx_word' id='word_1_108' title='bbox 1569 947 1613 986; x_wconf 86' lang='lat' dir='ltr'>de</span> 
     </span>
     <span class='ocr_line' id='line_1_13' title="bbox 96 1011 1613 1068; baseline -0.001 -13"><span class='ocrx_word' id='word_1_109' title='bbox 96 1029 215 1055; x_wconf 86' lang='lat' dir='ltr'>onere</span> <span class='ocrx_word' id='word_1_110' title='bbox 239 1013 463 1062; x_wconf 81' lang='lat' dir='ltr'>detrahere,</span> <span class='ocrx_word' id='word_1_111' title='bbox 507 1027 575 1067; x_wconf 89' lang='lat' dir='ltr'>pro</span> <span class='ocrx_word' id='word_1_112' title='bbox 600 1026 731 1052; x_wconf 89' lang='lat' dir='ltr'>eorum</span> <span class='ocrx_word' id='word_1_113' title='bbox 755 1012 953 1052; x_wconf 83' lang='lat' dir='ltr'>voluntate</span> <span class='ocrx_word' id='word_1_114' title='bbox 979 1011 1039 1065; x_wconf 94' lang='lat' dir='ltr'>qui</span> <span class='ocrx_word' id='word_1_115' title='bbox 1064 1011 1225 1052; x_wconf 83' lang='lat' dir='ltr'>oblatam</span> <span class='ocrx_word' id='word_1_116' title='bbox 1253 1027 1319 1067; x_wconf 87' lang='lat' dir='ltr'>per</span> <span class='ocrx_word' id='word_1_117' title='bbox 1344 1014 1425 1053; x_wconf 85' lang='lat' dir='ltr'>eins</span> <span class='ocrx_word' id='word_1_118' title='bbox 1453 1013 1613 1068; x_wconf 79' lang='lat' dir='ltr'>gratiam</span> 
     </span>
     <span class='ocr_line' id='line_1_14' title="bbox 96 1079 1123 1136; baseline -0.002 -14"><span class='ocrx_word' id='word_1_119' title='bbox 96 1082 214 1136; x_wconf 87' lang='lat' dir='ltr'>ipsius</span> <span class='ocrx_word' id='word_1_120' title='bbox 246 1082 411 1121; x_wconf 88' lang='lat' dir='ltr'>adventu</span> <span class='ocrx_word' id='word_1_121' title='bbox 442 1080 602 1120; x_wconf 84' lang='lat' dir='ltr'>salntem</span> <span class='ocrx_word' id='word_1_122' title='bbox 635 1080 789 1120; x_wconf 87' lang='lat' dir='ltr'>minime</span> <span class='ocrx_word' id='word_1_123' title='bbox 820 1079 1123 1135; x_wconf 82' lang='lat' dir='ltr'>repudiaverint.</span> 
     </span>
    </p>

    <p class='ocr_par' dir='ltr' id='par_1_5' title="bbox 96 1147 1749 1270">
     <span class='ocr_line' id='line_1_15' title="bbox 210 1147 1749 1202; baseline -0.001 -13"><span class='ocrx_word' id='word_1_124' title='bbox 210 1148 342 1190; x_wconf 80' lang='lat' dir='ltr'>Schol.</span> <span class='ocrx_word' id='word_1_125' title='bbox 372 1147 442 1189; x_wconf 86' lang='lat' dir='ltr'>lV.</span> <span class='ocrx_word' id='word_1_126' title='bbox 489 1147 566 1188; x_wconf 90' lang='lat' dir='ltr'>Pro</span> <span class='ocrx_word' id='word_1_127' title='bbox 598 1162 643 1188; x_wconf 92' lang='lat' dir='ltr'>eo</span> <span class='ocrx_word' id='word_1_128' title='bbox 676 1149 774 1202; x_wconf 90' lang='lat' dir='ltr'>quod</span> <span class='ocrx_word' id='word_1_129' title='bbox 806 1154 887 1198; x_wconf 84' lang='lat' dir='ltr'>est,</span> <span class='ocrx_word' id='word_1_130' title='bbox 931 1150 1116 1187; x_wconf 71' lang='lat' dir='ltr'>Modicum</span> <span class='ocrx_word' id='word_1_131' title='bbox 1135 1149 1362 1202; x_wconf 71' lang='lat' dir='ltr'>firmentum</span> <span class='ocrx_word' id='word_1_132' title='bbox 1388 1157 1497 1188; x_wconf 76' lang='lat' dir='ltr'>lolam</span> <span class='ocrx_word' id='word_1_133' title='bbox 1522 1164 1616 1188; x_wconf 80' lang='lat' dir='ltr'>mas-</span> <span class='ocrx_word' id='word_1_134' title='bbox 1635 1160 1707 1190; x_wconf 86' lang='lat' dir='ltr'>Ibid.</span> <span class='ocrx_word' id='word_1_135' title='bbox 1725 1164 1749 1190; x_wconf 81' lang='grc'>9.</span> 
     </span>
     <span class='ocr_line' id='line_1_16' title="bbox 96 1215 906 1270; baseline -0.005 -12"><span class='ocrx_word' id='word_1_136' title='bbox 96 1234 172 1258; x_wconf 80' lang='lat' dir='ltr'>sam</span> <span class='ocrx_word' id='word_1_137' title='bbox 204 1220 427 1269; x_wconf 75' lang='lat' dir='ltr'>corrumpit,</span> <span class='ocrx_word' id='word_1_138' title='bbox 463 1215 662 1270; x_wconf 78' lang='lat' dir='ltr'>rescripsit</span> <span class='ocrx_word' id='word_1_139' title='bbox 690 1218 906 1255; x_wconf 73' lang='lat' dir='ltr'>Adulterat.</span> 
     </span>
    </p>

    <p class='ocr_par' dir='ltr' id='par_1_6' title="bbox 99 1283 1620 1734">
     <span class='ocr_line' id='line_1_17' title="bbox 209 1283 1618 1339; baseline 0.001 -14"><span class='ocrx_word' id='word_1_140' title='bbox 209 1284 341 1326; x_wconf 83' lang='lat' dir='ltr'>Refut.</span> <span class='ocrx_word' id='word_1_141' title='bbox 369 1283 442 1325; x_wconf 85' lang='lat' dir='ltr'>IV.</span> <span class='ocrx_word' id='word_1_142' title='bbox 489 1283 553 1325; x_wconf 85' lang='lat' dir='ltr'>Ne</span> <span class='ocrx_word' id='word_1_143' title='bbox 584 1284 683 1338; x_wconf 88' lang='lat' dir='ltr'>quod</span> <span class='ocrx_word' id='word_1_144' title='bbox 715 1284 765 1324; x_wconf 88' lang='lat' dir='ltr'>sit</span> <span class='ocrx_word' id='word_1_145' title='bbox 795 1285 890 1339; x_wconf 83' lang='lat' dir='ltr'>apud</span> <span class='ocrx_word' id='word_1_146' title='bbox 921 1283 1023 1324; x_wconf 88' lang='lat' dir='ltr'>illum</span> <span class='ocrx_word' id='word_1_147' title='bbox 1055 1285 1230 1325; x_wconf 77' lang='lat' dir='ltr'>veritatis</span> <span class='ocrx_word' id='word_1_148' title='bbox 1258 1285 1484 1339; x_wconf 78' lang='lat' dir='ltr'>vestigium,</span> <span class='ocrx_word' id='word_1_149' title='bbox 1529 1301 1618 1326; x_wconf 88' lang='lat' dir='ltr'>nus—</span> 
     </span>
     <span class='ocr_line' id='line_1_18' title="bbox 99 1352 1619 1408; baseline 0 -14"><span class='ocrx_word' id='word_1_150' title='bbox 99 1368 210 1408; x_wconf 86' lang='lat' dir='ltr'>quam</span> <span class='ocrx_word' id='word_1_151' title='bbox 245 1355 325 1393; x_wconf 81' lang='lat' dir='ltr'>sere</span> <span class='ocrx_word' id='word_1_152' title='bbox 355 1353 564 1407; x_wconf 84' lang='lat' dir='ltr'>scripturas</span> <span class='ocrx_word' id='word_1_153' title='bbox 591 1352 736 1404; x_wconf 84' lang='lat' dir='ltr'>attigit,</span> <span class='ocrx_word' id='word_1_154' title='bbox 781 1352 870 1406; x_wconf 90' lang='lat' dir='ltr'>quin</span> <span class='ocrx_word' id='word_1_155' title='bbox 897 1352 1084 1393; x_wconf 83' lang='lat' dir='ltr'>malitiose</span> <span class='ocrx_word' id='word_1_156' title='bbox 1108 1353 1247 1407; x_wconf 87' lang='lat' dir='ltr'>aliquid</span> <span class='ocrx_word' id='word_1_157' title='bbox 1272 1353 1509 1406; x_wconf 87' lang='lat' dir='ltr'>immutaret,</span> <span class='ocrx_word' id='word_1_158' title='bbox 1551 1355 1619 1394; x_wconf 88' lang='lat' dir='ltr'>sed</span> 
     </span>
     <span class='ocr_line' id='line_1_19' title="bbox 99 1420 1618 1476; baseline 0 -14"><span class='ocrx_word' id='word_1_159' title='bbox 99 1436 151 1462; x_wconf 81' lang='lat' dir='ltr'>ex</span> <span class='ocrx_word' id='word_1_160' title='bbox 182 1436 228 1462; x_wconf 89' lang='lat' dir='ltr'>eo</span> <span class='ocrx_word' id='word_1_161' title='bbox 259 1421 356 1476; x_wconf 91' lang='lat' dir='ltr'>quod</span> <span class='ocrx_word' id='word_1_162' title='bbox 388 1420 562 1474; x_wconf 90' lang='lat' dir='ltr'>sequitur</span> <span class='ocrx_word' id='word_1_163' title='bbox 587 1420 773 1460; x_wconf 88' lang='lat' dir='ltr'>orationis</span> <span class='ocrx_word' id='word_1_164' title='bbox 796 1420 918 1460; x_wconf 87' lang='lat' dir='ltr'>series</span> <span class='ocrx_word' id='word_1_165' title='bbox 942 1420 1023 1475; x_wconf 86' lang='lat' dir='ltr'>ipsa</span> <span class='ocrx_word' id='word_1_166' title='bbox 1047 1421 1248 1460; x_wconf 77' lang='lat' dir='ltr'>manifesta</span> <span class='ocrx_word' id='word_1_167' title='bbox 1273 1422 1456 1462; x_wconf 88' lang='lat' dir='ltr'>redditur.</span> <span class='ocrx_word' id='word_1_168' title='bbox 1515 1421 1618 1462; x_wconf 89' lang='lat' dir='ltr'>Nam</span> 
     </span>
     <span class='ocr_line' id='line_1_20' title="bbox 99 1488 1620 1544; baseline 0 -14"><span class='ocrx_word' id='word_1_169' title='bbox 99 1492 343 1539; x_wconf 86' lang='lat' dir='ltr'>fermentum,</span> <span class='ocrx_word' id='word_1_170' title='bbox 376 1489 484 1529; x_wconf 87' lang='lat' dir='ltr'>velut</span> <span class='ocrx_word' id='word_1_171' title='bbox 508 1490 626 1528; x_wconf 83' lang='lat' dir='ltr'>forma</span> <span class='ocrx_word' id='word_1_172' title='bbox 653 1488 852 1541; x_wconf 82' lang='lat' dir='ltr'>quaedam,</span> <span class='ocrx_word' id='word_1_173' title='bbox 889 1502 1039 1528; x_wconf 80' lang='lat' dir='ltr'>massae</span> <span class='ocrx_word' id='word_1_174' title='bbox 1062 1489 1241 1529; x_wconf 86' lang='lat' dir='ltr'>subactae</span> <span class='ocrx_word' id='word_1_175' title='bbox 1261 1503 1353 1544; x_wconf 89' lang='lat' dir='ltr'>opus</span> <span class='ocrx_word' id='word_1_176' title='bbox 1378 1498 1451 1541; x_wconf 87' lang='lat' dir='ltr'>est,</span> <span class='ocrx_word' id='word_1_177' title='bbox 1485 1497 1523 1530; x_wconf 89' lang='lat' dir='ltr'>et</span> <span class='ocrx_word' id='word_1_178' title='bbox 1545 1492 1620 1530; x_wconf 87' lang='lat' dir='ltr'>fer-</span> 
     </span>
     <span class='ocr_line' id='line_1_21' title="bbox 99 1556 1620 1611; baseline 0.001 -13"><span class='ocrx_word' id='word_1_179' title='bbox 99 1558 282 1598; x_wconf 88' lang='lat' dir='ltr'>mentatio</span> <span class='ocrx_word' id='word_1_180' title='bbox 315 1557 396 1611; x_wconf 87' lang='lat' dir='ltr'>ipsa</span> <span class='ocrx_word' id='word_1_181' title='bbox 427 1570 447 1596; x_wconf 94' lang='lat' dir='ltr'>e</span> <span class='ocrx_word' id='word_1_182' title='bbox 479 1556 634 1597; x_wconf 82' lang='lat' dir='ltr'>subacta</span> <span class='ocrx_word' id='word_1_183' title='bbox 666 1570 793 1596; x_wconf 87' lang='lat' dir='ltr'>massa</span> <span class='ocrx_word' id='word_1_184' title='bbox 823 1557 884 1608; x_wconf 80' lang='lat' dir='ltr'>fit3</span> <span class='ocrx_word' id='word_1_185' title='bbox 928 1570 1050 1610; x_wconf 86' lang='lat' dir='ltr'>neque</span> <span class='ocrx_word' id='word_1_186' title='bbox 1077 1557 1340 1611; x_wconf 82' lang='lat' dir='ltr'>primigeniam</span> <span class='ocrx_word' id='word_1_187' title='bbox 1370 1559 1526 1599; x_wconf 84' lang='lat' dir='ltr'>formam</span> <span class='ocrx_word' id='word_1_188' title='bbox 1555 1559 1620 1598; x_wconf 87' lang='lat' dir='ltr'>de-</span> 
     </span>
     <span class='ocr_line' id='line_1_22' title="bbox 100 1624 1620 1681; baseline 0.001 -15"><span class='ocrx_word' id='word_1_189' title='bbox 100 1626 266 1676; x_wconf 82' lang='lat' dir='ltr'>struxit,</span> <span class='ocrx_word' id='word_1_190' title='bbox 301 1625 361 1679; x_wconf 87' lang='lat' dir='ltr'>qni</span> <span class='ocrx_word' id='word_1_191' title='bbox 391 1625 598 1679; x_wconf 85' lang='lat' dir='ltr'>prudenter</span> <span class='ocrx_word' id='word_1_192' title='bbox 621 1624 905 1665; x_wconf 85' lang='lat' dir='ltr'>similitudinem</span> <span class='ocrx_word' id='word_1_193' title='bbox 938 1625 1037 1664; x_wconf 87' lang='lat' dir='ltr'>illam</span> <span class='ocrx_word' id='word_1_194' title='bbox 1069 1626 1467 1681; x_wconf 88' lang='lat' dir='ltr'>comparationemque</span> <span class='ocrx_word' id='word_1_195' title='bbox 1496 1634 1620 1668; x_wconf 90' lang='lat' dir='ltr'>trans-</span> 
     </span>
     <span class='ocr_line' id='line_1_23' title="bbox 101 1693 198 1734; baseline -0.01 0"><span class='ocrx_word' id='word_1_196' title='bbox 101 1693 198 1734; x_wconf 88' lang='lat' dir='ltr'>tulit.</span> 
     </span>
    </p>
   </div>
   <div class='ocr_carea' id='block_1_3' title="bbox 102 1759 1769 1880">
    <p class='ocr_par' dir='ltr' id='par_1_7' title="bbox 102 1759 1769 1880">
     <span class='ocr_line' id='line_1_24' title="bbox 214 1759 1769 1814; baseline 0.003 -14"><span class='ocrx_word' id='word_1_197' title='bbox 214 1759 346 1801; x_wconf 76' lang='lat' dir='ltr'>Schot.</span> <span class='ocrx_word' id='word_1_198' title='bbox 375 1759 427 1800; x_wconf 87' lang='lat' dir='ltr'>V.</span> <span class='ocrx_word' id='word_1_199' title='bbox 477 1763 600 1799; x_wconf 82' lang='lat' dir='ltr'>Omnis</span> <span class='ocrx_word' id='word_1_200' title='bbox 626 1764 719 1799; x_wconf 85' lang='lat' dir='ltr'>enim</span> <span class='ocrx_word' id='word_1_201' title='bbox 746 1763 806 1799; x_wconf 69' lang='lat' dir='ltr'>lex</span> <span class='ocrx_word' id='word_1_202' title='bbox 829 1763 866 1799; x_wconf 79' lang='lat' dir='ltr'>in</span> <span class='ocrx_word' id='word_1_203' title='bbox 893 1775 933 1800; x_wconf 87' lang='lat' dir='ltr'>eo</span> <span class='ocrx_word' id='word_1_204' title='bbox 960 1762 1060 1800; x_wconf 78' lang='lat' dir='ltr'>vobis</span> <span class='ocrx_word' id='word_1_205' title='bbox 1085 1763 1256 1813; x_wconf 74' lang='lat' dir='ltr'>impletur</span> <span class='ocrx_word' id='word_1_206' title='bbox 1268 1778 1279 1800; x_wconf 94' lang='lat'><em>:</em></span> <span class='ocrx_word' id='word_1_207' title='bbox 1322 1764 1466 1814; x_wconf 65' lang='lat' dir='ltr'>Diliges</span> <span class='ocrx_word' id='word_1_208' title='bbox 1487 1767 1620 1814; x_wconf 66' lang='lat' dir='ltr'>prooei-</span> <span class='ocrx_word' id='word_1_209' title='bbox 1639 1777 1711 1806; x_wconf 80' lang='lat' dir='ltr'>tbid.</span> <span class='ocrx_word' id='word_1_210' title='bbox 1731 1779 1769 1805; x_wconf 73' lang='lat'>14.</span> 
     </span>
     <span class='ocr_line' id='line_1_25' title="bbox 102 1831 651 1880; baseline -0.004 -11"><span class='ocrx_word' id='word_1_211' title='bbox 102 1844 196 1869; x_wconf 83' lang='lat' dir='ltr'>mum</span> <span class='ocrx_word' id='word_1_212' title='bbox 230 1837 328 1867; x_wconf 72' lang='lat' dir='ltr'>latim</span> <span class='ocrx_word' id='word_1_213' title='bbox 359 1831 459 1867; x_wconf 59' lang='lat' dir='ltr'>set-at</span> <span class='ocrx_word' id='word_1_214' title='bbox 486 1831 651 1880; x_wconf 56' lang='lat' dir='ltr'>teipsum.</span> 
     </span>
    </p>
   </div>
   <div class='ocr_carea' id='block_1_4' title="bbox 103 1894 1775 2560">
    <p class='ocr_par' dir='ltr' id='par_1_8' title="bbox 103 1894 1625 2347">
     <span class='ocr_line' id='line_1_26' title="bbox 217 1894 1623 1952; baseline 0.003 -16"><span class='ocrx_word' id='word_1_215' title='bbox 217 1895 351 1936; x_wconf 81' lang='lat' dir='ltr'>Refut.</span> <span class='ocrx_word' id='word_1_216' title='bbox 372 1894 424 1936; x_wconf 90' lang='lat' dir='ltr'>V.</span> <span class='ocrx_word' id='word_1_217' title='bbox 474 1894 574 1949; x_wconf 78' lang='lat' dir='ltr'>Quid</span> <span class='ocrx_word' id='word_1_218' title='bbox 599 1896 782 1937; x_wconf 82' lang='lat' dir='ltr'>attinebat</span> <span class='ocrx_word' id='word_1_219' title='bbox 803 1897 1013 1952; x_wconf 79' lang='lat' dir='ltr'>apostolum</span> <span class='ocrx_word' id='word_1_220' title='bbox 1035 1897 1159 1951; x_wconf 88' lang='lat' dir='ltr'>legem</span> <span class='ocrx_word' id='word_1_221' title='bbox 1183 1897 1383 1949; x_wconf 80' lang='lat' dir='ltr'>adhibere,</span> <span class='ocrx_word' id='word_1_222' title='bbox 1418 1898 1451 1938; x_wconf 92' lang='lat' dir='ltr'>si</span> <span class='ocrx_word' id='word_1_223' title='bbox 1475 1913 1496 1940; x_wconf 85' lang='lat' dir='ltr'>a</span> <span class='ocrx_word' id='word_1_224' title='bbox 1517 1906 1623 1940; x_wconf 90' lang='lat' dir='ltr'>vete-</span> 
     </span>
     <span class='ocr_line' id='line_1_27' title="bbox 103 1963 1624 2021; baseline 0.001 -15"><span class='ocrx_word' id='word_1_225' title='bbox 103 1965 208 2006; x_wconf 91' lang='lat' dir='ltr'>ribus</span> <span class='ocrx_word' id='word_1_226' title='bbox 232 1964 420 2004; x_wconf 88' lang='lat' dir='ltr'>mandatis</span> <span class='ocrx_word' id='word_1_227' title='bbox 442 1978 582 2005; x_wconf 85' lang='lat' dir='ltr'>novum</span> <span class='ocrx_word' id='word_1_228' title='bbox 605 1971 872 2005; x_wconf 86' lang='lat' dir='ltr'>testamentum</span> <span class='ocrx_word' id='word_1_229' title='bbox 894 1965 1148 2006; x_wconf 86' lang='lat' dir='ltr'>abhorreret?</span> <span class='ocrx_word' id='word_1_230' title='bbox 1203 1963 1279 2006; x_wconf 89' lang='lat' dir='ltr'>Sed</span> <span class='ocrx_word' id='word_1_231' title='bbox 1306 1972 1345 2005; x_wconf 92' lang='lat' dir='ltr'>nt</span> <span class='ocrx_word' id='word_1_232' title='bbox 1365 1974 1495 2021; x_wconf 88' lang='lat' dir='ltr'>aperte</span> <span class='ocrx_word' id='word_1_233' title='bbox 1517 1982 1624 2007; x_wconf 90' lang='lat' dir='ltr'>mon-</span> 
     </span>
     <span class='ocr_line' id='line_1_28' title="bbox 105 2032 1622 2087; baseline 0.001 -13"><span class='ocrx_word' id='word_1_234' title='bbox 105 2040 247 2074; x_wconf 87' lang='lat' dir='ltr'>straret</span> <span class='ocrx_word' id='word_1_235' title='bbox 272 2033 344 2073; x_wconf 88' lang='lat' dir='ltr'>duo</span> <span class='ocrx_word' id='word_1_236' title='bbox 378 2032 440 2072; x_wconf 82' lang='lat' dir='ltr'>itta</span> <span class='ocrx_word' id='word_1_237' title='bbox 464 2039 693 2073; x_wconf 80' lang='lat' dir='ltr'>testamenta</span> <span class='ocrx_word' id='word_1_238' title='bbox 726 2033 772 2073; x_wconf 85' lang='lat' dir='ltr'>ab</span> <span class='ocrx_word' id='word_1_239' title='bbox 806 2047 879 2073; x_wconf 93' lang='lat' dir='ltr'>uno</span> <span class='ocrx_word' id='word_1_240' title='bbox 903 2033 1113 2087; x_wconf 90' lang='lat' dir='ltr'>eodemque</span> <span class='ocrx_word' id='word_1_241' title='bbox 1145 2041 1301 2075; x_wconf 88' lang='lat' dir='ltr'>auctore</span> <span class='ocrx_word' id='word_1_242' title='bbox 1330 2035 1400 2074; x_wconf 86' lang='lat' dir='ltr'>deo</span> <span class='ocrx_word' id='word_1_243' title='bbox 1428 2050 1622 2087; x_wconf 87' lang='lat' dir='ltr'>manasse,</span> 
     </span>
     <span class='ocr_line' id='line_1_29' title="bbox 105 2100 1621 2157; baseline 0 -14"><span class='ocrx_word' id='word_1_244' title='bbox 105 2114 368 2155; x_wconf 86' lang='lat' dir='ltr'>summamque</span> <span class='ocrx_word' id='word_1_245' title='bbox 391 2100 587 2140; x_wconf 85' lang='lat' dir='ltr'>amborum</span> <span class='ocrx_word' id='word_1_246' title='bbox 609 2115 696 2141; x_wconf 89' lang='lat' dir='ltr'>esse</span> <span class='ocrx_word' id='word_1_247' title='bbox 711 2102 985 2153; x_wconf 59' lang='lat' dir='ltr'>concordiam,</span> <span class='ocrx_word' id='word_1_248' title='bbox 1021 2102 1220 2156; x_wconf 82' lang='lat' dir='ltr'>utrobique</span> <span class='ocrx_word' id='word_1_249' title='bbox 1241 2102 1502 2157; x_wconf 83' lang='lat' dir='ltr'>proximorum</span> <span class='ocrx_word' id='word_1_250' title='bbox 1527 2104 1621 2144; x_wconf 79' lang='lat' dir='ltr'>cari·</span> 
     </span>
     <span class='ocr_line' id='line_1_30' title="bbox 106 2169 1624 2225; baseline 0.001 -15"><span class='ocrx_word' id='word_1_251' title='bbox 106 2177 180 2210; x_wconf 80' lang='lat' dir='ltr'>tate</span> <span class='ocrx_word' id='word_1_252' title='bbox 205 2170 329 2224; x_wconf 83' lang='lat' dir='ltr'>legem</span> <span class='ocrx_word' id='word_1_253' title='bbox 353 2169 499 2224; x_wconf 81' lang='lat' dir='ltr'>impleri</span> <span class='ocrx_word' id='word_1_254' title='bbox 526 2169 785 2223; x_wconf 83' lang='lat' dir='ltr'>significatur,</span> <span class='ocrx_word' id='word_1_255' title='bbox 829 2183 923 2223; x_wconf 89' lang='lat' dir='ltr'>quae</span> <span class='ocrx_word' id='word_1_256' title='bbox 948 2171 1157 2225; x_wconf 75' lang='lat' dir='ltr'>perfectum</span> <span class='ocrx_word' id='word_1_257' title='bbox 1182 2171 1431 2225; x_wconf 89' lang='lat' dir='ltr'>omnibusque</span> <span class='ocrx_word' id='word_1_258' title='bbox 1457 2172 1624 2212; x_wconf 90' lang='lat' dir='ltr'>numeris</span> 
     </span>
     <span class='ocr_line' id='line_1_31' title="bbox 105 2235 1625 2293; baseline 0.001 -14"><span class='ocrx_word' id='word_1_259' title='bbox 105 2238 319 2280; x_wconf 85' lang='lat' dir='ltr'>absolutum</span> <span class='ocrx_word' id='word_1_260' title='bbox 348 2237 485 2277; x_wconf 87' lang='lat' dir='ltr'>bonum</span> <span class='ocrx_word' id='word_1_261' title='bbox 511 2237 660 2277; x_wconf 86' lang='lat' dir='ltr'>efficiat.</span> <span class='ocrx_word' id='word_1_262' title='bbox 722 2235 814 2277; x_wconf 91' lang='lat' dir='ltr'>Ideo</span> <span class='ocrx_word' id='word_1_263' title='bbox 839 2239 1112 2293; x_wconf 80' lang='lat' dir='ltr'>perfectionem</span> <span class='ocrx_word' id='word_1_264' title='bbox 1140 2239 1236 2292; x_wconf 84' lang='lat' dir='ltr'>legis</span> <span class='ocrx_word' id='word_1_265' title='bbox 1265 2239 1460 2293; x_wconf 86' lang='lat' dir='ltr'>apostolus</span> <span class='ocrx_word' id='word_1_266' title='bbox 1487 2240 1625 2280; x_wconf 88' lang='lat' dir='ltr'>carita-</span> 
     </span>
     <span class='ocr_line' id='line_1_32' title="bbox 107 2305 476 2347; baseline -0.008 0"><span class='ocrx_word' id='word_1_267' title='bbox 107 2315 180 2347; x_wconf 85' lang='lat' dir='ltr'>tem</span> <span class='ocrx_word' id='word_1_268' title='bbox 214 2320 300 2346; x_wconf 88' lang='lat' dir='ltr'>esse</span> <span class='ocrx_word' id='word_1_269' title='bbox 332 2305 476 2345; x_wconf 78' lang='lat' dir='ltr'>definit.</span> 
     </span>
    </p>

    <p class='ocr_par' dir='ltr' id='par_1_9' title="bbox 108 2371 1775 2560">
     <span class='ocr_line' id='line_1_33' title="bbox 219 2371 1775 2429; baseline 0.001 -15"><span class='ocrx_word' id='word_1_270' title='bbox 219 2373 351 2415; x_wconf 81' lang='lat' dir='ltr'>Schoi.</span> <span class='ocrx_word' id='word_1_271' title='bbox 377 2372 411 2413; x_wconf 75' lang='lat' dir='ltr'>V</span> <span class='ocrx_word' id='word_1_272' title='bbox 421 2371 449 2412; x_wconf 94' lang='grc' dir='ltr'>Ι.</span> <span class='ocrx_word' id='word_1_273' title='bbox 497 2375 698 2426; x_wconf 61' lang='lat' dir='ltr'>„Uamsesta</span> <span class='ocrx_word' id='word_1_274' title='bbox 719 2381 809 2412; x_wconf 75' lang='lat' dir='ltr'>sant</span> <span class='ocrx_word' id='word_1_275' title='bbox 827 2382 945 2413; x_wconf 81' lang='lat' dir='ltr'>autem</span> <span class='ocrx_word' id='word_1_276' title='bbox 969 2390 1079 2427; x_wconf 74' lang='lat' dir='ltr'>opera</span> <span class='ocrx_word' id='word_1_277' title='bbox 1103 2379 1227 2415; x_wconf 76' lang='lat' dir='ltr'>earnis</span> <span class='ocrx_word' id='word_1_278' title='bbox 1244 2407 1254 2422; x_wconf 95' lang='lat'>,</span> <span class='ocrx_word' id='word_1_279' title='bbox 1288 2390 1380 2428; x_wconf 79' lang='lat' dir='ltr'>qnae</span> <span class='ocrx_word' id='word_1_280' title='bbox 1399 2378 1625 2429; x_wconf 76' lang='lat' dir='ltr'>santforni-</span> <span class='ocrx_word' id='word_1_281' title='bbox 1643 2391 1716 2420; x_wconf 78' lang='lat' dir='ltr'>thid.</span> <span class='ocrx_word' id='word_1_282' title='bbox 1736 2394 1775 2421; x_wconf 76' lang='lat'>19.</span> 
     </span>
     <span class='ocr_line' id='line_1_34' title="bbox 108 2443 1622 2495; baseline -0.001 -12"><span class='ocrx_word' id='word_1_283' title='bbox 108 2447 217 2491; x_wconf 83' lang='lat' dir='ltr'>catio,</span> <span class='ocrx_word' id='word_1_284' title='bbox 253 2444 501 2488; x_wconf 74' lang='lat' dir='ltr'>immunditia,</span> <span class='ocrx_word' id='word_1_285' title='bbox 538 2443 712 2488; x_wconf 67' lang='lat' dir='ltr'>luxuria,</span> <span class='ocrx_word' id='word_1_286' title='bbox 747 2444 924 2482; x_wconf 78' lang='lat' dir='ltr'>idolorum</span> <span class='ocrx_word' id='word_1_287' title='bbox 954 2447 1112 2483; x_wconf 75' lang='lat' dir='ltr'>servitus</span> <span class='ocrx_word' id='word_1_288' title='bbox 1125 2475 1133 2490; x_wconf 97' lang='lat'>,</span> <span class='ocrx_word' id='word_1_289' title='bbox 1170 2445 1360 2495; x_wconf 71' lang='lat' dir='ltr'>veneficia,</span> <span class='ocrx_word' id='word_1_290' title='bbox 1395 2447 1622 2495; x_wconf 71' lang='lat' dir='ltr'>inimicitiae,</span> 
     </span>
     <span class='ocr_line' id='line_1_35' title="bbox 109 2511 1626 2560; baseline 0 -9"><span class='ocrx_word' id='word_1_291' title='bbox 109 2514 376 2557; x_wconf 79' lang='lat' dir='ltr'>contentiones,</span> <span class='ocrx_word' id='word_1_292' title='bbox 417 2511 700 2557; x_wconf 77' lang='lat' dir='ltr'>aemulationes,</span> <span class='ocrx_word' id='word_1_293' title='bbox 742 2513 840 2558; x_wconf 82' lang='lat' dir='ltr'>irae,</span> <span class='ocrx_word' id='word_1_294' title='bbox 877 2514 1004 2559; x_wconf 70' lang='lat' dir='ltr'>ria-ae,</span> <span class='ocrx_word' id='word_1_295' title='bbox 1039 2514 1302 2558; x_wconf 65' lang='lat' dir='ltr'>detesensiones,</span> <span class='ocrx_word' id='word_1_296' title='bbox 1336 2520 1478 2560; x_wconf 79' lang='lat' dir='ltr'>seclae,</span> <span class='ocrx_word' id='word_1_297' title='bbox 1512 2515 1626 2552; x_wconf 81' lang='lat' dir='ltr'>lzomi-</span> 
     </span>
    </p>
   </div>
   <div class='ocr_carea' id='block_1_5' title="bbox 108 2676 1629 2766">
    <p class='ocr_par' dir='ltr' id='par_1_10' title="bbox 108 2676 1629 2766">
     <span class='ocr_line' id='line_1_36' title="bbox 109 2676 1629 2722; baseline 0.002 -10"><span class='ocrx_word' id='word_1_298' title='bbox 109 2691 145 2713; x_wconf 79' lang='lat' dir='ltr'>ex</span> <span class='ocrx_word' id='word_1_299' title='bbox 164 2682 229 2712; x_wconf 85' lang='lat' dir='ltr'>cod.</span> <span class='ocrx_word' id='word_1_300' title='bbox 250 2682 345 2712; x_wconf 73' lang='lat' dir='ltr'>t&#39;atic.</span> <span class='ocrx_word' id='word_1_301' title='bbox 366 2682 499 2720; x_wconf 82' lang='lat' dir='ltr'>reposuit</span> <span class='ocrx_word' id='word_1_302' title='bbox 520 2680 673 2711; x_wconf 70' lang='lat' dir='ltr'>petavius.</span> <span class='ocrx_word' id='word_1_303' title='bbox 721 2681 753 2710; x_wconf 83' lang='lat' dir='ltr'>In</span> <span class='ocrx_word' id='word_1_304' title='bbox 776 2681 845 2711; x_wconf 82' lang='lat' dir='ltr'>edit.</span> <span class='ocrx_word' id='word_1_305' title='bbox 935 2679 987 2713; x_wconf 59' lang='lat'>59.</span> <span class='ocrx_word' id='word_1_306' title='bbox 1014 2683 1114 2713; x_wconf 78' lang='lat' dir='ltr'>Facile</span> <span class='ocrx_word' id='word_1_307' title='bbox 1137 2683 1249 2721; x_wconf 81' lang='lat' dir='ltr'>aliquis</span> <span class='ocrx_word' id='word_1_308' title='bbox 1273 2684 1435 2714; x_wconf 79' lang='lat' dir='ltr'>correxerit</span> <span class='ocrx_word' id='word_1_309' title='bbox 1459 2682 1556 2722; x_wconf 63' lang='lat'>3203,</span> <span class='ocrx_word' id='word_1_310' title='bbox 1590 2676 1629 2716; x_wconf 70' lang='grc' dir='ltr'>οὗ</span> 
     </span>
     <span class='ocr_line' id='line_1_37' title="bbox 108 2725 1223 2766; baseline 0.003 -10"><span class='ocrx_word' id='word_1_311' title='bbox 108 2728 206 2766; x_wconf 78' lang='lat' dir='ltr'>princ.</span> <span class='ocrx_word' id='word_1_312' title='bbox 229 2727 328 2765; x_wconf 81' lang='lat' dir='ltr'>enim,</span> <span class='ocrx_word' id='word_1_313' title='bbox 352 2735 483 2765; x_wconf 83' lang='lat' dir='ltr'>quacum</span> <span class='ocrx_word' id='word_1_314' title='bbox 503 2726 656 2763; x_wconf 80' lang='lat' dir='ltr'>conspirat</span> <span class='ocrx_word' id='word_1_315' title='bbox 677 2726 767 2756; x_wconf 81' lang='lat' dir='ltr'>etiam</span> <span class='ocrx_word' id='word_1_316' title='bbox 784 2726 849 2756; x_wconf 80' lang='lat' dir='ltr'>cod.</span> <span class='ocrx_word' id='word_1_317' title='bbox 895 2726 929 2759; x_wconf 83' lang='grc' dir='ltr'>αἱ</span> <span class='ocrx_word' id='word_1_318' title='bbox 952 2728 980 2760; x_wconf 90' lang='grc' dir='ltr'>δ.</span> <span class='ocrx_word' id='word_1_319' title='bbox 1003 2728 1031 2760; x_wconf 87' lang='grc' dir='ltr'>δ.</span> <span class='ocrx_word' id='word_1_320' title='bbox 1046 2752 1054 2765; x_wconf 86' lang='grc'>,</span> <span class='ocrx_word' id='word_1_321' title='bbox 1080 2725 1137 2759; x_wconf 77' lang='grc' dir='ltr'>καὶ</span> <span class='ocrx_word' id='word_1_322' title='bbox 1160 2730 1223 2759; x_wconf 80' lang='lat' dir='ltr'>cett.</span> 
     </span>
    </p>
   </div>
   <div class='ocr_carea' id='block_1_6' title="bbox 112 2768 1626 2814">
    <p class='ocr_par' dir='ltr' id='par_1_11' title="bbox 112 2768 1626 2814">
     <span class='ocr_line' id='line_1_38' title="bbox 112 2768 1626 2814; baseline 0.003 -12"><span class='ocrx_word' id='word_1_323' title='bbox 112 2772 260 2811; x_wconf 82' lang='lat' dir='ltr'>Rhedi9.‚</span> <span class='ocrx_word' id='word_1_324' title='bbox 295 2773 400 2802; x_wconf 83' lang='lat' dir='ltr'>vitiose</span> <span class='ocrx_word' id='word_1_325' title='bbox 424 2774 506 2802; x_wconf 68' lang='lat' dir='ltr'>extat</span> <span class='ocrx_word' id='word_1_326' title='bbox 537 2768 584 2813; x_wconf 81' lang='grc' dir='ltr'>τῷ</span> <span class='ocrx_word' id='word_1_327' title='bbox 611 2769 794 2812; x_wconf 59' lang='grc' dir='ltr'>ζυμοῦσὲαι</span> <span class='ocrx_word' id='word_1_328' title='bbox 818 2768 849 2803; x_wconf 79' lang='grc' dir='ltr'>ἐν</span> <span class='ocrx_word' id='word_1_329' title='bbox 937 2771 990 2804; x_wconf 83' lang='grc'>90.</span> <span class='ocrx_word' id='word_1_330' title='bbox 1015 2770 1231 2814; x_wconf 69' lang='grc' dir='ltr'>ἐργαζόμενον</span> <span class='ocrx_word' id='word_1_331' title='bbox 1250 2774 1359 2812; x_wconf 75' lang='lat' dir='ltr'>scripsi</span> <span class='ocrx_word' id='word_1_332' title='bbox 1374 2782 1431 2811; x_wconf 84' lang='lat' dir='ltr'>pro</span> <span class='ocrx_word' id='word_1_333' title='bbox 1451 2770 1626 2814; x_wconf 47' lang='lat' dir='ltr'>&amp;mettani-</span> 
     </span>
    </p>
   </div>
   <div class='ocr_carea' id='block_1_7' title="bbox 111 2818 1627 3039">
    <p class='ocr_par' dir='ltr' id='par_1_12' title="bbox 111 2818 1627 2902">
     <span class='ocr_line' id='line_1_39' title="bbox 111 2818 1627 2857; baseline 0.001 -9"><span class='ocrx_word' id='word_1_334' title='bbox 111 2818 188 2854; x_wconf 76' lang='grc' dir='ltr'>τοῖς.</span> <span class='ocrx_word' id='word_1_335' title='bbox 894 2828 964 2855; x_wconf 84' lang='grc' dir='ltr'>νου,</span> <span class='ocrx_word' id='word_1_336' title='bbox 990 2819 1070 2857; x_wconf 82' lang='lat' dir='ltr'>quod</span> <span class='ocrx_word' id='word_1_337' title='bbox 1095 2819 1164 2848; x_wconf 82' lang='lat' dir='ltr'>libri</span> <span class='ocrx_word' id='word_1_338' title='bbox 1186 2821 1314 2848; x_wconf 77' lang='lat' dir='ltr'>tuentur.</span> <span class='ocrx_word' id='word_1_339' title='bbox 1358 2819 1440 2849; x_wconf 80' lang='lat' dir='ltr'><em>Illud</em></span> <span class='ocrx_word' id='word_1_340' title='bbox 1463 2820 1542 2849; x_wconf 85' lang='lat' dir='ltr'>enim</span> <span class='ocrx_word' id='word_1_341' title='bbox 1561 2828 1627 2850; x_wconf 83' lang='lat' dir='ltr'>sen-</span> 
     </span>
     <span class='ocr_line' id='line_1_40' title="bbox 155 2860 1150 2902; baseline 0.001 -10"><span class='ocrx_word' id='word_1_342' title='bbox 155 2860 208 2894; x_wconf 50' lang='lat'>³47.</span> <span class='ocrx_word' id='word_1_343' title='bbox 239 2862 290 2894; x_wconf 74' lang='lat' dir='ltr'>sic</span> <span class='ocrx_word' id='word_1_344' title='bbox 319 2862 409 2892; x_wconf 80' lang='lat' dir='ltr'>etiam</span> <span class='ocrx_word' id='word_1_345' title='bbox 439 2870 545 2900; x_wconf 84' lang='lat' dir='ltr'>supra.</span> <span class='ocrx_word' id='word_1_346' title='bbox 592 2862 716 2892; x_wconf 74' lang='lat' dir='ltr'>Petavio</span> <span class='ocrx_word' id='word_1_347' title='bbox 751 2862 850 2893; x_wconf 81' lang='lat' dir='ltr'>deesse</span> <span class='ocrx_word' id='word_1_348' title='bbox 893 2864 985 2894; x_wconf 78' lang='lat' dir='ltr'>tentia</span> <span class='ocrx_word' id='word_1_349' title='bbox 1007 2863 1150 2902; x_wconf 78' lang='lat' dir='ltr'>postulat.</span> 
     </span>
    </p>

    <p class='ocr_par' dir='ltr' id='par_1_13' title="bbox 111 2905 1523 2992">
     <span class='ocr_line' id='line_1_41' title="bbox 111 2905 1523 2950; baseline 0.002 -14"><span class='ocrx_word' id='word_1_350' title='bbox 111 2906 231 2937; x_wconf 71' lang='lat' dir='ltr'>videtur</span> <span class='ocrx_word' id='word_1_351' title='bbox 254 2905 286 2938; x_wconf 73' lang='grc' dir='ltr'>ἐν</span> <span class='ocrx_word' id='word_1_352' title='bbox 308 2907 368 2950; x_wconf 81' lang='grc' dir='ltr'>τῷ.</span> <span class='ocrx_word' id='word_1_353' title='bbox 938 2908 990 2939; x_wconf 68' lang='lat'>91.</span> <span class='ocrx_word' id='word_1_354' title='bbox 1016 2905 1266 2947; x_wconf 72' lang='grc' dir='ltr'>εἰδωλολατρεία</span> <span class='ocrx_word' id='word_1_355' title='bbox 1288 2916 1382 2946; x_wconf 79' lang='lat' dir='ltr'>supra</span> <span class='ocrx_word' id='word_1_356' title='bbox 1406 2909 1523 2948; x_wconf 67' lang='grc' dir='ltr'>[θρίων.</span> 
     </span>
     <span class='ocr_line' id='line_1_42' title="bbox 156 2948 1279 2992; baseline 0.001 -11"><span class='ocrx_word' id='word_1_357' title='bbox 156 2952 208 2982; x_wconf 48' lang='grc' dir='ltr'>ὅδ’.</span> <span class='ocrx_word' id='word_1_358' title='bbox 233 2948 256 2992; x_wconf 66' lang='grc' dir='ltr'>ἦ</span> <span class='ocrx_word' id='word_1_359' title='bbox 277 2952 408 2991; x_wconf 84' lang='lat' dir='ltr'>adposui</span> <span class='ocrx_word' id='word_1_360' title='bbox 426 2952 461 2982; x_wconf 80' lang='lat' dir='ltr'>de</span> <span class='ocrx_word' id='word_1_361' title='bbox 481 2952 660 2982; x_wconf 80' lang='lat' dir='ltr'>auctoritate</span> <span class='ocrx_word' id='word_1_362' title='bbox 681 2952 745 2982; x_wconf 83' lang='lat' dir='ltr'>cod.</span> <span class='ocrx_word' id='word_1_363' title='bbox 769 2953 850 2982; x_wconf 78' lang='lat' dir='ltr'>Vati·</span> <span class='ocrx_word' id='word_1_364' title='bbox 938 2950 991 2983; x_wconf 67' lang='lat'>5³2.</span> <span class='ocrx_word' id='word_1_365' title='bbox 1016 2954 1120 2991; x_wconf 83' lang='lat' dir='ltr'>Supra</span> <span class='ocrx_word' id='word_1_366' title='bbox 1144 2951 1279 2990; x_wconf 69' lang='grc' dir='ltr'>αἵρεσις.</span> 
     </span>
    </p>

    <p class='ocr_par' dir='ltr' id='par_1_14' title="bbox 113 2994 1245 3039">
     <span class='ocr_line' id='line_1_43' title="bbox 113 2994 1245 3039; baseline 0.001 -11"><span class='ocrx_word' id='word_1_367' title='bbox 113 3005 199 3028; x_wconf 85' lang='lat' dir='ltr'>cano.</span> <span class='ocrx_word' id='word_1_368' title='bbox 938 2996 990 3030; x_wconf 71' lang='lat'>95.</span> <span class='ocrx_word' id='word_1_369' title='bbox 1015 2999 1119 3036; x_wconf 81' lang='lat' dir='ltr'>Supra</span> <span class='ocrx_word' id='word_1_370' title='bbox 1141 2994 1245 3039; x_wconf 71' lang='grc' dir='ltr'>φόνοι.</span> 
     </span>
    </p>
   </div>
   <div class='ocr_carea' id='block_1_8' title="bbox 182 3049 1354 3095">
    <p class='ocr_par' dir='ltr' id='par_1_15' title="bbox 182 3049 1354 3095">
     <span class='ocr_line' id='line_1_44' title="bbox 182 3049 1354 3095; baseline 0.001 -19"><span class='ocrx_word' id='word_1_371' title='bbox 182 3049 294 3085; x_wconf 75' lang='lat' dir='ltr'>Corpus</span> <span class='ocrx_word' id='word_1_372' title='bbox 314 3049 489 3078; x_wconf 83' lang='lat' dir='ltr'>Haerescol.</span> <span class='ocrx_word' id='word_1_373' title='bbox 508 3049 544 3077; x_wconf 84' lang='lat'>11.</span> <span class='ocrx_word' id='word_1_374' title='bbox 1308 3058 1354 3095; x_wconf 56' lang='grc' dir='ltr'>,Η</span> 
     </span>
    </p>
   </div>
  </div>
 </body>
</html>
