2034 3267
486 143 664 176 PANAau
690 145 771 177 ΜΒ.
795 145 817 178 1.
842 146 946 178 ToM.
968 146 1007 178 Η.
1033 146 1160 178 naen.
1183 147 1316 178 xxxi.
1586 140 1664 179 385

137 222 240 262 theta
262 222 345 262 sive
370 221 561 262 Definitor
582 223 740 275 dicitur,
776 232 813 265 et
834 226 877 265 ad
903 239 987 265 eum
1009 224 1091 265 laot
1112 226 1322 266 inclamans
1350 226 1418 266 liac
1440 226 1544 266 illum
1569 241 1664 266 voce

135 289 312 329 firmavit.
358 287 498 343 Neque
521 305 613 330 vcro
635 292 900 333 duodecimum
923 293 995 333 iam
1015 308 1155 333 annum
1176 294 1363 348 sanguiue
1386 294 1507 334 [luens
1528 294 1667 335 mulier

134 358 179 397 ad
203 358 364 397 istorum
388 357 550 397 fabulam
576 360 772 410 convenit,
807 374 903 413 quae
927 368 1104 401 vertente
1126 362 1275 402 demum
1297 376 1398 402 anno
1421 362 1662 412 duodecimo,

134 431 333 479 postquam
367 432 446 465 toto
477 426 541 465 illo
575 433 746 481 tempore
779 426 967 481 profluvio
996 429 1194 481 sanguinis
1221 429 1458 480 laborasset,
1504 438 1664 484 repente

133 493 349 532 consanuit.
412 492 504 533 Non
537 494 637 534 enim
669 495 844 534 undecim
874 495 985 534 annis
1017 509 1160 549 expers
1195 497 1315 536 morbi
1349 497 1573 538 duodecimo
1601 499 1665 538 de·

131 575 232 600 mum
260 561 463 600 sanitatem
492 561 668 601 obtinuit.
732 561 791 601 Ac
819 575 942 615 neque
966 563 1103 602 mulier
1128 563 1215 614 illa,
1260 578 1358 618 quae
1385 566 1504 606 denas
1530 566 1666 606 drach-

131 642 211 668 mas
241 628 426 679 habebat,
461 644 574 669 unam
600 643 651 668 ex
676 629 722 669 iis
748 629 875 669 amisit
897 630 1074 681 omnino,
1121 645 1194 684 quo
1221 632 1505 674 commentitius
1531 634 1596 674 ille
1622 649 1665 674 ac

132 696 318 736 materiae
343 704 547 737 concretus
572 697 684 736 Aeon
711 704 891 737 constare
917 699 1052 751 possit.
1119 699 1307 739 Accendit
1330 700 1429 740 enim
1450 701 1663 753 lucernam,

134 771 172 803 et
203 764 422 804 drachmam
453 764 612 819 reperit.

229 830 489 885 Quamobrem
512 832 658 871 duobus
676 831 780 872 hisce
803 831 975 873 tribusve
998 833 1126 873 verbis
1148 834 1296 874 illorum
1321 835 1494 876 discussa
1513 838 1661 877 somnia
1727 840 1803 882 Cap,

131 914 241 953 quam
269 901 396 954 putida
420 907 458 940 et
479 899 670 939 imbecilla
693 900 769 939 sint
792 900 901 940 facile
925 901 1092 954 prudens
1115 901 1273 956 quilibet
1295 910 1332 942 et
1353 911 1512 944 sanctae
1533 919 1576 944 ac
1600 884 1863 946 ca-XXXVHI.

134 968 296 1007 tliolicae
320 967 378 1008 dei
402 967 589 1007 ecclesiae
614 966 711 1007 filius
733 967 1028 1008 animadvertet.
1093 967 1171 1009 lani
1197 971 1298 1010 enim
1322 972 1469 1012 veritus
1492 986 1580 1026 ego,
1617 987 1663 1013 ne

131 1035 163 1074 si
190 1035 358 1089 pluribus
382 1035 420 1075 in
445 1048 529 1074 eam
553 1041 698 1075 sectam
723 1035 899 1076 invectus
925 1037 1058 1088 suero,
1104 1038 1141 1077 in
1168 1038 1356 1079 infinitum
1384 1039 1498 1080 abeat
1523 1040 1663 1092 oratio,

129 1103 175 1142 ad
199 1103 297 1143 hunc
320 1117 441 1157 usquc
466 1102 591 1142 locum
616 1117 845 1158 progressus
868 1106 1018 1145 modum
1042 1106 1229 1146 adhibebo
1256 1107 1489 1148 refellendae
1511 1108 1665 1148 illorum

129 1171 342 1225 nequitiae,
390 1184 525 1224 meque
553 1171 598 1210 ad
627 1179 777 1212 ceteras
801 1173 1091 1226 redarguendas
1119 1175 1330 1215 conferam.
1395 1174 1472 1216 Sed
1501 1176 1663 1231 primuni

128 1239 212 1280 viae
237 1239 323 1279 mihi
348 1239 484 1278 ducem
512 1247 550 1279 et
571 1239 841 1280 imbecillitatis
866 1241 1077 1281 adiutorem
1105 1256 1211 1283 meae
1235 1243 1344 1283 deum
1370 1243 1576 1294 invocabo,
1610 1245 1664 1284 uti

128 1320 187 1346 me
208 1313 245 1346 et
267 1306 312 1346 ab
333 1306 444 1346 huius
468 1313 598 1347 sectae
620 1307 938 1362 superiorumque
959 1310 1126 1350 omnium
1146 1317 1183 1350 et
1203 1311 1249 1350 ab
1269 1311 1554 1366 insequentium
1575 1327 1666 1353 con-

129 1374 283 1428 tagione
314 1374 474 1425 liberet,
517 1389 611 1428 quas
636 1375 674 1414 in
702 1375 936 1416 eruditorum
963 1377 1157 1418 hominum
1183 1379 1370 1432 gratiam,
1416 1380 1477 1433 qui
1500 1380 1665 1420 absurda

127 1443 190 1483 illa
224 1450 261 1483 et
294 1443 423 1482 inania
451 1443 652 1497 dogmata,
697 1457 794 1497 quae
819 1444 856 1484 in
885 1444 983 1485 hunc
1011 1445 1143 1486 orbem
1171 1455 1402 1501 eruperunt,
1447 1448 1665 1488 accuratius

127 1511 331 1566 explorare
353 1511 524 1561 student,
560 1511 740 1565 deinceps
764 1526 1055 1566 persequemur.
1115 1512 1314 1568 Siquidem
1337 1513 1570 1556 Valentinus
1590 1516 1664 1556 iste

126 1579 207 1620 suis
236 1580 273 1619 in
310 1579 609 1634 quamplurimos
643 1580 792 1620 diffusis
827 1582 1195 1636 communicatisque
1225 1582 1409 1633 somniis,
1459 1598 1543 1624 cum
1576 1598 1664 1625 sese

130 1646 359 1688 Gnosticum
387 1647 569 1702 appellari
595 1647 814 1698 maluisset,
861 1648 1024 1700 multos,
1058 1657 1099 1689 ut
1124 1650 1176 1689 ita
1203 1651 1392 1701 dixerim,
1427 1652 1602 1707 scorpios
1626 1653 1663 1692 in

129 1729 243 1756 unam
266 1723 440 1756 catenam
467 1715 723 1765 constrinxit,
758 1715 793 1755 id
816 1716 915 1770 quod
938 1724 1050 1758 vetus
1074 1732 1117 1757 ac
1141 1725 1280 1759 testata
1307 1719 1515 1759 similitudo
1539 1720 1664 1760 decla-

128 1791 202 1824 rat.
265 1782 459 1824 Nimirum
494 1784 668 1839 scorpios
702 1784 746 1823 ad
779 1784 910 1824 decem
943 1785 1121 1840 pluresve
1153 1793 1313 1827 catenae
1345 1788 1468 1827 instar
1493 1787 1589 1828 alios
1617 1788 1662 1828 ab

131 1853 215 1893 aliis
238 1866 449 1907 suspensos
473 1867 559 1893 sese
584 1866 635 1892 ex
659 1859 760 1892 tecto
782 1866 826 1892 ac
847 1853 990 1893 solario
1016 1854 1219 1895 demittere
1235 1887 1244 1905 ,
1278 1854 1412 1909 sicque
1440 1869 1492 1895 ex
1515 1856 1663 1896 insidiis

129 1920 303 1961 homines
339 1920 570 1975 opprimere.
635 1918 701 1960 Sic
732 1920 795 1960 ille
830 1921 1050 1976 posterique
1086 1922 1169 1962 eius
1201 1937 1335 1963 omnes
1367 1922 1547 1964 Gnostici
1581 1924 1663 1964 falsi

131 1989 319 2043 dogmatis
342 1996 522 2029 auctores
546 1988 730 2038 extitere,
765 1995 803 2028 et
823 1989 868 2029 ab
891 1978 954 2030 illo
976 1990 1122 2031 erroris
1144 1998 1369 2046 argumenta
1390 1992 1491 2032 nacti
1512 2006 1555 2032 ac
1578 2006 1664 2033 suc—

129 2057 307 2097 cessione
339 2057 501 2111 quadam
531 2056 696 2096 invicem
729 2057 854 2097 edocti
885 2058 929 2097 ad
955 2072 1038 2098 eam
1067 2073 1177 2113 quam
1206 2073 1225 2098 a
1251 2059 1435 2114 magistro
1461 2069 1665 2115 acceperat

129 2139 237 2165 suam
270 2125 429 2179 quilibet
460 2124 678 2180 opinionem
711 2124 870 2175 adiecit,
916 2141 1132 2180 novamque
1159 2135 1303 2167 sectam
1332 2142 1415 2168 cum
1445 2128 1572 2182 priore
1599 2143 1663 2168 co-

131 2192 352 2233 haerentem
377 2192 543 2234 invexit.
607 2190 692 2245 Qua
724 2206 767 2233 re
796 2194 934 2233 sactum
959 2201 1019 2234 est
1047 2201 1085 2234 ut
1109 2193 1285 2235 Gnostici
1316 2196 1422 2236 varia
1447 2196 1661 2237 haereseon

132 2260 295 2301 divortia
324 2261 504 2315 paulatim
533 2260 717 2311 l'ecerint3
761 2262 823 2315 qui
845 2262 995 2315 quidem
1020 2277 1154 2303 omnes
1178 2277 1200 2303 a
1222 2261 1457 2314 Valentino,
1500 2270 1540 2303 ut
1564 2264 1662 2304 dixi-

132 2342 236 2379 mus,
270 2329 392 2384 iisque
416 2329 574 2384 insuper
597 2328 658 2383 qui
684 2343 729 2368 eo
757 2330 977 2384 superiores
1000 2330 1215 2371 extiterant
1239 2330 1387 2371 initium
1412 2339 1659 2385 acceperunt.

130 2394 247 2436 Nunc
277 2397 484 2437 universae
516 2396 662 2451 pariter
692 2397 865 2437 veritatis
897 2398 1070 2438 doctrina
1106 2405 1321 2453 prostratae
1349 2413 1393 2439 ac
1417 2399 1661 2453 proculcatae

133 2465 437 2518 praetereundae
460 2472 571 2516 sunt,
606 2479 680 2518 quo
704 2465 834 2506 eadem
863 2466 923 2506 dei
945 2479 1015 2521 ope
1039 2481 1083 2507 ac
1107 2466 1249 2508 virtute
1274 2467 1359 2506 freti
1384 2467 1552 2521 reliquas
1575 2481 1661 2522 per-

133 2539 364 2573 scrutemur.

214 3002 327 3039 Corpus
345 3003 520 3032 Haereseot.
540 3003 575 3031 11.
1339 3009 1390 3048 25
