2034 3267
492 175 669 208 PANARlI
691 177 773 209 LIB.
793 179 814 209 ῐ.
839 178 945 210 ΤΟΜ.
968 179 1022 210 111.
1049 178 1176 210 HAER.
1194 177 1358 210 XXXIV.
1606 171 1686 210 477

164 254 300 296 tissimi
322 254 423 294 illius
444 254 572 295 odoris
591 256 652 309 qui
675 270 789 311 supra
811 257 938 297 omnia
959 265 1019 298 est
1037 258 1240 311 imaginem
1260 271 1347 298 esse
1370 264 1545 297 censent.
1592 255 1683 298 Non

163 323 300 363 desunt
318 322 421 362 inter
441 323 526 364 illos
549 323 612 377 qui
630 325 675 364 ad
697 339 829 378 aquam
854 326 1064 379 perducere
1085 339 1413 380 supervacaneum
1434 324 1682 375 arbitrantur,

162 390 228 431 sed
261 390 385 430 oleum
420 405 516 444 aqua
549 399 797 446 temperatum
840 407 922 432 cum
957 393 1179 433 solennibus
1211 393 1397 433 eiusmodi
1434 393 1682 443 carminibus,

162 457 287 511 qualia
318 472 388 497 nos
420 459 532 512 paulo
564 466 652 499 ante
684 459 907 508 retulimus,
957 459 1190 499 initiatorum
1226 460 1413 514 capitibus
1443 461 1681 515 inspergant,

159 525 272 579 idque
293 526 441 566 demum
464 526 764 581 redemptionem
791 527 1003 578 nominent,
1037 541 1261 581 quamquam
1285 528 1454 568 balsamo
1477 529 1545 583 ipsi
1571 529 1682 569 etiam

159 592 363 647 inungunt.
427 594 504 635 Alii
535 602 669 635 contra
698 594 906 646 repudiatis
934 594 981 634 iis
1015 595 1190 635 omnibus
1225 602 1369 648 negant
1399 596 1482 636 eius
1512 596 1681 645 virtutis,

161 674 256 714 quae
284 675 354 702 nec
380 663 501 702 oculis
528 662 633 702 cerni
661 676 732 702 nee
755 675 934 702 sermone
961 661 1152 702 declarari
1181 662 1324 716 possit,
1368 663 1590 717 mysterium
1618 678 1686 718 per

160 730 413 784 aspectabiles
435 730 776 784 corruptibilesque
799 737 998 769 creaturas
1020 743 1133 784 posse
1154 730 1309 783 perfiei3
1335 744 1483 781 eorum,
1512 731 1680 785 inquam,

161 811 257 851 quae
283 798 552 851 cogitationem
576 811 726 837 omnem
748 797 918 851 fugiunt,
953 797 1202 852 corporisque
1227 805 1315 837 sunt
1339 799 1536 852 expertia,
1572 802 1616 839 ad
1639 814 1682 839 ea

160 879 256 919 quae
281 865 458 906 sensibus
480 865 743 920 percipiuntur
764 878 1027 919 corporeaque
1055 871 1144 905 sunt
1163 873 1342 919 oportere
1368 866 1528 906 demitti.
1593 866 1684 906 l’er-

159 934 297 974 sectam
331 934 457 988 itaque
491 932 791 987 redemptionem
824 932 944 987 ipsam
981 947 1067 973 esse
1097 933 1370 987 magnitudinis
1404 933 1684 988 inexplicabilis

158 1000 348 1042 notitiam.
419 998 517 1041 Cum
549 1000 650 1040 enim
681 1000 854 1040 defectus
887 1001 1011 1040 omnis
1049 1007 1088 1040 et
1118 1001 1354 1056 perturbatio
1387 1001 1433 1041 ab
1468 1001 1685 1055 ignorantia

161 1069 447 1123 proficiscatur,
494 1067 670 1122 quicquid
706 1081 758 1108 ex
788 1082 834 1108 ea
872 1068 1075 1109 conflatum
1109 1076 1190 1118 est,
1237 1069 1298 1109 illa
1330 1068 1479 1109 ratione
1515 1070 1682 1120 destrui3

158 1136 253 1176 adeo
276 1144 316 1177 ut
337 1135 504 1190 cognitio
528 1135 727 1175 interioris
751 1135 801 1176 sit
823 1135 987 1176 hominis
1011 1136 1246 1191 redemptio:
1281 1150 1325 1177 ac
1349 1150 1472 1190 neque
1497 1151 1682 1192 corporea

158 1204 229 1254 sit,
263 1218 401 1258 corpus
428 1203 529 1244 enim
553 1203 810 1258 corruptionis
840 1218 964 1258 capax
989 1212 1070 1255 est,
1104 1218 1175 1244 nec
1201 1204 1399 1254 animalis,
1434 1206 1532 1259 quod
1558 1206 1681 1245 anima

158 1285 209 1311 ex
240 1272 390 1311 del'eetn
421 1271 627 1326 prodierit,
672 1271 796 1325 sitque
827 1272 931 1312 velut
962 1270 1141 1312 Parentis
1174 1272 1419 1312 domicilium.
1484 1271 1615 1326 Quare
1647 1282 1684 1313 et

157 1339 338 1394 spiritalis
364 1339 577 1394 redemptio
608 1340 657 1380 sit
688 1346 854 1394 oportet.
917 1338 1070 1380 Etenim
1098 1354 1166 1394 per
1191 1339 1358 1394 Moysen
1384 1341 1547 1381 interior
1570 1342 1682 1382 homo

155 1421 200 1447 ac
230 1407 412 1462 spiritalis
441 1407 653 1447 redimitur.
716 1405 883 1447 Proinde
908 1409 1179 1449 universorum
1211 1422 1252 1448 se
1285 1422 1370 1449 esse
1397 1409 1527 1448 dic-unt
1552 1410 1682 1464 cogni-

157 1475 260 1516 tione
292 1483 520 1526 contentos,
555 1489 716 1529 eamque
746 1489 967 1529 germanam
1000 1476 1301 1531 redemptionem
1333 1477 1539 1531 appellant.

667 1565 906 1598 HACTENUS
937 1566 1166 1598 IRENAEUS.

267 1679 377 1720 Hanc
405 1679 650 1720 beatissimus
681 1679 744 1719 ille
775 1692 900 1719 senex
927 1677 1110 1719 irenaeus
1142 1680 1286 1720 erroris
1318 1680 1429 1720 istius
1462 1687 1677 1721 accuratam
1720 1689 1795 1731 Cap.

154 1747 441 1801 inquisitionem
465 1747 643 1797 instituit,
678 1760 904 1801 omnemque
927 1746 1177 1788 commentitii
1203 1748 1390 1801 dogmatis
1411 1748 1551 1788 seriem
1578 1750 1679 1789 ordi—
1703 1735 1814 1766 XXH·

155 1829 319 1870 nemque
344 1815 557 1870 proposuit.
621 1812 904 1868 Quamobrem,
939 1822 978 1855 ut
1009 1815 1118 1855 initio
1143 1816 1303 1870 praefati
1330 1830 1484 1866 sumus,
1517 1816 1565 1856 iis
1589 1831 1681 1857 con-

155 1883 249 1924 tenti
273 1898 369 1938 quae
395 1883 440 1923 ab
464 1883 528 1923 illo
553 1897 691 1937 magno
715 1883 841 1923 studio
865 1890 956 1923 sunt
976 1883 1195 1934 elaborata,
1239 1891 1375 1925 cuneta
1401 1891 1514 1939 prout
1536 1884 1573 1924 in
1597 1885 1679 1924 eins

154 1965 270 2006 opere
294 1952 540 1992 eontinentur
561 1950 607 1991 ad
632 1950 789 1992 verbum
811 1948 1103 2006 exscripsimus.
1165 1949 1297 1992 Facile
1319 1952 1420 1992 enim
1444 1966 1493 1992 ex
1514 1952 1561 1992 iis
1582 1966 1679 2006 qnae

153 2033 175 2059 a
208 2019 452 2060 sanctissimo
483 2020 566 2059 viro
600 2019 644 2059 ad
678 2018 779 2058 illius
813 2019 1059 2059 refellendam
1093 2020 1374 2074 improbitatem
1410 2020 1559 2074 prodita
1593 2028 1682 2061 sunt

153 2088 277 2127 everti
309 2088 580 2142 prossigarique
612 2094 805 2141 poterunt.
866 2086 953 2127 Nos
983 2088 1083 2127 euim
1116 2088 1150 2127 id
1184 2089 1281 2141 qnod
1311 2089 1453 2128 veritas
1480 2087 1562 2142 ipsa
1590 2102 1679 2142 prae

153 2169 195 2195 se
218 2155 373 2195 omnino
398 2157 486 2205 fert,
520 2156 694 2209 quodque
717 2161 755 2194 et
778 2155 942 2209 prudens
963 2156 1060 2195 ratio
1083 2156 1288 2210 persuadet
1309 2162 1347 2196 et
1368 2156 1543 2196 veritatis
1567 2170 1680 2208 regu-

152 2223 213 2263 lae
239 2230 540 2263 consentaueum
570 2230 650 2272 est,
697 2222 771 2276 legi
796 2236 839 2262 ac
865 2223 1058 2277 prophetis
1087 2231 1124 2264 et
1147 2223 1397 2278 patriarchis,
1442 2224 1502 2278 qui
1528 2223 1598 2263 sibi
1623 2224 1680 2263 in-

152 2291 277 2332 vicem
308 2297 602 2340 successerunt,
646 2304 716 2330 nec
748 2305 822 2330 non
855 2297 928 2331 tam
961 2291 1167 2332 salvatoris
1198 2292 1316 2345 ipsius
1348 2306 1455 2345 quam
1485 2291 1679 2346 apostolo-

153 2373 236 2399 rum
264 2359 462 2399 doetrinae
488 2358 703 2408 credimus,
747 2372 767 2398 a
794 2358 929 2412 quibus
955 2359 1158 2400 manifeste
1187 2360 1385 2399 didicimus
1418 2373 1530 2399 unum
1564 2360 1679 2399 conli-

152 2426 224 2466 teri
252 2427 361 2467 deum
386 2427 656 2467 universorum
686 2432 830 2480 patrem
855 2427 1179 2482 omnipotentem,
1213 2441 1257 2467 ac
1283 2427 1476 2467 dominum
1504 2433 1678 2466 nostrum

154 2492 282 2534 Iesum
306 2491 526 2544 Christum,
562 2500 599 2533 et
622 2491 805 2548 Spiritum
830 2503 1026 2545 sanctum,
1064 2510 1175 2535 uuam
1199 2502 1368 2535 sanctam
1392 2495 1678 2548 increatamque

153 2562 383 2612 trinitatem,
431 2577 513 2602 cum
547 2568 675 2601 cetera
707 2569 792 2616 post
817 2561 972 2603 Patrem
1001 2571 1039 2603 et
1065 2562 1203 2604 Filium
1231 2570 1267 2603 et
1292 2561 1478 2617 Spiritum
1503 2569 1675 2602 sanctuni

154 2643 204 2669 ex
235 2630 351 2670 nihilo
384 2630 566 2685 producta
597 2629 687 2668 sint.
751 2627 862 2682 Quae
887 2631 1037 2684 quidem
1064 2632 1190 2672 omnia
1216 2645 1298 2670 cum
1324 2630 1369 2670 iis
1395 2644 1489 2684 quos
1511 2644 1677 2670 comme-

153 2698 299 2738 moravi
331 2697 583 2738 sanctissimis
614 2697 730 2747 viris,
775 2698 994 2753 prophetis,
1036 2699 1284 2753 evangelistis
1317 2706 1352 2738 et
1379 2698 1562 2752 apostolis
1593 2699 1676 2738 sine

154 2764 227 2804 ulla
251 2765 496 2819 ambiguitate
528 2764 672 2804 credita
701 2766 954 2820 confessaque
983 2767 1147 2815 fuerint,
1194 2766 1317 2806 nullae
1347 2766 1531 2806 eiusmodi
1565 2774 1678 2806 erunt

154 2838 257 2872 artes
288 2847 332 2873 ac
362 2832 614 2889 praestigiae,
658 2846 754 2886 quae
787 2834 960 2875 veritatis
991 2835 1066 2875 luci
1098 2849 1142 2875 ac
1172 2833 1364 2889 splendori
1396 2833 1545 2888 possint
1574 2833 1677 2874 obsi-

210 2977 240 3010 2.
265 2980 404 3012 Rescribe
428 2976 496 3014 ἅτε.
