2034 3267
550 196 607 227 AD
632 196 880 228 EPISTOLAM
905 195 1046 228 ACAGH
1071 196 1128 228 ET
1152 195 1294 227 PAULI.
1627 189 1674 227 11

164 288 368 326 oaeorum,
408 271 546 316 XVII.
583 273 1026 330 Hemerobaptistarum,
1065 272 1223 315 XVIII.
1256 271 1517 324 Ossaeorum,
1554 271 1675 314 XIX.

163 341 477 392 Nasaraeorum,
506 339 606 382 XX.
639 341 966 382 Herodianorum.

275 407 496 450 Secundum
522 410 587 450 has
610 416 736 449 sectas
764 408 1011 448 successione
1037 416 1249 463 temporum
1275 408 1416 449 domini
1441 407 1564 450 nostri
1587 407 1678 449 Iesu

161 474 309 517 Christi
343 475 556 516 incarnatio
586 475 656 516 toti
687 474 769 515 orbi
800 475 979 515 salutaris
1007 475 1157 525 illuxit,
1204 483 1244 516 et
1273 491 1356 516 cum
1388 476 1458 517 hac
1488 476 1678 530 evangelii

161 544 336 585 doctrina
363 543 616 597 coelestisque
637 542 746 596 regni
769 542 1017 596 praedicatio.
1079 541 1155 596 Qui
1180 543 1330 597 quidem
1350 544 1485 584 unicus
1508 550 1569 584 est
1590 544 1676 584 fons

161 612 294 652 salutis
316 619 353 652 et
374 611 581 652 catholicae
603 608 912 663 apostolicaeque
933 609 1120 649 ecclesiae
1141 624 1234 650 vera
1255 610 1363 651 fides.
1417 612 1455 651 A
1480 625 1553 665 qua
1573 611 1678 652 inse-

160 686 321 732 quentes
348 692 481 719 omnes
508 684 659 726 sectae,
693 689 790 729 quae
815 676 937 716 solum
962 673 1107 716 Christi
1130 690 1293 728 nomen,
1333 691 1409 718 non
1433 679 1543 719 fidem
1566 693 1678 733 prae-

160 748 310 796 ferunt,
343 752 557 801 amputatae
579 750 669 783 sunt
690 749 729 783 et
750 743 932 783 avulsaet
965 741 1000 783 I.
1035 740 1271 793 Simoniani,
1302 742 1357 783 II.
1385 743 1673 796 Menandriani,

159 812 235 853 ΙΙΙ.
270 811 544 860 Saturniliani,
590 808 664 850 IV.
697 808 948 860 Basilidiani,
996 808 1048 850 V.
1080 808 1326 860 Nicolaitae,
1367 809 1441 851 VI.
1481 810 1673 863 Gnostici,

158 881 219 933 qui
246 887 283 920 et
305 878 539 927 Stratiotici‚
573 884 612 917 et
636 875 902 927 Phibionitae,
937 891 958 917 a
981 877 1204 931 quibusdam
1233 876 1491 927 Secundiani,
1524 879 1569 918 ab
1592 880 1676 920 aliis

161 946 402 996 socratium,
444 945 508 985 vel
540 943 757 995 Zacchaei,
798 945 845 985 ab
876 945 960 985 aliis
991 959 1086 985 vero
1112 942 1301 985 Coddiani
1327 945 1588 999 appellantur,
1631 960 1675 986 aa

156 1012 402 1062 Borboriani,
434 1012 497 1052 vel
518 1010 761 1062 Barbelitae,
795 1011 890 1052 VII.
926 1010 1233 1067 Carpocratitae,
1267 1011 1383 1053 VIII.
1417 1010 1673 1063 Cerinthiani,

157 1082 219 1135 qui
245 1087 283 1121 et
305 1078 582 1130 Merinthiani,
626 1077 702 1119 IX.
735 1078 956 1130 Nazoraei,
1002 1079 1059 1120 X.
1092 1079 1302 1128 Ebionaei,
1347 1077 1425 1120 XI.
1457 1078 1673 1131 Valentini,

154 1145 252 1188 XII.
275 1145 527 1187 Secundiani.
571 1145 721 1200 Quibus
745 1147 892 1187 accedit
911 1146 1131 1202 Epiphanes
1152 1154 1191 1187 et
1208 1145 1396 1187 Isidorus.
1439 1145 1558 1186 XIII.
1582 1145 1678 1187 Pto-

153 1213 313 1264 lemaei,
363 1212 480 1254 XIV.
519 1211 727 1264 Marcosii,
774 1212 872 1255 XV.
915 1212 1154 1265 Colorbasii,
1199 1213 1317 1256 XVI.
1357 1213 1672 1263 Heracleonitae,

152 1279 288 1321 XVII.
324 1278 511 1335 Ophitae‚
558 1279 719 1321 XVIII.
754 1279 916 1332 Caiani,
961 1280 1081 1323 XIX.
1117 1280 1314 1332 Sethiani,
1359 1280 1460 1322 XX.
1495 1281 1676 1321 Archon-

154 1349 238 1399 tici,
271 1347 391 1388 XXI.
427 1346 685 1398 Cerdoniani,
717 1347 859 1389 XXII.
890 1348 1137 1398 Marciones,
1169 1347 1331 1388 XXIII.
1363 1347 1673 1400 Lucinianistae,

150 1414 311 1456 XXIV.
344 1415 609 1470 Appelleiani‚
645 1414 785 1456 XXV.
821 1414 1051 1467 Severiani,
1082 1414 1244 1456 XXVI.
1278 1416 1455 1467 Tatiani,
1488 1414 1671 1456 XXVII.

149 1482 402 1534 Encratitae,
443 1481 646 1523 XXVIII.
681 1480 972 1538 Cataphryges,
1014 1483 1077 1537 qui
1101 1490 1140 1524 et
1161 1482 1427 1524 Montanistae
1457 1490 1496 1524 et
1523 1483 1674 1524 Tasco-

152 1551 348 1605 drugitae,
381 1550 445 1604 qui
467 1557 508 1590 et
531 1549 604 1604 ipsi
625 1550 736 1590 divisi
762 1558 874 1603 suut,
906 1548 1070 1591 XXIX.
1103 1549 1341 1605 Pepuziani,
1375 1551 1436 1605 qui
1459 1558 1497 1590 et
1513 1549 1673 1591 Priscil-

150 1618 258 1668 liani,
285 1633 329 1659 ac
349 1617 592 1672 Quintiliani.
649 1616 798 1670 Quibus
819 1619 1050 1658 adiiciuntur
1067 1618 1328 1673 Artotyritae,
1358 1616 1502 1658 XXX.
1528 1617 1674 1658 Tessa-

152 1686 500 1736 reseaedecatitae,
535 1685 596 1738 qui
621 1683 820 1725 Paschatis
842 1685 1055 1725 celebritati
1077 1700 1190 1726 unam
1210 1686 1414 1739 quotannis
1440 1686 1538 1725 diem
1562 1699 1673 1740 prae-

149 1754 308 1804 finiunt,
340 1751 507 1793 XXXI.
531 1753 665 1807 Alogi,
699 1753 762 1806 qui
788 1754 1027 1807 evangelium
1052 1760 1090 1793 et
1113 1754 1376 1808 Apocalypsin
1400 1752 1557 1793 Ioannis
1582 1754 1673 1793 reii-

150 1821 277 1871 oiunt,
316 1818 503 1860 XXXII.
536 1820 765 1870 Adamiani,
807 1818 1009 1861 XXXIII.
1045 1819 1271 1875 Sampsaei,
1304 1821 1366 1875 qui
1388 1829 1426 1861 et
1449 1820 1670 1870 Helcesaei,

147 1886 352 1928 XXXIV.
385 1886 665 1938 Theodotiani,
711 1886 893 1928 XXXV.
926 1886 1291 1939 melchisedeciani,
1336 1887 1539 1929 XXXVI.
1574 1887 1674 1928 Bar-

150 1955 396 2006 desianistae‚
424 1953 648 1995 XXXVII.
671 1953 871 2006 Noetiani,
897 1954 1142 1996 XXXVIII.
1165 1955 1329 2006 Valesii,
1361 1953 1570 1996 XXXIX.
1595 1953 1672 1996 Ca-

148 2022 270 2073 thari,
312 2022 374 2076 qui
406 2030 444 2062 et
467 2021 703 2072 Novatiani,
743 2020 837 2063 XL.
869 2023 1073 2077 Angelici,
1115 2021 1231 2064 XLI.
1263 2024 1503 2079 Apostolici,
1546 2024 1609 2077 qui
1634 2029 1674 2062 et

148 2090 390 2144 Apotaotici,
422 2088 559 2130 XLII.
589 2088 810 2140 Sabelliani,
842 2088 997 2131 XLIII.
1027 2089 1290 2146 Origenistae,
1324 2092 1518 2132 foeditatis
1539 2098 1671 2131 aucto-

147 2215 231 2246 haer.
246 2212 301 2246 33.
334 2216 444 2246 Ceteris
464 2216 496 2246 in
515 2216 588 2246 locis
606 2215 800 2254 appellantur
816 2216 882 2246 ubi-

148 2269 204 2298 que
228 2258 441 2300 Πτολεμαῖῡι.

194 2303 243 2334 10.
268 2305 314 2335 Ita
330 2306 474 2343 scriptum
492 2306 554 2344 sere
575 2305 684 2342 ubique
702 2305 756 2335 hoc
774 2314 884 2336 nomen

145 2350 178 2379 in
192 2350 361 2388 Epiphanii
377 2351 471 2379 libris.
503 2352 539 2380 At
552 2351 670 2388 passim
683 2350 775 2380 etiam
786 2348 884 2389 Μαρ-

146 2387 262 2429 κόσιοι,
283 2395 327 2424 uli
348 2397 430 2424 extat
448 2396 479 2425 in
499 2395 643 2424 Ancorati
665 2403 732 2432 cap.
749 2393 796 2425 13.
818 2398 881 2425 tam

145 2439 178 2468 in
209 2439 298 2469 edilis
326 2448 419 2477 quam
450 2440 481 2470 in
507 2439 593 2469 codd.
619 2447 690 2469 mss.
713 2440 828 2470 lenensi
856 2443 883 2470 et

146 2483 272 2522 Rhediy.

192 2527 241 2559 11.
266 2529 313 2559 Ila
337 2538 439 2559 omnes
463 2530 542 2559 libri.

191 2571 241 2603 12.
266 2574 359 2604 Edidi
383 2571 634 2613 Μαρκιωνισταὶ
667 2582 704 2603 ex
727 2574 810 2605 haer.
828 2570 882 2605 42.

144 2619 172 2647 et
192 2625 229 2647 ex
248 2620 409 2649 Ancoralo.
460 2619 554 2656 Vulgo
575 2621 657 2648 extat
676 2617 882 2659 Μαρκίωνες,

143 2662 225 2699 quod
244 2663 352 2692 vilium
372 2665 530 2700 repetitum
550 2666 591 2693 est
608 2663 690 2701 infra
709 2666 735 2694 et
753 2665 784 2694 in
800 2666 884 2695 Ana-

145 2707 344 2744 cephalaeosi.

192 2750 241 2782 13.
266 2746 495 2792 ’Δπελληῖανοὶ
519 2752 584 2783 cod.
612 2753 695 2790 Ven„
719 2755 745 2782 et
770 2755 813 2784 sic
834 2754 883 2784 in-

144 2795 194 2833 fra
212 2804 328 2835 quoque
346 2797 431 2827 haer.
443 2794 508 2834 44„
529 2799 556 2826 et
572 2798 680 2827 Ancor.
696 2798 716 2826 l.
729 2798 748 2827 l.
788 2799 882 2837 Vulgo

144 2839 212 2877 hic,
236 2843 267 2870 ut
289 2842 383 2879 alibi,
412 2836 636 2882 Ἀπελληανοί.

192 2882 242 2915 14.
265 2881 502 2926 Ἔγκρατῑται,
528 2887 608 2924 quod
628 2887 696 2916 libri
714 2895 815 2917 ornnes
834 2896 882 2918 re-

145 2929 246 2967 tinent,
265 2939 322 2968 pro
335 2925 574 2971 Ἐγκρατηταί.
608 2932 708 2961 Etiam
727 2932 800 2962 alibi
817 2933 882 2970 ple-

144 2980 271 3011 rumque
287 2975 439 3005 invenitur
450 2971 676 3017 Ἐγκρατίται.
711 2977 882 3007 Geminam

930 2219 1037 2247 contra
1058 2217 1190 2255 formam
1209 2217 1350 2247 vocabuli
1372 2217 1556 2254 deprehendi
1577 2217 1671 2246 etiam

930 2263 963 2291 in
987 2262 1053 2292 cod.
1078 2270 1134 2292 ms.
1156 2262 1328 2292 Baluziano
1351 2262 1428 2302 (req.
1452 2258 1584 2301 1234),
1617 2262 1670 2299 qui

930 2308 1060 2337 continet
1094 2307 1213 2337 Nicetae
1250 2307 1439 2336 Thesaurum
1475 2306 1669 2337 Orthodoxae

932 2351 1031 2381 Fidei.

979 2395 1029 2426 15.
1054 2396 1138 2425 Libri
1155 2396 1264 2425 habent
1285 2392 1369 2427 κατὰ
1386 2393 1592 2437 Φρυγαστῶν
1611 2393 1669 2427 καὶ

931 2439 1174 2472 Μοντανιστῶν.
1224 2440 1312 2477 Quod
1340 2442 1448 2471 vilium
1475 2449 1572 2479 paene
1600 2442 1668 2470 ubi-

930 2494 986 2523 que
1003 2486 1132 2524 irrepsit.
1164 2486 1242 2515 Vera
1256 2486 1408 2523 scriptura
1421 2487 1571 2524 reperitur
1583 2488 1667 2516 Ana-

931 2531 1049 2568 cephal.
1069 2540 1102 2568 p.
1120 2526 1189 2560 144.
1211 2532 1236 2559 et
1256 2538 1331 2568 pay.
1352 2529 1435 2569 123„
1460 2533 1549 2568 atque
1569 2532 1667 2560 Anco-

931 2577 992 2605 rat.
1017 2584 1085 2613 cap.
1106 2573 1156 2605 13.
1200 2575 1359 2605 Firmatur
1381 2584 1417 2605 ea
1440 2576 1532 2605 etiam
1554 2575 1668 2605 codicis

930 2620 1117 2657 Βαῑιηῐαηί,
1140 2620 1295 2657 Parisini,
1326 2621 1524 2658 auctoritaie,
1556 2621 1588 2650 in
1608 2628 1667 2658 quo

933 2673 1001 2702 cap.
1020 2663 1073 2694 20.
1099 2664 1167 2693 libri
1184 2664 1234 2694 IV.
1269 2664 1414 2694 Thesauri
1436 2664 1559 2695 Orthod.
1580 2664 1668 2694 Fidei

930 2709 1051 2739 nicetae
1069 2709 1234 2739 Cbonialae
1250 2709 1431 2747 inscriptum
1450 2710 1559 2748 le9itur
1578 2706 1666 2748 Περὶ

930 2753 994 2785 τῶν
1015 2751 1101 2785 κατὰ
1119 2750 1266 2793 Φρύγας,
1287 2752 1352 2785 τῶν
1371 2752 1428 2785 καὶ
1447 2753 1664 2795 μοντανιστῶν

931 2797 1138 2839 καλουμένων
1163 2796 1220 2829 καὶ
1241 2797 1534 2839 τασκοδρουγιτῶν.

977 2841 1026 2874 16.
1051 2841 1346 2883 Τασκοδουργιτῶν
1364 2844 1430 2874 cod.
1442 2844 1568 2882 Rhediy.
1594 2840 1664 2874 Τα-

931 2886 1192 2929 σκοδρουγιστῶν
1217 2888 1283 2920 cod.
1308 2890 1407 2919 Venet.

980 2931 1027 2964 17.
1055 2934 1150 2971 Vulyo
1180 2930 1340 2965 Ναυᾶτοι.
1364 2951 1407 2955 —-
1440 2934 1475 2964 In
1499 2941 1578 2971 seqq.
1603 2940 1659 2970 pro

929 2972 1125 3019 Ὠριγένειοι
1148 2977 1213 3009 cod.
1240 2979 1337 3009 Venet.
1367 2979 1454 3008 habet
1474 2973 1659 3018 Ὠριγένιοι.
