2034 3267
204 817 269 845 pag.
284 809 324 836 24.

192 1000 278 1044 Κεφ.
304 997 345 1033 α’.

317 2094 358 2116 Δ).

363 173 415 212 66
915 173 1072 205 SANCT1
1098 171 1319 203 EPIPHANH

369 256 470 308 φημὶ
501 255 543 296 δὲ
572 254 625 301 εἷς
645 251 890 303 Ἀσσυρίους,
933 250 972 297 ἐξ
996 242 1050 288 ῶν
1077 251 1315 300 Σαμαρεῖται
1344 249 1383 287 οἱ
1408 247 1631 302 ἐγκάθετοι,
1662 249 1881 302 συμβέβηκε

367 323 435 364 καὶ
462 320 533 374 τὴν
558 318 715 375 γνώμην
738 319 1030 368 διχονοηθῆναι,
1059 314 1125 355 καὶ
1147 310 1282 353 λοιπόν
1304 311 1477 367 ὥρμησεν
1496 314 1523 368 ἦ
1546 315 1672 369 πλάνη
1695 317 1760 357 καὶ
1781 314 1808 368 ἡ
1826 319 1880 357 δι-

370 388 502 443 χόνοια
535 384 811 437 3ὖποσπείρειν
835 379 912 423 vino*
935 386 1004 434 τῆς
1026 385 1116 433 μιᾶς
1135 382 1357 432 θεοσεβείας
1380 382 1433 428 εἰς
1457 381 1597 432 πολλάς
1617 399 1880 438 παραπεποιη-

373 457 486 509 μένας
507 451 681 508 γνώμας,
713 447 850 497 καθῶς
881 447 1027 505 ἑκάστῳ
1052 449 1158 497 ἔδοξε
1188 448 1254 488 καὶ
1280 445 1395 503 ᾠήθη
1422 452 1475 504 τῷ
1501 448 1690 503 γράμματι
1714 453 1880 492 ἐνασκεῖ,

369 528 465 564 σθαι
494 520 560 561 καὶ
590 515 749 572 φράζειν
779 517 936 564 ἕκαστος
963 513 1062 557 κατά
1089 513 1132 556 τὸ
1164 516 1266 556 ἴδιον
1295 516 1457 567 θέλημα.

852 801 1404 847 ΣΑΜΑΡΕΙΤΑΙ.

362 891 560 955 Ἑβδόμη
585 893 743 955 αἵρεσις
769 888 854 937 ἀπὸ
877 891 954 936 τοῦ
976 887 1280 950 Ἑλληνισμοῦ,
1308 887 1460 948 ε’ννοὶτη
1484 891 1531 936 ’δὲ
1555 891 1612 950 τῇ
1637 887 1879 953 ἀκολουθίᾳ.

482 994 720 1044 Σαμαρεῖται
754 987 822 1040 μὲν
849 982 920 1028 οὗν
961 984 1076 1039 1ι’)ίχρι
1111 990 1188 1026 τῶν
1216 986 1398 1039 αἱρέσεων
1432 984 1509 1027 άπό
1545 991 1699 1040 γραφῆς
1728 991 1880 1039 θεϊκῆς,

372 1055 625 1111 ἳὸρμώμενοι
665 1054 758 1109 μετά
795 1052 865 1102 τοὶς
905 1053 1185 1107 προειρημένας
1222 1051 1439 1105 Ἑλληνικάς
1471 1054 1633 1107 αἱρέσεις
1673 1052 1737 1094 ἄπ’
1774 1056 1883 1094 ἰδίων

372 1129 563 1180 λογισμῶν
589 1122 818 1177 άνθρῶποις
842 1123 1169 1174 ε’μβροντηθείσης
1199 1125 1216 1148 3
1232 1122 1417 1167 διανοίας.
1476 1124 1567 1161 Πᾶν
1589 1123 1719 1161 τοίνυν
1753 1120 1794 1162 τό
1823 1122 1882 1176 γε’-

374 1209 444 1240 νος
469 1195 718 1245 Σαμαρειτῶν
741 1191 919 1231 ἐκαλεῖτο.
973 1185 1271 1241 Ἑρμηνεύονται
1295 1187 1335 1228 δὲ
1359 1191 1593 1239 Σαμαρεῖται
1614 1187 1794 1238 φύλακες,
1819 1187 1885 1229 διά

373 1257 416 1301 τὸ
459 1260 499 1300 ἐν
547 1257 650 1307 τάξει
693 1255 877 1308 φυλάκων
911 1253 1090 1308 τετάχθαι
1130 1256 1170 1295 ἐν
1204 1259 1251 1311 τῇ
1294 1259 1364 1310 γῇ,
1417 1253 1442 1306 ἢ
1479 1252 1556 1295 άπὸ
1598 1260 1668 1296 τοῦ
1707 1254 1885 1306 φύλακας

377 1324 519 1374 αὐτούς
546 1323 642 1366 εἶναι
673 1328 742 1375 τῆς
763 1340 860 1363 κατα
889 1321 957 1363 τὸν
979 1321 1098 1373 νόμον
1121 1322 1326 1368 Μωυσέως
1350 1319 1565 1369 διατάξεως.
1621 1320 1810 1363 Ἐκαλεῖτο
1840 1323 1882 1363 δὲ

375 1394 442 1435 καὶ
463 1391 505 1433 τὸ
536 1390 629 1446 ὅρος
651 1391 750 1431 ε’νθα
772 1390 1062 1440 ἐκαθέσθησαν,
1094 1387 1313 1443 Σωμόρων,
1343 1387 1422 1440 α’μα
1447 1388 1487 1428 δὲ
1510 1389 1575 1429 καὶ
1604 1388 1771 1443 Σωμηρ,
1802 1387 1881 1431 α’πὸ

378 1458 538 1512 άρχαίου
563 1456 667 1505 τινός
685 1455 910 1510 Σωμόρων,
941 1457 1030 1496 υἱοῦ
1051 1453 1216 1508 Σωμηρ,
1248 1454 1348 1496 οὕτω
1373 1459 1442 1496 τοῦ
1470 1453 1610 1510 άνδρός
1629 1457 1880 1509 καλουμένου.

365 1521 452 1566 ςΗν
483 1520 597 1573 οὗτος
630 1522 652 1566 ὅ
675 1521 854 1577 4Σωμήρ
878 1521 962 1571 υἷός
995 1521 1080 1571 ἕνὸς
1113 1520 1256 1576 άνδρὸς
1287 1527 1363 1563 τῶν
1394 1520 1469 1563 nimi
1499 1524 1632 1577 γένους
1659 1528 1736 1564 τῶν
1765 1527 1882 1575 Φερε-

378 1596 492 1643 ζαίων
514 1594 581 1634 καὶ
604 1594 863 1646 Γεργεσαίων,
894 1593 933 1631 οἳ
955 1589 1156 1646 κατῴκουν
1178 1589 1220 1630 τό
1245 1593 1452 1642 τηνικαῦτα
1472 1589 1541 1643 τήν
1562 1596 1654 1645 γῆν,
1686 1592 1726 1631 ἐκ
1753 1593 1882 1632 διαδο-

378 1665 446 1713 χῆς
465 1658 571 1708 ὅντες
595 1661 729 1706 παῖδες
764 1662 833 1698 τοῦ
856 1655 1019 1698 Χαναάν
1055 1661 1122 1698 τοῦ
1159 1655 1227 1709 τήν
1258 1662 1329 1711 γῆν
1358 1655 1498 1710 ταύτην
1520 1655 1782 1712 άρπάξαντος,
1811 1656 1883 1711 τὴν

381 1731 452 1768 νῦν
472 1725 670 1767 Ἰουδαίαν
701 1724 726 1778 ἢ
756 1723 980 1776 Σαμάρειαν
1008 1725 1269 1776 καλουμένην,
1309 1719 1426 1766 οὖσαν
1455 1729 1531 1765 τῶν
1562 1727 1657 1765 υἱῶν
1678 1724 1788 1777 Σήμ,
1828 1723 1882 1778 μή

380 1789 504 1835 οὖσαν
524 1791 651 1845 αὐτῶν
674 1794 786 1843 ἰδίαν,
818 1790 884 1832 διά
906 1790 946 1832 τὸ
967 1790 1086 1832 αὐτόν
1106 1790 1172 1832 τόν
1198 1790 1358 1832 Χαναὰν
1381 1790 1476 1832 εἶναι
1496 1790 1582 1832 υἰόν
1603 1797 1672 1832 τοῦ
1697 1791 1787 1845 Χοὶμ
1810 1809 1881 1833 πα-

379 1861 594 1916 τραδέλφου
614 1864 682 1901 τοῦ
692 1859 793 1911 Σήμ.
826 1859 904 1899 Καὶ
927 1860 1145 1911 συμβέβηκε
1162 1857 1203 1899 τό
1228 1858 1349 1911 ὄνομα
1369 1860 1408 1900 ἐκ
1426 1858 1623 1912 διαφόρων
1646 1859 1884 1913 προφάσεων

379 1933 581 1970 καλεῖσθαι
599 1929 860 1980 Σαμαρείτας,
891 1927 934 1967 ἕν,
960 1941 999 1965 τε
1022 1930 1091 1966 τοῦ
1117 1924 1283 1980 Σωμήρ,
1314 1928 1355 1967 ἔκ
1376 1942 1413 1967 τε
1443 1931 1510 1967 τοῦ
1533 1925 1748 1980 Σωμόρων,
1781 1928 1822 1968 ἔκ
1845 1943 1885 1967 τε

379 2000 448 2038 τοῦ
472 1994 673 2047 φυλάττειν
699 1991 766 2046 τὴν
781 1998 866 2048 γῆν,
897 1994 939 2034 ἔκ
960 2009 996 2033 τε
1020 1998 1089 2034 τοῦ
1108 1993 1309 2044 φυλάττειν
1330 1993 1376 2034 τοὶ
1394 1991 1632 2045 παιδεύματα
1655 1998 1724 2034 τοῦ
1748 1993 1885 2046 νόμου.

495 2062 758 2116 Διαφέρονται
789 2060 830 2101 δὲ
861 2054 972 2101 οὗτοι
991 2058 1200 2108 Ἰουδαίοις
1229 2060 1326 2101 κατά
1351 2066 1461 2102 τοῦτο
1496 2065 1670 2114 πρῶτον,
1716 2060 1773 2102 ὅτι
1813 2058 1887 2101 οὖν.

383 2129 505 2182 ἐδόθη
545 2127 677 2176 αὐτοῖς
717 2131 931 2181 προφητῶν
975 2131 1051 2167 τῶν
1092 2126 1182 2180 μετά
1224 2129 1401 2169 ΝΙωϋσέα
1443 2126 1593 2182 γραφὴ,
1639 2126 1665 2180 ἢ
1700 2127 1819 2180 μόνον
1862 2125 1888 2178 ἦ

382 2199 544 2239 δοθεῖσα
568 2194 828 2248 Πεντάτευχος
857 2192 922 2235 δια
941 2195 1146 2243 Μωϋσέως
1170 2199 1221 2252 τῷ
1256 2197 1441 2248 σπέρματι
1472 2193 1623 2248 Ἰσραὴλ
1659 2196 1699 2235 ἐν
1730 2200 1777 2252 τῇ
1805 2193 1886 2244 ἐξό-

383 2267 438 2321 δῳ
470 2269 538 2316 τῆς
566 2261 630 2304 ἀπ’
655 2261 860 2317 Αἰγύπτου
887 2264 1063 2316 πορείας,
1104 2263 1204 2314 φημὶ
1227 2263 1266 2303 δὲ
1293 2264 1461 2312 Γένεσις,
1503 2263 1569 2302 καὶ
1591 2260 1778 2311 ’Έξοδος,
1821 2262 1888 2302 καὶ

383 2329 613 2381 Λευιτικὸν,
642 2331 708 2371 καὶ
729 2328 922 2384 Ἀριθμοὶ,
952 2330 1018 2369 καὶ
1042 2329 1356 2382 Δευτερονόμιον.
1399 2328 1461 2370 Ἐν
1483 2329 1523 2370 δὲ
1541 2333 1587 2385 τῇ
1603 2326 1778 2383 Ἐβραΐδι
1804 2330 1884 2369 δια-

379 2399 498 2455 λέκτῳ
528 2397 629 2440 οὕτω
661 2401 883 2438 καλοῦνται·
934 2397 1137 2449 1Βηρσὶθ,
1175 2395 1417 2449 Ἐλλεσιμόθ,
1460 2400 1701 2450 2Δωϊκᾶρα,
1747 2394 1888 2436 Ούϊδα-

383 2465 477 2520 βὴρ,
514 2462 838 2518 Ἐλλεδδαεβάριμ.
899 2463 976 2503 Καὶ
1005 2464 1187 2518 ἔσπαρται
1220 2464 1286 2516 μὲν
1320 2465 1359 2505 ἐν
1388 2462 1543 2511 ταύταις
1571 2468 1655 2511 ταῖς
1688 2463 1799 2503 πέντε
1830 2465 1888 2515 βί-

427 2589 458 2622 3.
483 2590 666 2621 Carnarius:
702 2595 734 2620 et
767 2587 919 2630 deinceps
956 2587 1114 2630 processit
1158 2588 1281 2631 reliquo
1304 2599 1490 2631 progressus
1514 2594 1562 2620 est
1583 2598 1672 2619 error
1701 2593 1734 2618 et
1758 2586 1888 2618 dissen-

383 2645 473 2666 error
485 2657 494 2672 ‚
519 2641 552 2665 et
571 2632 779 2664 disseminata
800 2638 849 2664 est
868 2632 1026 2663 dissensio
1040 2657 1047 2670 ,
1072 2632 1112 2663 ab
1158 2632 1216 2671 sio,
1231 2645 1310 2676 quae
1328 2633 1367 2665 ab
1379 2633 1467 2664 unius
1480 2633 1531 2664 dei
1553 2632 1639 2664 cultu
1657 2631 1777 2662 semina
1796 2643 1891 2673 spar-

381 2690 445 2710 uno
457 2678 509 2709 dei
533 2678 587 2721 pio
608 2678 696 2709 cultu
717 2677 758 2709 ad
779 2677 895 2708 multas
917 2676 1113 2708 adulterinas
1160 2685 1274 2719 gerent
1295 2678 1547 2709 adulterinarum
1569 2676 1756 2720 opinionum
1779 2675 1894 2706 multi-

382 2723 568 2765 opiniones,
598 2729 696 2764 prout
715 2722 885 2764 unicuique
916 2721 1019 2752 visum
1043 2721 1113 2761 fuit,
1160 2722 1291 2762 tudinis,
1318 2729 1413 2765 prout
1436 2723 1605 2765 unicuique
1627 2721 1722 2752 libuit
1746 2727 1778 2751 et
1800 2720 1892 2762 quis-

383 2776 416 2799 et
439 2779 473 2798 se
493 2768 526 2798 in
546 2768 706 2808 scriptura
731 2768 943 2798 exercitatum
963 2777 1030 2797 esse
1050 2777 1113 2807 pu·
1161 2778 1221 2809 que.
1243 2767 1274 2798 in
1294 2768 1453 2810 scriptura
1465 2765 1714 2817 ..interpretanda
1730 2769 1784 2807 (φρ
1789 2763 1859 2804 ἄζει
1862 2766 1890 2807 ι)

383 2812 476 2850 tavit,
503 2818 534 2842 et
555 2811 666 2843 docuit
686 2811 818 2854 quisque
841 2811 929 2842 iuxta
951 2811 1114 2853 propriam
1161 2813 1355 2843 exercitatus
1377 2823 1444 2842 esse
1462 2811 1550 2842 iuxta
1567 2810 1717 2853 propriae
1733 2809 1893 2840 volunta-

381 2856 594 2888 voluntatem.
634 2858 752 2895 Neuter,
768 2866 861 2895 neque
878 2857 1044 2887 comorius
1062 2865 1114 2886 ne·
1159 2855 1199 2886 tis
1220 2863 1253 2887 et
1277 2855 1436 2899 opinionis
1458 2855 1624 2887 modulum
1642 2854 1702 2885 sibi
1723 2853 1808 2885 xisus
1830 2861 1889 2886 est.

381 2911 437 2942 que
462 2903 625 2939 petavius,
658 2902 733 2931 satis
757 2904 917 2932 accuratus
946 2901 979 2931 in
1006 2901 1114 2931 horum
1205 2900 1281 2932 CAP.
1308 2902 1332 2932 Ι.
1367 2919 1408 2924 —-
1456 2902 1484 2932 1.
1508 2896 1596 2944 ἀρχή
1615 2901 1733 2940 placuit
1753 2901 1892 2932 Petavio.

380 2948 539 2979 verborum
573 2947 824 2984 interpretatione.
875 2946 977 2976 Verte.-
1011 2950 1043 2974 et
1073 2943 1112 2975 de
1158 2940 1234 2989 ἀχρ,
1258 2950 1300 2977 est
1322 2945 1354 2977 in
1380 2943 1530 2977 confinio
