2034 3267
206 1593 292 1634 Κεφ·
316 1588 357 1632 γ’·

226 1800 292 1828 pag.
312 1791 368 1818 127.

382 219 459 256 244
938 220 1096 251 SANCTI
1121 220 1342 252 EPIPHANH

381 301 523 343 τάπασι
547 297 636 352 παρ’
657 295 789 344 αὐτοῖς
811 298 1005 350 παρθενία
1025 311 1064 336 τε
1091 297 1158 336 καὶ
1183 295 1399 350 ἐγκράτεια,
1430 297 1482 347 ὦς
1502 302 1569 341 καὶ
1590 298 1697 354 παρὰ
1718 304 1802 347 ταῖς
1823 296 1887 339 ἄλ-

381 374 464 415 λαις
483 365 635 418 ὁμοίαις
655 362 776 420 ταύτῃ
799 364 974 418 αἱρέσεσι.
1023 363 1127 404 Ποτὲ
1146 361 1218 417 γάρ
1238 366 1454 417 παρθενίαν
1473 366 1737 419 ἐσεμνύνοντο,
1767 368 1888 418 δῆθεν

382 433 446 475 δια
475 431 543 473 τόν
567 430 760 484 Ἰάκωβον
791 429 859 472 τὸν
893 428 1062 482 ἀδελφὸν
1093 435 1162 471 τοῦ
1185 432 1346 484 κυρίου,
1376 431 1440 471 καὶ
1472 430 1518 471 τοὶ
1542 432 1669 475 αὐτῶν
1698 431 1889 488 συγγράμ-

383 517 480 553 ματα
501 499 777 553 πρεσβυτέροις
797 499 863 539 καὶ
883 498 1097 552 παρθένοις
1117 496 1325 552 γράφουσι.
1369 499 1507 552 Γέγονε
1528 499 1568 539 δὲ
1587 499 1612 552 ἡ
1635 499 1729 554 ἀρχὴ
1749 500 1889 543 τούτου

381 566 472 621 μετὰ
495 565 563 619 τήν
589 571 665 607 τῶν
683 564 963 619 Ἰεροσολύμων
986 564 1135 606 ἅλωσιν.
1191 563 1349 617 Ἐπειδὴ
1381 564 1453 620 γαρ
1483 564 1622 614 πάντες
1657 570 1696 608 οἷ
1720 571 1773 617 εἰς
1798 572 1891 622 Χρι-

381 633 472 676 στὸν
504 632 796 682 πεπιστευκότες
829 631 900 685 τήν
938 635 1111 687 Περαίαν
1143 630 1223 673 κατ’
1257 633 1379 674 ἐκεῖνο
1417 637 1556 686 καιροῦ
1588 633 1813 690 κατῴκησαν
1847 633 1889 675 τό

380 703 518 752 πλέον,
557 702 598 742 ἐν
630 701 757 757 Πέλλῃ
791 701 866 742 τινὶ
902 698 1009 741 πόλει
1041 701 1258 756 καλουμένῃ
1295 704 1363 752 τῆς
1395 698 1647 748 Δεκαπόλεως
1674 705 1741 752 τῆς
1770 703 1810 743 ἐν
1838 705 1891 757 τῷ

381 768 583 825 εὐαγγελίῳ
612 768 893 822 γεγραμμένης,
924 769 1084 820 πλησίον
1109 771 1178 820 τῆς
1203 769 1422 815 Βαταναίας
1450 768 1516 808 καὶ
1542 769 1792 816 Βασανίτιδος
1819 767 1890 821 χιό-

382 854 474 891 ρας,
504 834 547 877 τό
569 839 780 888 τηνικαῦτα
810 836 891 876 ἐκεῖ
917 833 1252 887 μεταναστάντων,
1283 835 1350 875 καὶ
1376 836 1496 876 ἐκεῖσε
1521 832 1798 888 διατριβόντων
1826 834 1892 875 αὕ-

379 909 477 955 τῶν,
507 904 661 958 γέγονεν
689 904 731 944 ἐκ
758 901 901 943 τούτου
922 900 1119 956 πρόφασις
1145 906 1197 958 τῷ
1221 900 1384 954 Ἐβίωνι.
1445 903 1521 943 Καὶ
1548 901 1699 956 ὄίρχεται
1728 901 1796 954 μὲν
1824 901 1893 954 την

380 974 603 1023 κατοίκησιν
638 972 733 1022 ἔχειν
768 972 806 1011 ἐν
833 968 1007 1026 Κωκάβῃ
1043 970 1116 1010 τινὶ
1148 967 1259 1026 κώμῃ
1295 970 1359 1010 ἐπὶ
1391 957 1438 1010 τοί
1471 970 1566 1023 μέρη
1600 974 1669 1022 τῆς
1698 970 1892 1023 Καρναῒμ,

381 1038 515 1091 Ἀρνὲμ
536 1039 602 1080 καὶ
619 1036 841 1091 Ἀσταρώθ,
873 1038 913 1078 ἐν
933 1041 979 1094 τῇ
1003 1038 1226 1077 Βασανίτιδι
1246 1034 1370 1092 χώρᾳ,
1403 1034 1455 1084 ὥς
1475 1035 1501 1089 ἦ
1524 1038 1693 1078 ἐλθοῦσα
1716 1038 1770 1085 εἷς
1791 1034 1894 1089 ἡμᾶς

382 1112 521 1162 γνῶσις
543 1106 716 1159 περιέχει.
761 1102 907 1145 ’Ένθεν
932 1103 1084 1157 ἄρχεται
1110 1108 1180 1156 τῆς
1207 1108 1332 1156 κακῆς
1356 1102 1476 1144 αὐτοῦ
1501 1106 1767 1155 διδασκαλίας,
1798 1103 1894 1145 ὅθεν

382 1177 506 1226 δῆθεν
535 1173 601 1214 καὶ
632 1174 672 1214 οἷ
696 1173 921 1226 Ναζαρηνοὶ
947 1173 988 1212 οἱ
1016 1169 1155 1223 ἄνομοι
1181 1169 1500 1223 προδεδήλωνται.
1560 1172 1792 1222 Συναφθεὶς
1821 1170 1892 1226 γάρ

383 1236 496 1289 οὗτος
525 1242 703 1289 ἐκείνοις,
734 1241 799 1280 καὶ
829 1241 968 1281 ἐκεῖνοι
997 1237 1140 1294 τούτῳ,
1172 1237 1348 1290 ἑκάτερος
1376 1235 1453 1278 ebed
1479 1242 1548 1290 τῆς
1579 1239 1721 1279 ἑαυτοῦ
1745 1245 1891 1291 μοχθη-

382 1312 467 1362 ρίας
489 1313 540 1364 τῷ
565 1308 677 1362 ἑτέρῳ
700 1308 899 1358 μετέδωκε.
948 1306 1027 1345 Καὶ
1048 1305 1297 1358 διαφέρονται
1319 1304 1387 1356 μὲν
1409 1306 1535 1360 ἕτερος
1555 1304 1654 1359 πρὸς
1678 1303 1745 1346 τὸν
1766 1307 1894 1359 ἕτερον

380 1374 477 1417 κατά
499 1392 546 1423 τι,
578 1375 619 1414 ἐν
640 1373 681 1413 δὲ
703 1378 748 1429 τῇ
770 1375 957 1428 κακονοίᾳ
979 1369 1164 1424 ἀλλήλους
1187 1370 1442 1423 ἆπεμοὲξαντο.
1488 1370 1590 1425 ’Ήδη
1614 1373 1656 1413 δέ
1678 1389 1741 1424 μοι
1763 1374 1829 1413 καὶ
1854 1374 1895 1413 ἐν

382 1442 507 1490 ἄλλοις
529 1440 658 1495 λόγοις
679 1441 746 1480 καὶ
768 1438 865 1480 κατα
885 1438 954 1487 τοὶς
980 1437 1094 1487 ἄλλας
1115 1439 1278 1493 αἱρέσεις
1303 1439 1390 1493 περὶ
1408 1443 1476 1492 τῆς
1496 1442 1731 1487 τοποθεσίας
1756 1438 1894 1481 Κωκά-

383 1513 464 1563 βων
492 1510 557 1550 καὶ
587 1512 656 1559 τῆς
682 1505 864 1560 Ἀραβίας
891 1506 955 1547 δια
985 1505 1155 1554 πλάτους
1185 1508 1341 1560 εἴρηται.

494 1577 572 1617 Καὶ
591 1574 632 1616 τὸ
658 1575 725 1627 μὲν
743 1578 896 1628 πρῶτον
923 1568 1066 1622 1οὗτος
1085 1571 1107 1614 ὅ
1128 1572 1278 1626 Ἐβίων,
1303 1571 1356 1622 ὦς
1378 1574 1489 1626 ἔφην,
1518 1573 1688 1628 Χριστὸν
1712 1575 1754 1616 ἐκ
1777 1575 1890 1629 σπέρ-

383 1661 503 1699 ματος
527 1640 681 1697 ἀνδρός,
707 1642 878 1682 τουτέστι
900 1646 970 1682 τοῦ
990 1639 1145 1693 Ἰωσὴφ,
1178 1638 1341 1695 ὦρίζετο.
1389 1638 1452 1681 Ἐκ
1474 1640 1616 1695 χρόνου
1638 1643 1680 1682 δέ
1701 1659 1805 1690 τινος
1827 1643 1892 1683 καὶ

383 1716 499 1766 δεῦρο
526 1713 565 1752 οἱ
592 1707 712 1751 αὐτοῦ
740 1706 792 1756 ὥς
816 1710 870 1756 εἰς
903 1707 1116 1749 ἀσύστατον
1144 1709 1212 1749 καὶ
1243 1706 1438 1761 ἀμήχανον
1461 1710 1671 1763 τρέψαντες
1699 1707 1765 1750 τὸν
1794 1711 1895 1750 ἰ’διον

388 1785 483 1821 νοῦν
511 1777 614 1819 ἄλλοι
643 1775 763 1824 ἄλλως
792 1774 881 1830 παρ’
907 1774 1038 1823 αὐτοῖς
1072 1776 1192 1829 2περὶ
1222 1780 1394 1830 Χριστοῦ
1423 1778 1656 1831 διηγοῦνται.
1721 1777 1824 1829 Τάχα
1853 1777 1895 1818 δὲ

384 1845 493 1900 οἶμαι
514 1843 590 1886 ἀπὸ
616 1848 686 1885 τοῦ
709 1848 966 1896 συναφθῆναι
990 1840 1122 1891 αὐτοῖς
1143 1841 1318 1892 Ἠλξαῖον
1347 1842 1412 1884 τὸν
1441 1844 1797 1898 ψευδοπροφήτην,
1827 1842 1895 1885 τόν

384 1912 491 1968 παρὰ
522 1918 601 1960 τοῖς
627 1916 892 1963 3Σαμψηνοῖς
920 1911 987 1951 καὶ
1015 1908 1213 1963 Ὀσσηνοῖς
1244 1911 1311 1951 καὶ
1341 1908 1594 1958 Ἐλκεσσαίοις
1625 1912 1892 1964 καλουμένοις,

389 1980 441 2030 ὥς
473 1983 618 2027 ἐκεῖνος
649 1980 865 2030 φαντασίαν
893 1976 980 2019 τινα
1007 1979 1094 2031 περὶ
1120 1982 1291 2033 Χριστοῦ
1321 1980 1524 2033 διηγεῖται,
1564 1979 1626 2018 καὶ
1662 1980 1750 2033 περὶ
1780 1980 1894 2020 πνεύ-

387 2065 505 2103 ματος
529 2046 652 2102 ἇγίου.
717 2045 826 2093 Τινὲς
854 2043 927 2099 γάρ
956 2046 992 2094 ἐξ
1020 2043 1148 2086 αὐτῶν
1179 2046 1247 2086 καὶ
1269 2044 1391 2098 Ἀδοὶμ
1419 2043 1484 2086 τᾶν
1511 2044 1679 2098 Χριστὸν
1711 2043 1809 2087 εἶναι
1837 2047 1891 2087 λέ-

386 2130 518 2172 γουσι,
547 2112 616 2155 τὸν
636 2117 790 2167 πρῶτον
809 2113 1028 2153 πλασθέντα
1050 2128 1088 2153 τε
1111 2113 1177 2153 καὶ
1199 2113 1473 2165 ε’μ-φυσηθέντα
1493 2110 1569 2153 ἀπὸ
1600 2117 1669 2165 τῆς
1696 2117 1768 2153 τοῦ
1795 2118 1895 2154 θεοῦ

387 2185 600 2230 ἐπιπνοίας.
646 2179 779 2222 ’Ἀλλοι
802 2180 843 2221 δὲ
869 2181 909 2221 ἐν
930 2177 1062 2228 αὐτοῖς
1081 2180 1256 2234 λέγουσιν
1281 2179 1434 2221 ἄνωθεν
1461 2179 1527 2231 μὲν
1549 2178 1661 2231 ὄντα,
1693 2178 1768 2233 πρὸ
1799 2179 1893 2221 πάν·

386 2269 464 2293 των
493 2250 534 2291 δὲ
561 2249 767 2290 κτισθέντα
794 2252 945 2300 πνεῦμα
966 2245 1080 2297 ὅντα,
1109 2248 1173 2288 καὶ
1203 2245 1300 2302 ὑπὲρ
1330 2246 1509 2302 ἀγγέλους
1533 2245 1645 2296 ὄντα,
1676 2246 1829 2288 πάντων
1857 2264 1896 2288 τε

388 2318 640 2373 κυριεύοντα,
670 2317 737 2357 καὶ
764 2313 932 2369 Χριστὸν
954 2315 1145 2368 λέγεσθαι,
1177 2313 1244 2356 τὸν
1264 2316 1383 2356 ἐκεῖσε
1406 2315 1445 2356 δὲ
1466 2315 1586 2355 αἰῶνα
1606 2318 1893 2367 κεκληρῶσθαι·

388 2387 568 2440 ἔρχεσθαι
590 2385 631 2425 δὲ
657 2385 830 2425 ἐνταῦθα
853 2381 915 2424 ὅτε
935 2380 1127 2434 βούλεται,
1160 2380 1213 2430 ὥς
1235 2383 1301 2423 καὶ
1325 2384 1365 2424 ἐν
1386 2387 1439 2438 τῷ
1459 2379 1579 2433 Ἀδάμ
1608 2375 1704 2432 ἦλθε
1727 2383 1793 2422 καὶ
1816 2387 1896 2430 τοῖς

388 2451 642 2506 πατριάρχαις
664 2453 841 2503 ἐφαίνετο
863 2448 1095 2501 ἐνδυόμενος
1120 2448 1163 2490 τὸ
1193 2454 1314 2502 σῶμα.
1376 2448 1485 2504 Πρὸς
1503 2447 1676 2501 Ἀβραάμ
1701 2464 1738 2488 τε
1769 2447 1896 2489 ἐλθών

389 2521 456 2562 καὶ
470 2517 607 2560 'louein
625 2520 693 2560 καὶ
709 2516 853 2570 Ἰακώβ
874 2514 896 2558 ὁ
917 2514 1034 2565 αὐτὸς
1053 2514 1109 2557 ἐπ’
1131 2518 1297 2569 ἐσχοίτων
1318 2521 1394 2558 τῶν
1414 2515 1566 2569 ἡμερῶν
1585 2510 1694 2568 ἦλθε,
1718 2516 1785 2555 καὶ
1802 2513 1894 2557 αὐτὸ

388 2586 432 2629 vd
454 2591 564 2640 σῶμα
585 2591 657 2628 τοῦ
676 2584 799 2638 Ἀδᾶμ
821 2582 1037 2633 ἐνεδύσατο,
1067 2584 1134 2624 καὶ
1157 2583 1279 2636 ὤφθη
1303 2583 1534 2639 ἅνθρωπος,
1563 2583 1629 2624 καὶ
1652 2583 1895 2636 ἐσταυρώθη,

387 2655 457 2696 καὶ
472 2652 623 2709 ἐνέστη,
646 2654 714 2696 καὶ
733 2650 911 2706 ἀνῆλθεν.
957 2649 1082 2692 Πάλιν
1103 2650 1143 2692 δὲ
1166 2650 1228 2692 ὅτε
1249 2649 1454 2704 βούλονται
1472 2651 1658 2705 λέγουσιν,
1681 2647 1780 2702 οὐχὶ,
1805 2647 1897 2690 ἄλλα

435 2789 515 2823 Cn).
536 2791 590 2822 ΙΙΙ.
615 2809 656 2815 -
706 2790 733 2822 1.
755 2791 925 2822 Pronmnen
947 2780 1040 2825 οὗτος
1064 2788 1120 2819 ad·
1165 2791 1197 2820 in
1219 2790 1267 2820 ed.
1292 2799 1339 2828 pr.
1362 2789 1469 2827 legitur
1488 2782 1665 2828 ᾰμῲηνοῖς.
1710 2787 1791 2817 Illud
1810 2788 1897 2817 resti-

390 2837 447 2867 ieci
470 2845 506 2866 ex
524 2837 594 2867 cod.
618 2837 713 2866 Vatic.
1165 2835 1311 2864 tuendum
1337 2836 1401 2864 iam
1430 2833 1506 2862 vidit
1531 2832 1716 2869 Carnarius,
1752 2833 1803 2870 qui
1826 2840 1897 2862 con-

435 2879 466 2912 2.
489 2879 564 2920 περὶ
586 2881 775 2911 desideratur
795 2881 827 2911 in
849 2880 917 2910 edit.
937 2879 1120 2918 petaviano,
1166 2880 1272 2909 vertit:
1295 2878 1447 2909 Fortasse
1471 2881 1578 2906 autem
1599 2874 1639 2905 ab
1653 2885 1691 2905 eo
1713 2874 1800 2916 quod
1815 2886 1897 2906 con-

386 2928 464 2956 eerte
483 2925 641 2963 Lipsiensi.
1165 2922 1292 2953 iunctus
1324 2921 1385 2952 fuit
1415 2919 1491 2963 ipsis
1524 2919 1657 2950 Elxaeus
1687 2918 1896 2962 pseudopro-

434 2968 464 3002 3.
490 2970 541 3000 Sic
560 2970 626 3001 cod.
652 2970 746 3000 ratic.
791 2970 826 3000 lu
856 2969 923 3000 cod.
945 2968 1071 3007 Rhediy.
1094 2970 1122 2998 et
1166 2966 1284 3010 pheta,
1317 2965 1403 3009 apud
1426 2966 1621 3007 Sampsenos
1641 2969 1675 2995 et
1696 2966 1835 2996 Ossenos
1859 2975 1900 2995 ao
