2034 3267
202 1341 267 1370 pag.
286 1332 343 1360 377.

359 161 437 201 686
915 165 1077 198 SANCTI
1099 166 1320 199 EPIPHANJI

359 260 446 297 ρον,
478 244 512 283 εἰ
538 241 636 290 ’ὅλως
663 236 785 294 ἦλθεν
809 239 832 283 δ
854 241 1064 297 μονογενὴς
1086 241 1328 298 άνθρώπους
1358 247 1500 294 σῶσαι,
1530 246 1595 286 καὶ
1619 244 1761 303 λῃστὴν
1783 246 1880 294 εἰςα-

359 315 486 365 γαγεῖν
510 311 563 358 εἰς
586 308 855 364 Παράδεισον,
886 312 954 351 καὶ
978 309 1143 363 τελώνην
1175 311 1331 351 καλέσαι
1362 307 1439 351 άπὸ
1476 316 1655 354 τελωνίου
1689 315 1741 362 εἰς
1771 311 1880 366 μετά·

358 395 468 419 νοιαν
481 411 492 429 ,
523 378 590 419 καὶ
611 376 762 432 πόρνην
793 375 1028 430 ἄλείφουσαν
1053 376 1173 419 αὑτοῦ
1194 376 1286 426 τούς
1307 376 1434 426 πόδας
1456 378 1641 422 ἰάσασθαι
1665 380 1742 423 άπὸ
1763 398 1880 434 πονη-

359 449 462 501 ρίας,
494 447 547 487 ἔτι
568 445 610 486 δὲ
634 446 701 487 καὶ
725 444 858 501 ἆγαθᾶ
888 444 1046 500 πράττει
1070 444 1183 496 θεός,
1216 443 1368 500 α’γαθὸς
1395 443 1577 500 ὑπάρχει,
1607 449 1673 489 καὶ
1695 447 1880 503 εὔσπλαγ-

358 531 461 567 χνος,
492 514 558 555 καὶ
583 513 765 567 ἐλεήμων,
796 518 923 571 πολλῷ
945 509 1018 555 οῦν
1040 518 1181 566 μᾶλλον
1202 515 1279 554 ἔδει
1300 514 1362 554 ἐπὶ
1384 513 1450 555 τὸν
1471 516 1574 556 ἴδιον
1596 513 1715 557 αὐτοῦ
1736 517 1882 570 πατέρα

360 581 425 624 τόν
455 580 586 624 οἶκτον
616 579 842 635 άναλαβεῖν,
873 583 938 623 καὶ
969 580 1088 623 αὐτόν
1113 586 1268 637 πρῶτον
1290 587 1513 634 μεταθεῖναι
1540 584 1594 631 εἰς
1621 582 1663 624 τό
1689 588 1882 639 σωτηριῶ-

360 653 438 699 δες·
470 652 536 691 ἵνα
561 654 717 705 πρῶτον
739 648 806 692 τόν
832 651 978 705 πατέρα
1009 648 1131 691 αὐτοῦ
1160 648 1383 702 μεταβαλών
1412 653 1562 699 τελείως
1585 652 1787 700 ἐνδείξεται
1813 651 1884 705 τὴν

358 721 501 760 τελείαν
533 716 782 773 ἅγαθότητα,
820 717 887 760 τὸν
919 719 1065 772 πατέρα
1096 716 1215 759 αὐτοῦ
1242 719 1453 773 οἰκτείρας,
1492 716 1544 767 ώς
1570 719 1636 760 καὶ
1663 719 1884 774 γέγραπται,

363 790 499 828 Ποιεῖν
528 785 570 828 τό
603 785 758 841 ἄγαθὸν
788 791 944 840 πρῶτον
978 788 1030 835 εἰς
1065 785 1156 835 τοῦς
1186 787 1352 834 οἰκείους
1381 791 1450 840 τῆς
1483 789 1668 838 πίστεως,
1706 787 1815 845 πόσῳ
1845 803 1886 842 γε

361 859 503 907 μᾶλλον
526 856 641 896 έλεεῖν
666 853 758 904 τοῦς
787 855 933 895 ἑαυτῶν
957 855 1134 909 πατέρας.
1201 852 1251 895 T&
1280 854 1320 895 δὲ
1350 855 1479 910 ἕτερον
1516 860 1528 882 ¹
1547 856 1601 896 ἔτι
1626 856 1886 909 προςτέθεικοι

359 928 405 980 τῇ
429 921 570 977 φράσει
593 924 660 964 καὶ
683 927 737 980 τῷ
761 923 896 979 ἐλέγχῳ
917 927 970 979 τῷ
994 921 1092 978 πρὸς
1117 920 1184 963 τόν
1207 925 1452 977 Μαρκίωνα,
1483 921 1543 965 ὅτι
1564 925 1598 964 εἰ
1617 923 1684 976 μὲν
1706 928 1776 964 τοῦ
1800 921 1887 971 ἓνός

361 992 438 1032 ἐστι
463 989 569 1042 υἱὸς,
603 992 669 1032 καὶ
699 989 799 1046 πρὸς
829 989 897 1032 τόν
929 992 1059 1045 ἕτερον
1091 991 1356 1045 προςέφυγεν,
1387 988 1434 1032 οὗ
1462 989 1596 1039 πιστὸς
1621 993 1886 1046 παραδειχθή-

361 1074 464 1100 σεται
494 1057 600 1113 παρά
630 1063 683 1116 τῷ
707 1059 834 1117 ἑτέρῳ.
892 1057 935 1099 Ὁ
965 1057 1036 1113 γάρ
1065 1061 1283 1111 συνείδησιν
1305 1060 1359 1106 εἰς
1380 1057 1444 1100 τὸν
1469 1061 1570 1100 ἴδιον
1590 1057 1710 1101 αὐτοῦ
1739 1060 1886 1114 πατέρα

361 1125 414 1181 μή
437 1126 613 1179 φυλάξας
644 1125 734 1168 οὐδὲ
758 1124 865 1181 παρά
890 1130 941 1183 τῷ
970 1127 1083 1183 ἑτέρῳ
1116 1125 1415 1179 πιστευθήσεται
1447 1125 1522 1168 οἷπὸ
1548 1131 1625 1168 τῶν
1647 1125 1735 1182 παρ’
1766 1125 1888 1168 αὐτοῦ

362 1194 613 1250 προαγόντως
637 1195 927 1250 πεπραγμένων.
984 1192 1095 1235 Ἀλλά
1126 1195 1191 1236 καὶ
1224 1193 1344 1242 ἄλλως
1370 1193 1506 1246 πάλιν,
1539 1190 1569 1236 ώ
1591 1197 1808 1249 Μαρκίων,
1839 1192 1887 1236 δι’

362 1261 532 1318 άπορίαν
567 1268 636 1304 τοῦ
675 1263 927 1316 πεμπομένου
969 1267 1105 1303 ἳθεοῦ
1142 1261 1194 1316 μή
1235 1263 1474 1314 δυνηθέντος
1511 1268 1631 1304 σῶσαι
1665 1262 1758 1311 τοῦς
1796 1260 1886 1318 παρ’

370 1336 386 1361 ³
403 1329 506 1387 αὐτῷ
533 1331 794 1384 σωζομένους,
825 1331 890 1371 καὶ
916 1327 1005 1384 παρ’
1029 1328 1152 1371 αὐτοῦ
1177 1329 1241 1371 διά
1268 1335 1440 1385 Χριστοῦ
1464 1332 1702 1384 ἔλεηθέντας.
1760 1332 1816 1371 Εἰ
1834 1329 1886 1384 μὴ

361 1398 433 1455 γάρ
459 1397 634 1454 ἀπέφυγε
657 1396 754 1440 κατά
777 1396 843 1439 τὸν
872 1402 940 1439 τοῦ
964 1401 1206 1453 Μαρκίωνος
1227 1397 1341 1454 λόγον
1360 1396 1383 1440 ὅ
1408 1398 1575 1454 Χριστός
1596 1397 1696 1454 πρὸς
1716 1397 1783 1440 τὸν
1805 1397 1885 1440 ἅνω

362 1466 479 1519 θεὸν,
517 1465 592 1509 οὐκ
620 1464 785 1521 ηὐπόρει
813 1463 1008 1521 ὁάγαθός
1039 1465 1134 1515 θεός
1164 1484 1249 1508 τινα
1277 1465 1519 1518 άποστεῖλαι,
1558 1469 1592 1509 εἰ
1617 1465 1670 1520 μὴ
1701 1469 1742 1509 ἐν
1771 1484 1886 1522 προς-

362 1535 515 1591 κρούσει
545 1533 567 1577 ὅ
591 1539 660 1577 τοῦ
686 1538 857 1590 Χριστοῦ
883 1533 1030 1588 πατὴρ,
1063 1532 1116 1583 ώς
1141 1532 1163 1576 ὁ
1189 1537 1385 1590 Μαρκίων
1413 1535 1530 1590 λέγει,
1561 1534 1661 1590 πρὸς
1690 1533 1757 1577 τόν
1786 1537 1887 1576 ἰ’διον

364 1603 484 1646 αὐτοῦ
506 1601 591 1645 υἵὸν
615 1604 823 1658 γεγένηται.
884 1604 963 1644 Καὶ
991 1601 1112 1651 ἄλλως
1137 1603 1199 1654 δὲ,
1232 1605 1266 1644 εἰ
1293 1607 1361 1644 τοῦ
1388 1605 1628 1658 δημιουργοῦ
1656 1601 1742 1652 υἱός
1771 1604 1886 1654 ἐστιν,

364 1671 569 1714 άντίκειται
594 1672 634 1713 δὲ
658 1676 705 1729 τῇ
729 1673 965 1727 δημιουργία
989 1672 1054 1712 καὶ
1076 1676 1128 1728 τῷ
1150 1675 1219 1712 τοῦ
1243 1670 1389 1726 πατρὸς
1413 1673 1534 1729 ἔργῳ,
1565 1675 1721 1727 πρῶτον
1743 1671 1810 1724 μὲν
1833 1672 1887 1712 ε’λ-

363 1740 452 1782 θών
476 1742 528 1788 εἰς
551 1738 619 1782 τόν
641 1738 788 1792 κόσμον
813 1737 905 1787 τούς
935 1737 1175 1794 ἀνθρώπους
1203 1744 1357 1794 πρῶτον
1384 1736 1479 1792 εἶχεν
1503 1740 1794 1794 ἐξολοθρεῦσαι,
1823 1741 1888 1780 ἵνα

365 1806 537 1866 ἀφανίσῃ
558 1806 601 1849 vd
624 1809 736 1862 ἔργον
758 1806 800 1848 τὸ
823 1805 900 1848 άπὸ
923 1812 991 1849 τοῦ
1017 1809 1120 1849 ἰδίου
1144 1806 1291 1862 πατρὸς
1315 1807 1713 1862 δεδημιουργημένον,
1745 1805 1798 1856 ώς
1823 1805 1888 1848 άν-

365 1878 508 1925 τίδικος
531 1874 734 1930 γενόμενος
761 1879 831 1928 τῆς
854 1880 924 1917 τοῦ
945 1874 1092 1931 πατρὸς
1119 1876 1350 1924 διαθέσεως·
1382 1874 1408 1928 ἢ
1429 1873 1546 1917 πάλιν
1566 1873 1698 1928 λαβών
1720 1874 1888 1928 δύναμιν

366 1945 503 1992 ιὀἶσεως
530 1944 597 1985 καὶ
621 1946 833 1998 θεραπείας
857 1945 924 1985 καὶ
951 1946 1141 1998 σωτηρίας
1167 1942 1328 1995 ὤφειλεν
1350 1944 1595 1993 ἐνδείξασθαι
1619 1945 1673 1992 εἰς
1694 1942 1761 1985 τὸν
1786 1945 1887 1985 ἴδιον

364 2010 486 2054 αὐτοῦ
509 2012 657 2066 πατέρα
678 2009 752 2066 πρὸ
778 2010 934 2053 πάντων
955 2011 1026 2065 τήν
1047 2016 1115 2066 τῆς
1136 2014 1437 2067 φιλανθρωπίας
1462 2013 1662 2068 ἐργασίαν,
1692 2012 1758 2053 καὶ
1781 2015 1886 2067 πρῶ-

364 2097 431 2122 τον
465 2085 593 2121 πεῖσαι
625 2078 693 2121 τὸν
730 2080 875 2135 πατέρα
915 2078 1036 2122 αὐτοῦ
1071 2078 1151 2122 κατ’
1185 2078 1305 2122 αὐτόν
1339 2081 1543 2134 γενέσθαι,
1584 2082 1650 2121 ἵνα
1683 2078 1888 2135 γενόμενος

366 2146 468 2206 αὐτῷ
492 2165 531 2189 τε
552 2149 619 2190 καὶ
642 2153 694 2205 τῷ
716 2149 833 2203 πατρὶ
857 2146 979 2190 αὐτοῦ
1001 2146 1151 2203 άγαθός
1176 2153 1244 2202 τῆς
1265 2146 1365 2203 πρὸς
1390 2146 1630 2203 άνθρώπους
1652 2150 1842 2202 σωτηρίας
1862 2144 1887 2200 ἡ

366 2220 433 2270 μία
457 2217 522 2258 καὶ
552 2214 577 2269 ἡ
603 2214 700 2268 αὕτη
726 2214 926 2271 οἷγαθότης
950 2217 1112 2271 γένηται.
1170 2215 1262 2258 Ἀλλ’
1285 2214 1354 2269 οὐχ
1376 2215 1500 2264 οὕτως
1525 2218 1595 2269 ἔχει
1620 2214 1671 2265 ώς
1694 2214 1716 2257 ὅ
1745 2218 1886 2257 τούτου

366 2283 708 2337 κενοφωνούμενος
739 2283 931 2337 μυθώδης
957 2283 1080 2339 λόγος.
1145 2284 1244 2326 Οὔτε
1265 2283 1337 2340 γάρ
1366 2290 1468 2338 τρεῖς
1494 2282 1625 2339 άρχαὶ,
1658 2282 1746 2326 οὔτε
1774 2282 1887 2332 ἄλλος

365 2351 490 2407 πατὴρ
518 2357 713 2407 Χριστοῦ,
746 2350 837 2394 οὐδὲ
859 2355 996 2400 κακίας
1028 2354 1107 2393 ε’στὶ
1137 2354 1326 2407 γέννημα,
1357 2351 1410 2406 μή
1442 2352 1603 2406 γένοιτο.
1665 2352 1767 2404 Φησὶ
1795 2349 1884 2406 γάρ,

363 2419 460 2476 Ἐγώ
486 2422 526 2462 ἐν
549 2425 601 2477 τῷ
625 2421 764 2475 πατρὶ,
795 2421 861 2461 καὶ
883 2417 906 2461 ὅ
928 2418 1053 2475 πατὴρ
1079 2422 1119 2462 ἐν
1145 2422 1240 2473 ἐμοί.
1302 2421 1379 2461 Καὶ
1402 2420 1523 2472 εἰμὲν
1543 2420 1676 2468 νόθως
1697 2419 1795 2473 λέγει
1812 2436 1884 2460 πα-

364 2490 454 2542 τέρα
478 2490 594 2542 ἕχειν,
627 2486 674 2530 οὔ
698 2490 856 2530 δυ’ναται
884 2485 1005 2529 αὐτοῦ
1028 2485 1051 2529 ό
1075 2487 1196 2537 νόθος
1226 2487 1353 2544 πατὴρ
1380 2486 1615 2540 καλούμενος
1639 2488 1680 2529 ἒν
1703 2485 1806 2544 αὐτῷ
1835 2484 1884 2528 εἷ-

366 2574 448 2607 ναι,
479 2555 570 2598 οὐδὲ
596 2555 713 2606 αὐτὸς
744 2558 785 2598 ἐν
815 2558 867 2613 τῷ
897 2558 1023 2610 πατρί.
1081 2553 1124 2596 ‘O
1156 2557 1196 2598 δὲ
1227 2555 1324 2598 κατά
1354 2555 1474 2608 φύσιν
1501 2553 1623 2598 αὐτοῦ
1652 2555 1797 2610 πατέρα
1826 2552 1886 2596 άεὶ

367 2623 521 2679 άγαθὸν
543 2626 610 2666 καὶ
630 2623 729 2666 θεὸν
754 2622 812 2665 άεὶ
834 2625 900 2665 καὶ
922 2621 1078 2665 πάντων
1106 2623 1345 2680 δημιουργὸν
1366 2625 1490 2681 ἐαυτῷ
1513 2626 1583 2665 4τε
1605 2622 1698 2666 ὄντα
1718 2623 1784 2664 καὶ
1813 2620 1885 2664 σῦν

368 2690 470 2750 αὐτῷ
502 2691 722 2749 ὑπάρχοντα
747 2691 960 2742 διδάσκων,
992 2692 1057 2733 καὶ
1085 2689 1313 2745 ἀληθεύων,
1344 2691 1441 2734 κατά
1464 2696 1534 2734 τοῦ
1556 2693 1795 2747 Μαρκίωνος
1815 2689 1886 2744 τὴν

415 2853 491 2884 ΟΑΡ.
507 2853 600 2888 XIV.
623 2873 664 2878 —
699 2855 727 2887 1.
753 2852 801 2888 ἔτι
823 2854 966 2894 rescripsi
989 2854 1105 2885 corna·
1151 2855 1231 2886 Nam
1258 2864 1277 2887 α
1308 2856 1412 2896 libris,
1446 2857 1642 2896 quantumvis
1668 2856 1884 2896 necessarium,-

366 2900 448 2930 rium
467 2902 493 2930 et
512 2901 673 2932 Petavium
694 2903 824 2941 seculus,
843 2909 901 2940 pro
922 2897 1002 2938 ἔστι,
1025 2900 1107 2939 quod
1150 2902 1242 2940 vulgo
1265 2902 1358 2932 abest.
1405 2902 1506 2940 Quare
1532 2903 1597 2933 iam
1621 2902 1788 2933 Carnarius
1816 2910 1883 2932 ver-

368 2945 437 2975 libri
460 2945 578 2976 habent.
1148 2946 1202 2976 tit.-
1237 2944 1302 2976 Sed
1334 2951 1366 2976 et
1397 2945 1491 2977 aliter
1519 2957 1645 2983 rursus»,
1680 2956 1699 2976 o
1726 2945 1882 2985 Marcion,

411 2988 442 3022 2.
475 2990 593 3022 Inserui
623 2991 806 3023 vocabulum
841 2989 919 3024 5:205
953 2991 990 3022 de
1022 2998 1098 3022 meo.
1146 2989 1188 3021 ob
1220 2989 1389 3033 penuriam
1420 2990 1487 3024 eius
1518 2990 1574 3034 qui
1597 2989 1782 3024 mitteretur
1815 3001 1881 3023 non
