2034 3267
455 183 629 216 PANARH
653 183 751 215 ADV.
777 183 997 215 HAERESES
1021 183 1102 215 LIB.
1126 184 1150 216 1.
1175 184 1278 216 TOM.
1299 185 1322 215 Ι.
1588 179 1639 218 63

140 278 183 305 ro
211 269 250 303 et
274 262 429 303 Achaso
457 261 704 316 regnantibus
732 261 848 302 tribus
878 275 929 302 ex
954 261 1096 302 israele
1121 262 1158 301 in
1182 260 1386 302 Medorum
1411 262 1549 304 limites
1577 264 1641 304 de-

139 337 311 386 portatae
351 336 454 370 sunt.
520 328 614 369 Post
652 329 745 369 haec
774 328 964 369 Ezechias
996 327 1205 369 Manassen
1239 329 1391 383 genuit,
1436 329 1641 372 Manasses

139 397 346 446 Amomm,
391 396 560 436 Amosus
596 395 757 446 Iosiam,
799 395 921 435 Josias
950 395 1190 446 lechoniam,
1235 396 1297 450 qui
1328 404 1366 437 et
1396 395 1573 439 Selumus
1603 406 1642 439 et

138 464 316 505 Amasias
342 463 461 503 dictus
490 471 562 504 est.
621 463 682 503 Ab
707 462 775 501 hoc
802 460 1003 511 lechonia,
1046 463 1213 503 eiusdem
1240 464 1402 505 nominis
1427 466 1544 517 alter,
1578 481 1642 506 co-

138 539 344 586 gnomento
377 529 581 581 Sedecias,
615 544 687 569 una
718 542 802 568 cum
832 527 1000 568 Ioacimo
1030 530 1178 581 genitus
1210 538 1281 571 est.

249 597 334 638 Nec
372 605 429 638 est
459 598 555 651 quod
595 610 639 637 ea
670 596 714 635 de
745 608 785 634 re
817 595 1012 647 quisquam
1044 596 1208 646 dubitet3
1252 598 1411 638 miretur
1438 613 1531 640 vero
1561 615 1640 641 ma-
1667 607 1741 650 Cap.
1770 610 1837 641 VH.

138 666 197 719 gis
229 672 442 706 accuratam
472 679 494 704 a
525 664 631 704 nobis
658 663 786 701 initam
819 662 1002 700 rationem
1035 669 1072 701 et
1102 662 1172 702 hoc
1202 664 1286 703 loco
1318 665 1353 704 in
1385 668 1638 709 studiosorum

138 733 297 786 gratiam
320 733 462 772 utiliter
486 730 732 784 explicatam,
771 728 831 781 qui
857 728 1100 782 castigatiora
1125 731 1300 784 exempla
1325 734 1524 774 consulere
1555 749 1642 776 eru-

139 799 292 839 ditionis
331 813 464 840 caussa
498 795 702 836 voluerint.
771 794 862 834 Non
903 796 1000 834 enim
1038 796 1160 835 diffido
1195 797 1283 850 quin
1318 812 1399 838 cum
1435 801 1548 840 animi
1582 804 1639 843 sui

141 869 265 907 fructu
286 866 441 906 candide
472 864 509 903 iu
536 863 582 903 iis
613 876 710 916 quae
735 876 754 902 a
778 861 887 902 nobis
910 862 1102 916 proposita
1125 871 1211 903 sunt
1232 865 1478 917 acquiescere
1502 882 1640 921 cogan-

139 941 221 984 tur,
264 933 445 985 simulque
470 944 601 970 vocem
628 929 728 969 illam
756 929 992 969 lucrifaciant
1021 943 1116 983 quae
1143 930 1187 969 ab
1209 931 1393 985 imperitis
1418 934 1638 986 quibusdam

139 999 442 1041 emendatoribus
467 1003 525 1036 est
547 1003 700 1050 propter
720 996 1001 1049 ambiguitatem
1025 1011 1077 1037 ex
1098 997 1298 1051 evangelio
1319 1000 1479 1040 sublata.
1537 1001 1638 1043 Nam

139 1083 220 1108 cum
256 1064 522 1120 generationes
562 1077 694 1103 omnes
730 1062 951 1104 Matthaeus
992 1064 1180 1118 tripartito
1213 1066 1471 1117 distribuerit,
1519 1076 1556 1108 et
1595 1072 1640 1110 ab

137 1135 328 1176 Abraamo
349 1131 393 1170 ad
417 1129 603 1171 Davidem
628 1145 745 1184 usque
767 1129 868 1171 XIV
889 1139 1110 1182 enumeret,
1144 1133 1319 1186 superior
1339 1141 1498 1188 utraque
1518 1138 1640 1177 series
1652 1152 1838 1190 nanuum.

137 1203 282 1254 integra
305 1198 508 1252 reperitur,
539 1212 661 1252 neque
685 1197 883 1252 quicquam
909 1199 954 1238 ad
978 1213 1175 1239 numerum
1199 1201 1320 1250 deest,
1356 1202 1418 1255 qui
1441 1203 1485 1243 ad
1506 1202 1640 1244 lecho-

137 1269 234 1308 niam
271 1265 403 1305 ordine
436 1266 662 1320 pertexitur.
730 1266 785 1305 At
815 1266 924 1306 tertia
961 1267 1110 1306 demum
1145 1267 1267 1308 series
1297 1267 1394 1308 XIII
1437 1271 1637 1323 duntaxat,

136 1349 210 1376 non
236 1331 335 1373 XIV
358 1333 646 1386 generationum
668 1333 819 1372 nomina
843 1333 1124 1388 complectitur,
1158 1335 1254 1388 quod
1281 1349 1302 1375 a
1323 1337 1513 1378 nonnullis
1538 1353 1641 1379 com-

134 1402 290 1442 missum
323 1407 382 1440 est
411 1399 473 1453 qui
498 1414 580 1439 cum
606 1399 806 1440 Iechonias
832 1401 926 1441 duos
953 1401 1181 1441 coniunctim
1211 1416 1296 1443 esse
1320 1404 1482 1458 scriptos
1505 1420 1639 1446 cerne-

133 1476 234 1518 rent,
266 1467 438 1508 arbitrati
459 1474 546 1507 sunt
567 1469 722 1507 eandem
747 1482 879 1508 vocem
903 1476 1146 1522 praepostere
1169 1468 1205 1508 in
1230 1483 1275 1510 ea
1298 1471 1398 1511 serie
1421 1473 1636 1526 repetitam.

133 1535 279 1576 Verum
302 1535 469 1575 eiusdem
494 1534 567 1575 ista
593 1535 767 1588 repetitio
793 1535 945 1575 minime
972 1536 1061 1584 fuit,
1102 1537 1168 1576 sed
1192 1539 1412 1578 numerandi
1435 1541 1527 1580 ordo
1554 1555 1639 1595 per-

133 1603 302 1658 spicuus.
363 1600 557 1655 Siquidem
584 1601 784 1642 Iechoniae
809 1603 884 1642 filio
910 1603 955 1642 de
979 1610 1136 1656 parente
1161 1618 1297 1644 nomen
1322 1606 1534 1660 impositum
1562 1615 1635 1649 est.

133 1671 188 1711 At
211 1670 271 1710 isti
297 1669 508 1723 elegantiae
533 1670 726 1719 vindices,
760 1670 843 1709 dum
867 1684 981 1710 unum
1007 1685 1144 1710 nomen
1166 1682 1411 1726 expungunt,
1446 1688 1514 1728 per
1536 1688 1638 1715 sum-

133 1752 230 1778 mam
261 1737 513 1791 ignorantiam
545 1745 678 1777 contra
705 1736 938 1791 propositum
970 1746 1196 1791 peccarunt,
1242 1747 1353 1793 atque
1382 1748 1419 1780 et
1443 1742 1636 1782 nominum

130 1803 230 1845 XIV
259 1804 480 1857 collegium,
523 1805 618 1858 quod
643 1804 781 1844 ibidem
805 1804 1038 1854 ostenditur,
1081 1820 1157 1845 uno
1182 1807 1352 1847 detracto
1373 1817 1635 1861 numerarunt,

130 1879 171 1913 et
189 1871 434 1925 multiplicem
454 1871 564 1912 unius
585 1872 629 1912 ad
652 1872 810 1911 alterum
829 1872 1013 1912 rationem
1034 1872 1365 1928 habitudinemque
1383 1876 1634 1917 sustulerunt.

245 1936 451 1979 Caeterum
484 1939 529 1979 ab
560 1937 762 1979 lechoniae
794 1946 962 1994 tempore
988 1940 1166 1995 deinceps
1199 1939 1423 1982 ludaeorum
1449 1943 1486 1983 in
1509 1942 1636 2000 Baby-

130 2006 256 2046 lonem
283 2006 495 2060 deportatio
517 2007 688 2060 contigit.
750 2005 791 2046 In
817 2021 887 2060 qua
907 2005 1327 2048 Nabuchodonosorem
1359 2011 1633 2053 convenientes

130 2074 227 2129 apud
247 2072 486 2128 Babylonem
511 2074 684 2114 seniores
710 2081 914 2127 rogarunt,
947 2081 985 2114 u't
1007 2089 1027 2114 e
1051 2074 1131 2115 suis
1153 2083 1280 2116 certos
1300 2077 1338 2116 in
1364 2075 1541 2118 Iudaeam
1568 2079 1634 2119 ho-

130 2141 254 2181 mines
290 2141 336 2181 ad
368 2140 608 2181 habitandum
644 2140 831 2191 mitteret,
874 2155 921 2181 ne
948 2141 1159 2182 silvescens
1193 2144 1408 2197 incultaque
1439 2146 1545 2199 regio
1569 2147 1633 2186 de-

130 2215 232 2249 serta
257 2208 406 2263 penitus
426 2215 612 2249 maneret.
671 2206 758 2248 Nec
788 2208 867 2262 regi
903 2210 1106 2263 postulatio
1140 2210 1203 2250 illa
1237 2210 1442 2265 displicuit.
1500 2212 1631 2267 Itaque

129 2282 292 2329 quatuor
309 2288 361 2316 ex
383 2275 542 2330 imperio
560 2290 629 2315 suo
655 2275 812 2315 subditis
837 2276 1013 2329 gentibus
1038 2277 1120 2316 sine
1148 2291 1252 2316 niora
1274 2278 1429 2329 dimisit,
1454 2279 1629 2320 nimirum
1665 2299 1688 2326 4,
1705 2299 1778 2335 Reg.

131 2339 367 2393 Chuthaeos,
399 2350 438 2383 et
463 2340 665 2393 Cudaeos,
698 2357 741 2382 ac
763 2341 1072 2398 Sepharuraeos,
1106 2351 1143 2383 et
1164 2347 1489 2399 Anagoganaeos.
1552 2346 1627 2401 Qui
1681 2344 1780 2379 ¹⁷225·

130 2423 215 2449 cum
240 2409 453 2451 simulacris
473 2410 552 2450 suis
575 2424 620 2450 eo
640 2410 798 2464 profecti
819 2411 945 2450 sedem
969 2412 1007 2451 in
1029 2410 1201 2452 Samaria
1226 2413 1474 2454 constituunt.
1518 2413 1631 2456 Hanc

129 2476 252 2528 enim,
297 2479 393 2531 quod
429 2477 648 2532 praepingui
685 2477 792 2531 gleba
826 2479 1015 2532 fertilique
1042 2480 1161 2529 foret,
1203 2480 1248 2519 ad
1274 2479 1513 2522 habitandum
1538 2483 1630 2523 deli-

127 2551 237 2597 gunt.
297 2543 442 2584 Verum
467 2545 659 2597 aliquanto
688 2552 817 2598 postea
843 2552 1011 2600 tempore
1034 2560 1053 2585 a
1078 2546 1169 2586 seris
1193 2547 1344 2597 laniati,
1377 2548 1550 2590 leonibus
1572 2551 1629 2590 vi-

127 2610 266 2651 delicet
292 2612 417 2666 pardis
444 2618 482 2651 et
505 2611 604 2651 ursis
628 2611 785 2665 aliisque
805 2613 1020 2653 crudelibus
1043 2613 1174 2653 bestiis
1198 2614 1493 2667 incursantibus,
1525 2617 1628 2671 lega-

128 2683 187 2717 tos
219 2678 258 2718 in
286 2677 522 2733 Babylonem
555 2692 637 2718 cum
666 2679 838 2733 precibus
864 2680 1037 2731 mittunt,
1081 2680 1329 2721 vehementer
1360 2696 1427 2723 eos
1453 2683 1627 2725 admirati

128 2780 162 2809 tit
185 2779 359 2811 Cornarius.
403 2776 604 2821 Ἐγκάὲετοι
626 2781 744 2811 videtur
766 2782 855 2812 inter·
898 2785 979 2813 tatur
1003 2779 1108 2815 δόλιον
1129 2786 1154 2813 et
1178 2780 1391 2816 κατάσκοπον.

125 2825 309 2861 protundum
327 2834 389 2856 esse
404 2823 560 2866 φύλακες.
580 2826 743 2856 secundum
761 2827 856 2864 ipsius
944 2827 973 2860 7.
997 2822 1205 2868 Ἰσραηλίτην
1230 2829 1293 2859 cod.
1311 2829 1408 2860 Venet.

129 2867 294 2906 Epiphanii
310 2870 583 2909 interpretationem
598 2871 679 2900 haer.
693 2868 724 2908 9,
738 2870 766 2901 1.
784 2880 854 2909 pro·
943 2872 973 2904 ὅ.
999 2867 1145 2912 ὖλομηνή
1152 2882 1238 2904 σασα
1253 2870 1438 2916 ἐρεμωὲῖείη
1452 2877 1517 2907 cod.
1528 2878 1626 2908 Venet.

129 2911 236 2951 latam,
258 2916 284 2943 et
303 2916 467 2946 secundum
487 2918 555 2946 vett.
573 2915 855 2953 lexicographorum
943 2914 974 2948 9.
999 2916 1280 2958 σεφφαρουραίους
1302 2920 1367 2949 cod.
1390 2920 1487 2951 Venet.

129 2957 307 2988 testimonia.
340 2960 384 2998 Cf.
401 2960 516 2990 suidas
536 2969 559 2990 s.
578 2968 618 2998 v.‚
641 2961 692 2997 qui
711 2961 854 2998 interpre-
946 2961 995 2993 10.
1017 2959 1284 3003 οἱναγωγαυαίους
1306 2965 1372 2995 cod.
1390 2965 1517 3004 Rhedty.
