2034 3267
238 1907 302 1937 pag.
322 1897 378 1926 325.

398 172 476 210 594
956 175 1117 207 SANCTI
1138 176 1358 207 EP1PHAN11

399 253 508 295 ω’που
532 250 665 304 αὐτοῦ,
697 252 771 308 πρὸ
792 251 1003 305 προςώπου
1022 254 1112 293 υἱοῦ
1133 253 1174 293 ἐκ
1196 251 1341 306 πατρὸς
1358 253 1586 304 τιμωμένου.
1649 251 1706 295 Οὔ
1726 252 1798 308 γαρ
1817 250 1907 294 (ἔπε’-

397 327 518 363 στελλε
543 320 609 362 τόν
634 318 754 361 αὐτοῦ
777 318 935 375 ι’ἔγγελον
958 318 1139 376 ἅλλοτρίῳ
1165 318 1559 374 έξυπηρετησόμενον,
1590 323 1693 376 εἴπερ
1718 322 1783 362 καὶ
1808 318 1908 361 ἄντί-

397 396 511 437 θετος
541 383 592 441 ἧν
621 386 763 438 αὐτοῦ,
795 387 893 429 κατα
921 387 988 429 τόν
1018 402 1108 439 σου,
1140 382 1170 429 ὦ
1200 390 1416 442 Μαρκίων,
1445 386 1567 442 λόγον.

507 455 618 509 Σχόλ.
645 455 678 497 ι’.
722 457 799 496 Καὶ
829 454 1008 504 εἰςελθών
1037 458 1090 504 εἰς
1116 454 1182 497 τὸν
1206 453 1316 497 οἶκον
1340 460 1409 496 τοῦ
1437 458 1654 509 Φαρισαίου
1681 459 1907 508 κατεκλίθη·

394 522 421 577 ἡ
443 524 483 565 δὲ
508 522 606 579 γυνὴ
628 528 747 564 στᾶσα
770 522 913 574 ὀπίσω,
943 521 968 576 ἡ
990 522 1232 578 ἁμαρτωλός,
1263 522 1368 578 παρὰ
1390 521 1482 571 τούς
1504 522 1649 575 πόδας,
1679 526 1805 580 ἔβρεξε
1830 529 1910 572 τοῖς

397 591 561 646 δάκρυσι
595 590 744 639 54τοῦς
774 590 899 639 πόδας
927 593 993 632 καὶ
1023 590 1175 645 ἤλειψε,
1211 592 1277 632 καὶ
1306 594 1509 643 κατεφίλει.

497 658 643 714 ’Έλεγχ.
666 657 699 700 ι’.
749 657 798 700 Τό
820 658 1022 708 Εἰςελθων
1043 664 1152 712 σῶμα
1173 662 1383 701 δείκνυσιν·
1414 656 1522 701 οἶκον
1542 658 1613 714 γαρ
1636 661 1816 710 δείκνυσι,
1845 659 1911 699 καὶ

395 728 533 783 μέτρον
563 726 746 780 σώματος.
808 728 886 767 Καὶ
914 726 955 769 τὸ
979 732 1261 780 κατακλιθῆναι
1291 725 1452 776 οὐδενός
1482 729 1603 778 ἔστιν,
1645 724 1720 768 ἄλλ’
1748 725 1775 779 ἢ
1806 720 1912 767 55οὗ

397 800 506 849 σῶμα
532 793 697 850 ὄγκηρὸν
723 793 764 835 τό
790 798 1073 849 κατακείμενον.
1134 796 1212 836 Καὶ
1242 794 1284 837 τὸ
1314 794 1381 848 τήν
1405 801 1570 850 γυναῖκα
1593 796 1725 849 βρέξαι
1744 799 1825 842 τοῖς
1847 792 1910 834 δά-

396 878 509 919 κρυσι
529 861 618 911 τούς
638 864 783 914 πόδας,
816 861 863 904 οὕ
886 867 1100 915 φαντασίας
1122 862 1261 914 πόδας,
1292 861 1381 905 οὐδὲ
1404 861 1609 916 δοκήσεως.
1657 860 1819 914 ’Ἠλειψε
1842 859 1912 916 γάρ

397 932 463 973 καὶ
489 933 616 987 ἔβρεξε
645 932 710 972 καὶ
740 934 952 983 κατεφίλει,
988 936 1058 985 τῆς
1087 929 1192 985 ἁφῆς
1221 935 1289 973 τοῦ
1320 930 1496 984 σώματος
1525 931 1802 983 αἰσθανομένη.

508 1065 618 1121 Σχόλ.
639 1066 698 1109 ια’.
742 1068 820 1108 Καὶ
839 1066 966 1117 πάλιν,
996 1066 1107 1120 Αὕτη
1126 1073 1206 1117 τοῖς
1223 1066 1409 1123 δάκρυσιν
1429 1069 1555 1123 ἔβρεξε
1573 1065 1663 1116 τούς
1680 1064 1805 1115 πόδας
1823 1082 1912 1119 μου,

397 1137 463 1178 καὶ
492 1134 646 1189 ἤλειφε,
677 1137 742 1176 καὶ
773 1138 975 1187 κατεφίλει.

492 1202 637 1258 ’Ἐλεγχ.
659 1202 719 1244 ια’.
751 1203 838 1244 Ἵνα
861 1203 912 1256 μή
935 1205 1107 1260 νομίσῃς,
1139 1198 1168 1244 ὦ
1189 1206 1397 1257 Μαρκίων,
1429 1202 1548 1256 μόνον
1566 1205 1792 1256 νομίζεσθαι
1809 1199 1913 1256 παρὰ

398 1270 626 1327 ἀνθρώποις
649 1270 717 1323 τὴν
740 1268 967 1326 ἁμαρτωλὸν
989 1277 1153 1326 γυναῖκα
1171 1270 1261 1319 τούς
1285 1270 1410 1319 πόδας
1438 1275 1508 1312 τοῦ
1530 1275 1701 1324 σωτῆρος
1725 1271 1855 1325 βρέξαι
1877 1287 1914 1311 τε

395 1341 463 1381 καὶ
484 1337 640 1391 ἀλεῖψαι
663 1339 728 1379 καὶ
749 1339 1119 1391 καταπεφιληκέναι,
1150 1337 1266 1387 αὐτὸς
1289 1336 1310 1380 ὁ
1334 1337 1459 1393 σωτὴρ
1482 1340 1717 1392 ἐπιβεβαιοῖ,
1748 1337 1795 1380 οὐ
1818 1336 1915 1379 κατὰ

398 1406 558 1460 δόκησιν
580 1410 700 1447 ταῦτα
725 1411 956 1461 γεγενῆσθαι
982 1405 1199 1457 διδάσκων,
1231 1405 1323 1447 ἄλλα
1347 1408 1385 1456 ἐξ
1408 1405 1610 1459 ἄληθείας,
1641 1405 1740 1461 πρὸς
1766 1407 1914 1461 ἔλεγχον

396 1479 465 1516 τοῦ
491 1477 708 1529 Φαρισαίου
737 1476 803 1516 καὶ
829 1479 901 1515 σοῦ
926 1479 994 1516 τοῦ
1020 1477 1259 1528 Μαρκίωνος
1281 1476 1346 1515 καὶ
1369 1479 1445 1516 τῶν
1468 1473 1564 1516 κατὰ
1587 1475 1647 1525 σὲ,
1690 1474 1912 1528 διισχυριζό-

396 1560 510 1597 μενος
530 1543 596 1584 καὶ
617 1544 749 1598 λέγων,
780 1541 892 1595 Αὕτη
915 1541 1006 1591 τούς
1027 1541 1153 1591 πόδας
1175 1559 1251 1595 μου
1273 1540 1408 1595 ἤλειφε
1428 1544 1494 1584 καὶ
1514 1545 1715 1594 κατεφίλει.
1777 1540 1915 1590 Πόδας

397 1611 438 1652 δὲ
466 1613 623 1662 ποίους,
667 1608 742 1651 ἄλλ’
771 1609 797 1663 ἢ
822 1609 913 1659 τούς
945 1611 987 1652 ἐκ
1018 1609 1161 1666 σαρκός
1189 1611 1255 1652 καὶ
1285 1608 1428 1652 ὀστέων
1457 1611 1522 1652 καὶ
1551 1614 1627 1652 τῶν
1649 1608 1770 1652 ἄλλων
1790 1607 1914 1665 ὗπάρ-

396 1695 552 1732 χοντας,

508 1744 619 1799 Σχόλ.
647 1747 707 1798 ιβ’.
757 1743 840 1786 Οὔκ
873 1743 987 1799 εἶχεν,
1027 1744 1077 1787 Ἡ
1103 1745 1227 1800 μήτηρ
1264 1744 1385 1788 αὐτοῦ
1418 1747 1481 1787 καὶ
1517 1748 1557 1788 οἱ
1586 1744 1748 1799 οἷδελφοὶ
1780 1744 1914 1797 αὕτοῦ,

397 1812 489 1856 ἄλλα
520 1812 659 1866 μόνον,
689 1811 739 1854 ΓΗ
763 1812 885 1868 μήτηρ
914 1828 984 1855 σου
1015 1815 1080 1855 καὶ
1109 1816 1149 1855 οἱ
1175 1812 1336 1866 α’δελφοί
1365 1829 1446 1856 σου.

497 1879 642 1937 ’Έλεγχ
671 1880 730 1933 ιβ’.
774 1879 860 1922 Κᾶν
882 1898 920 1922 τε
942 1880 1119 1936 ἀνωτέρω
1141 1881 1399 1940 παρακόψῃς,
1431 1876 1462 1923 ὦ
1483 1884 1699 1937 Μαρκίων,
1730 1880 1772 1923 τό
1796 1881 1914 1936 ῥητὸν

397 1954 465 1991 τοῦ
490 1947 724 2004 εὐαγγελίου,
755 1951 819 1990 ἵνα
839 1950 1005 2007 ποιήσῃς
1028 1948 1094 1991 τὸν
1115 1948 1380 2005 εὕαγγελιστήν
1402 1948 1455 2002 μή
1473 1950 1748 2003 συντιθέμενον
1765 1955 1813 2007 τῇ
1834 1947 1916 1991 ὖπᾶ

398 2035 513 2059 τινων
533 2019 697 2074 ῥηθείσῃ
722 2017 814 2066 λέξει
837 2016 915 2067 ὅτι,
945 2015 995 2057 Ἡ
1011 2016 1134 2072 μήτηρ
1158 2033 1248 2069 σου,
1279 2019 1344 2059 καὶ
1366 2019 1406 2059 οἷ
1426 2016 1588 2069 ἀδελφοί
1607 2031 1698 2068 σου,
1727 2016 1774 2059 οὗ
1798 2016 1912 2059 δύνα-

398 2100 461 2127 σαι
482 2083 727 2141 ὑπερβαίνειν
757 2083 826 2137 τήν
851 2083 1049 2137 ἀλήθειαν.
1109 2084 1186 2127 Διά
1216 2088 1250 2127 τί
1279 2084 1349 2140 γαρ
1382 2084 1432 2139 μή
1463 2083 1604 2134 πολλαὶς
1627 2084 1780 2127 ἐκάλεσε
1804 2086 1914 2139 μητέ-

400 2171 487 2209 ρας,-
521 2151 585 2194 διά
606 2155 640 2193 τί
660 2151 711 2205 μὴ
733 2150 873 2199 πολλάς
894 2150 973 2193 εἶπε
994 2156 1200 2208 πατρίδας,
1247 2152 1375 2195 Πόσοι
1397 2154 1500 2195 πόσα
1519 2154 1671 2208 λέγουσι
1690 2154 1778 2206 περὶ
1808 2152 1911 2207 Ομή-

399 2238 497 2276 ρον,-
529 2218 633 2261 ὄῖλλοι
657 2220 722 2272 μὲν
746 2218 962 2274 Αἰγύπτιον
987 2220 1219 2272 φάσκοντες,
1250 2219 1355 2263 ἄλλοι
1375 2222 1415 2262 δὲ
1443 2226 1564 2271 Χῖον,
1595 2219 1701 2262 ἄλλοι
1724 2220 1913 2273 Κολοφώ-

398 2306 501 2340 νιον,
547 2286 649 2330 ἄλλοι
683 2286 841 2342 Φρύγα,
886 2287 988 2329 ἄλλοι
1022 2294 1268 2344 Σμυρναῖον,
1315 2290 1548 2342 56Μέλητος
1579 2290 1645 2330 καὶ
1678 2291 1910 2342 Κριθηΐδος,

396 2354 609 2409 Ἀθηναῖον
635 2356 676 2396 δὲ
699 2353 817 2396 αὐτόν
841 2357 983 2410 οἱπερὶ
1007 2354 1250 2411 Ἀρίσταρχον
1274 2355 1542 2410 ἀπεφήναντο·
1574 2355 1677 2398 ἄλλοι
1699 2357 1740 2398 δὲ
1760 2356 1910 2408 Λυδόν,

401 2423 595 2475 Μαιόνος,
627 2422 732 2464 ἄλλοι
751 2423 792 2464 δὲ
814 2421 1004 2477 Κύπριον,
1038 2424 1368 2479 57Προποδιοίδος
1388 2427 1622 2479 περιοικίδος
1642 2429 1709 2477 τῆς
1736 2428 1912 2466 58Σαλα-
1945 2448 1950 2449 ’

400 2495 537 2546 μινίων
559 2492 807 2546 περιμέτρου,
846 2494 912 2532 καί
935 2493 994 2532 τοί
1016 2508 1055 2545 γε
1076 2490 1299 2547 ἄνθρωπον.
1360 2492 1437 2534 Δια
1463 2493 1504 2534 δὲ
1528 2491 1571 2534 τὸ
1596 2493 1635 2534 έν
1659 2496 1817 2541 πολλαῖς
1839 2511 1909 2534 πα-

398 2562 498 2615 τρίσι
524 2563 753 2614 γεγενῆσθαι
783 2557 946 2607 πολλοὺς
975 2560 1028 2607 εἰς
1058 2558 1249 2614 διάφορον
1279 2558 1475 2615 ὑφήγησιν
1505 2561 1693 2613 ἐλήλακεν.
1744 2554 1840 2602 Ὧδε
1869 2561 1911 2602 δὲ

399 2628 488 2682 περὶ
515 2631 615 2668 θεοῦ
643 2627 812 2681 λέγοντες
840 2627 905 2667 καὶ
932 2630 1101 2681 Χριστοῦ
1135 2625 1182 2668 οὕ
1212 2627 1351 2676 πολλᾶς
1375 2626 1568 2680 ὑπέλαβον
1591 2627 1777 2682 μητέρας,
1818 2626 1909 2670 ἄλλα

400 2694 471 2748 τήν
501 2697 589 2748 μίαν
619 2693 690 2747 τήν
720 2693 840 2742 ὅντως
869 2692 986 2735 αὐτόν
1015 2701 1303 2749 γεγεννηκυῖαν·
1345 2697 1411 2736 καὶ
1442 2693 1489 2737 οὐ
1515 2694 1680 2743 πολλοὺς
1704 2693 1908 2748 οἶδελφούς,

401 2761 493 2803 αλλὰ
521 2760 609 2811 τούς
638 2760 749 2810 υἷοῦς
769 2760 909 2815 Ἰωσὴφ
939 2763 980 2802 ἐκ
1009 2766 1077 2815 τῆς
1100 2761 1220 2812 ὅντως
1246 2761 1367 2805 αὐτοῦ
1390 2761 1504 2816 ἅλλης
1526 2761 1727 2818 γυναικός·
1766 2765 1833 2805 καὶ
1862 2763 1910 2806 οὐ

401 2828 564 2871 δύνασαι
591 2828 688 2871 κατὰ
716 2834 785 2883 τῆς
811 2827 993 2883 ἀληθείας
1015 2826 1246 2880 ὁπλίζεσθαι.
1307 2831 1385 2872 Καὶ
1408 2829 1461 2884 μή
1488 2844 1528 2871 σε
1547 2828 1726 2872 πλανάτω
1751 2828 1773 2872 0‘
1797 2829 1909 2887 λόγος

446 2929 497 2965 54.
520 2934 635 2965 Addidi
658 2934 711 2964 hoc
728 2932 803 2971 τοὺς
823 2930 927 2971 πόδας
945 2934 1025 2973 quod
1043 2935 1073 2964 in
1092 2935 1129 2964 li-
1173 2936 1332 2978 gemello.-

401 2979 461 3009 bris
481 2978 681 3018 desideratur,
699 2979 752 3010 sed
770 2988 865 3019 supra
883 2980 1004 3010 extabat
1021 2980 1052 3009 in
1066 2980 1129 3010 loco
1218 2981 1269 3012 55.
1294 2979 1330 3013 οὐ
1358 2981 1395 3012 de
1424 2988 1488 3011 meo
1518 2979 1639 3012 addidi.
1686 2980 1852 3013 Carnarius
1880 2984 1908 3013 et
