2034 3267
452 119 627 151 PANARn
651 120 731 152 [ΑΒ.
752 122 773 152 1.
798 121 902 153 ToM.
927 122 963 153 u.
991 121 1117 153 HAER.
1141 122 1307 153 xxxiii.
1563 114 1641 152 415

128 213 250 253 nugas
282 198 365 238 illas
398 198 624 238 deridendas
657 199 822 254 putabit,
871 206 982 253 atque
1014 214 1063 240 ex
1097 200 1171 240 illis
1202 200 1295 255 ipsis
1327 213 1424 255 quae
1455 200 1648 253 disputant

127 265 440 320 quemadmodum
468 266 626 306 refutari
652 267 799 321 possint
822 267 1014 322 perspicit.
1079 266 1121 307 Si
1146 268 1296 322 quidem
1320 268 1398 308 suis
1423 268 1494 323 ipsi
1518 267 1646 308 vanis-

125 334 232 374 simis
254 333 462 373 mendaciis
486 341 618 374 contra
640 349 681 375 se
706 336 839 375 armati
862 349 949 375 esse
974 335 1123 389 penitus
1146 343 1372 389 arguuntur.
1421 334 1522 375 Volo
1545 334 1645 375 enim

125 400 215 441 mihi
245 401 533 455 respondeatis,
578 416 600 442 o
629 401 840 442 Ptolemaei
873 416 1005 442 omnes
1038 417 1082 442 ac
1113 401 1383 454 Ptoleuiaeae,
1430 404 1528 443 unde
1558 403 1647 443 illae

124 468 233 510 vobis
256 467 372 523 Bythi
394 484 618 520 mensurae,
652 484 696 509 ac
717 477 891 524 partuum
917 469 1275 520 obstetricationes,
1309 478 1346 510 et
1367 471 1560 511 variarum
1580 484 1648 525 ge-

125 538 365 578 nerationum
391 538 572 592 cognitio.
636 535 701 577 Sic
726 537 825 576 enim
851 544 1026 589 tanquam
1051 546 1276 591 praesentes
1301 538 1569 588 interfueritis,
1603 553 1646 578 ac

124 605 346 645 coelestium
387 613 559 646 naturam
596 604 836 658 contemplati
873 604 974 653 sitis,
1023 604 1097 644 imo
1136 603 1300 659 Bythum
1337 606 1440 646 illum
1474 613 1645 646 vestrum

125 674 435 723 antecesseritiS,
470 687 601 714 earum
629 672 737 712 nohis
762 685 889 711 rerum
916 671 1114 711 scientiam
1141 673 1359 713 ostenditis.
1419 674 1536 727 Atqui
1563 674 1645 714 uul-

124 740 182 780 lus
212 740 248 781 id
273 756 433 795 unquam
458 755 478 781 e
504 740 770 795 prophetarum
800 752 959 778 numero
984 739 1103 789 dixit,
1137 754 1212 779 non
1239 739 1403 794 Moyses
1427 741 1534 795 ipse,
1569 756 1644 781 non

123 807 264 863 Moyse
289 809 394 863 prior
417 809 551 862 aliquis
576 808 636 847 vel
658 806 872 861 posterior,
907 821 982 846 non
1007 807 1356 860 evangelistarum,
1391 823 1465 848 non
1491 816 1645 863 aposto-

124 876 245 916 lorum
269 876 430 930 denique
452 875 650 930 quispiam.
711 873 799 914 Nisi
823 875 920 913 forte
944 874 988 914 ad
1011 874 1208 927 gentili-„un
1233 880 1408 929 poe'mata
1427 877 1642 929 confugias,

125 945 249 998 qualia
272 952 360 984 sunt
382 942 547 998 Orphei,
581 941 763 991 Hesiodi,
798 940 1035 992 Stesichori,
1070 943 1166 997 apud
1194 957 1288 996 quos
1313 943 1504 984 hominum
1527 957 1644 998 gene-

124 1013 295 1052 rationes
324 1012 369 1051 ad
400 1012 555 1051 deorum
583 1009 856 1063 appellationes
884 1010 1091 1050 translatae
1119 1018 1229 1060 sunt,
1272 1024 1392 1065 eaque
1420 1026 1517 1065 quae
1543 1011 1646 1053 inter

126 1080 306 1120 mortales
326 1085 434 1132 gesta
458 1079 608 1118 fuerant
628 1077 776 1131 poe'tico
798 1091 905 1117 more
928 1079 1182 1118 conformata.
1232 1076 1325 1118 Fuit
1345 1080 1444 1119 enim
1469 1080 1645 1121 huiusce-

124 1148 224 1187 modi
254 1148 402 1187 illorum
434 1146 585 1200 opinio,
623 1160 705 1185 cum
738 1144 892 1196 lovem,
928 1160 970 1186 ac
1000 1144 1173 1197 Rheam,
1208 1153 1247 1186 et
1277 1145 1486 1199 lunonem,
1519 1146 1644 1189 Palla-

125 1216 223 1265 dem,
248 1214 463 1269 Apollinem
488 1212 758 1267 Veneremque
783 1214 922 1254 divinis
945 1214 1154 1254 honoribus
1175 1222 1468 1267 consecrantes,
1493 1230 1644 1257 eorum-

123 1296 194 1337 que
220 1283 423 1338 pessimam
450 1281 620 1322 sobolem
650 1283 845 1332 venerati,
889 1289 1009 1322 totum
1037 1283 1168 1323 orbem
1194 1283 1387 1323 variorum
1415 1284 1571 1324 deorum
1599 1299 1643 1326 ac

122 1351 410 1390 simulacrorum
437 1349 605 1390 inanium
636 1350 831 1390 erroribus
857 1350 1089 1390 imbuerunt.
1150 1349 1248 1390 Mihi
1271 1365 1365 1391 vero
1390 1352 1436 1391 ad
1461 1359 1587 1403 tuam,
1620 1367 1641 1392 o

122 1416 364 1470 Ptolemaee,
398 1426 625 1472 tuorumque
649 1418 948 1458 confutationem
975 1418 1065 1458 nihil
1089 1418 1233 1458 idcirco
1258 1433 1490 1474 magnopere
1516 1420 1643 1473 requi-

118 1487 278 1526 rendum
307 1494 385 1538 est,
420 1488 517 1541 quod
542 1486 708 1527 maiores
734 1493 818 1527 tuos
842 1486 990 1526 abunde
1013 1486 1087 1526 iam
1113 1487 1336 1527 refellimus.
1401 1485 1533 1540 Quare
1556 1502 1642 1528 cum

119 1567 170 1595 ex
193 1554 241 1595 iis
263 1569 359 1609 quae
382 1555 480 1595 dicta
503 1563 592 1595 sunt
611 1569 719 1609 quam
745 1555 918 1610 pudenda
940 1554 1017 1594 sint
1039 1561 1102 1594 tua
1125 1555 1187 1595 illa
1207 1555 1382 1608 dogmata
1405 1555 1638 1596 declaratum

119 1623 254 1674 fuerit,
289 1623 489 1678 implorata
516 1623 620 1677 prius
645 1637 714 1677 ope
740 1623 906 1664 numinis
929 1621 983 1662 uti
1006 1636 1114 1663 meae
1139 1622 1312 1663 tenuitati
1334 1633 1556 1676 succurrat,
1591 1627 1638 1666 ad

119 1689 280 1731 aliorum
312 1691 569 1732 discutiendos
600 1705 754 1731 errores
787 1705 846 1731 me
879 1691 1100 1741 conferam,
1147 1699 1188 1731 ut
1218 1705 1314 1745 quae
1344 1692 1381 1732 in
1415 1707 1640 1747 unaquaque

119 1765 234 1810 gente
259 1760 466 1814 pestiferae
490 1759 689 1814 opiniones
713 1760 891 1800 inventae
914 1766 1023 1810 sunt,
1058 1772 1123 1799 eas
1147 1760 1347 1813 detegam,
1381 1774 1426 1800 ac
1449 1761 1494 1801 de
1519 1762 1640 1801 omni-

117 1826 189 1867 hus
213 1828 489 1881 quodammodo·
514 1828 756 1882 triumphem.
819 1826 931 1881 Quod
955 1827 1169 1867 institutum
1196 1842 1217 1866 a
1241 1841 1300 1868 me
1327 1829 1638 1884 propositumque

119 1894 283 1935 studium
312 1903 353 1936 ut
379 1910 551 1951 exequar
580 1896 786 1936 coelestem
813 1894 902 1935 mihi
930 1896 1100 1936 favorem
1128 1896 1367 1950 gratiamque
1393 1897 1608 1951 postulabo.

229 1962 376 2004 Verum
406 1972 444 2004 ut
471 1978 589 2019 pauca
615 1964 674 2004 illa
703 1963 822 2004 verba
844 1963 998 2003 interim
1022 1964 1311 2018 expendamus,
1355 1978 1452 2018 quae
1477 1965 1523 2006 ad
1547 1963 1638 2006 Flo-
1665 1968 1816 2012 Cap-lX.

117 2044 196 2071 ram
225 2031 374 2085 ingenti
408 2047 490 2073 cum
526 2034 624 2072 fastu
649 2031 942 2086 arrogantiaque
966 2031 1153 2087 scripsisti
1185 2033 1332 2084 (solent
1356 2032 1457 2073 enim
1479 2040 1640 2074 onustae

118 2099 283 2153 peccatis
304 2101 574 2151 mulierculae,
609 2107 650 2140 ut
670 2100 722 2140 ait
746 2100 963 2154 apostolus,
997 2100 1164 2155 vipereis
1186 2101 1372 2141 eiusmodi
1395 2101 1636 2155 dogmatibus
1654 2115 1679 2142 2.
1690 2115 1765 2143 Tim.
1777 2116 1802 2150 ³,
1813 2115 1838 2143 8.

117 2166 282 2221 decipi),
322 2176 405 2209 tuas
436 2169 559 2223 ipsas,
594 2167 837 2219 Ptolemaee,
871 2182 988 2209 voces
1020 2168 1091 2209 hoc
1117 2168 1202 2208 loco
1227 2182 1457 2223 proponam,
1494 2183 1636 2223 easque

116 2235 349 2277 necessitate
381 2244 558 2286 coactus,
604 2250 651 2277 ne
684 2250 754 2290 qua
786 2236 949 2276 infelicis
979 2236 1057 2276 lolii
1089 2237 1200 2276 radix
1230 2236 1421 2291 supersit,
1465 2251 1635 2291 congruo

116 2304 248 2344 ordine
278 2305 466 2345 refellam.
526 2303 674 2358 Legem
702 2303 846 2344 asseris
876 2304 1063 2344 trifariam
1089 2318 1175 2345 esse
1203 2304 1386 2355 divisam,
1432 2312 1471 2345 ut
1498 2305 1633 2359 partim

115 2386 136 2411 a
162 2372 257 2423 deo,
291 2373 426 2428 partim
453 2387 473 2413 a
499 2371 662 2427 Moyse,
697 2372 829 2426 partim
857 2387 879 2413 a
905 2372 1123 2413 senioribus
1148 2373 1324 2412 manarit.
1386 2371 1445 2412 De
1470 2373 1636 2413 seniori-

114 2438 184 2479 bus
205 2454 318 2494 porro
340 2455 408 2481 cur
429 2441 480 2481 ita
503 2441 664 2490 sentias,
699 2439 812 2490 nihil,
846 2447 886 2480 ut
907 2447 1086 2495 apparet,
1120 2441 1261 2480 afferre
1283 2447 1391 2495 potes
1411 2440 1449 2480 in
1472 2440 1634 2495 scriptu-

114 2507 167 2547 ris
191 2522 434 2563 expressum.
495 2507 696 2562 Nusquam
723 2508 823 2548 enim
853 2509 890 2548 in
917 2509 1002 2563 lege
1027 2508 1164 2549 tradita
1190 2509 1254 2548 illa
1276 2523 1296 2549 a
1323 2508 1542 2549 senioribus
1567 2509 1632 2548 de-

115 2582 216 2615 creta
251 2583 526 2617 memorantur.
594 2576 671 2617 Sed
708 2589 904 2616 sacrorum
937 2576 1118 2617 librorum
1153 2590 1345 2630 peraeque
1382 2590 1427 2616 ac
1457 2575 1632 2617 veritatis

113 2642 270 2697 ignarus
293 2645 517 2685 calumniari
540 2644 668 2684 sciens
690 2644 880 2695 instituis,
914 2652 1193 2698 accurataeque
1215 2644 1451 2698 singulorum
1473 2643 1632 2684 notitiae

115 2713 426 2767 consequentiam
453 2727 526 2752 non
552 2712 676 2752 vides.
735 2710 836 2752 Nam
862 2711 1055 2753 seniorum
1080 2711 1305 2753 traditiones
1329 2708 1588 2764 Δευτερώσεις
1610 2725 1632 2752 a

155 2812 186 2844 2.
211 2815 342 2854 Reposui
371 2813 566 2857 ἐμφέρονται
597 2824 633 2845 ex
661 2814 727 2845 cod.
753 2816 844 2846 Vatic.
889 2824 958 2846 rum
975 2817 1070 2855 paulo
1090 2816 1183 2854 infra.
1234 2815 1278 2854 Cf.
1299 2813 1353 2853 25,
1372 2813 1402 2846 2.
1426 2813 1481 2853 30,
1504 2812 1552 2845 13.
1578 2812 1632 2853 32,

115 2861 202 2889 Amat
220 2860 413 2900 Epiphanius
436 2861 489 2891 hoc
508 2861 597 2892 verbo
617 2862 670 2890 uti.
720 2860 771 2890 Sic
792 2861 845 2890 ite·
890 2857 921 2891 4.
945 2860 1000 2899 69,
1020 2860 1074 2893 61.
1123 2861 1217 2899 Vulgo
1241 2863 1324 2890 extat
1349 2858 1550 2902 ἐκφέρονται.
