<?xml version="1.0" encoding="UTF-8"?>
<!DOCTYPE html PUBLIC "-//W3C//DTD XHTML 1.0 Transitional//EN"
    "http://www.w3.org/TR/xhtml1/DTD/xhtml1-transitional.dtd">
<html xmlns="http://www.w3.org/1999/xhtml" xml:lang="en" lang="en">
 <head>
  <title>
</title>
<meta http-equiv="Content-Type" content="text/html;charset=utf-8" />
  <meta name='ocr-system' content='tesseract 3.04.00' />
  <meta name='ocr-capabilities' content='ocr_page ocr_carea ocr_par ocr_line ocrx_word'/>
</head>
<body>
  <div class='ocr_page' id='page_1' title='image "./p1corporishaereseo02epipuoft/p1corporishaereseo02epipuoft_0394.png"; bbox 0 0 2034 3267; ppageno 0'>
   <div class='ocr_carea' id='block_1_1' title="bbox 215 743 350 780">
    <p class='ocr_par' dir='ltr' id='par_1_1' title="bbox 215 743 350 780">
     <span class='ocr_line' id='line_1_1' title="bbox 215 743 350 780; baseline -0.03 -10"><span class='ocrx_word' id='word_1_1' title='bbox 215 751 279 780; x_wconf 62' lang='lat' dir='ltr'><em>pag„</em></span> <span class='ocrx_word' id='word_1_2' title='bbox 291 743 350 770; x_wconf 69' lang='lat'><em>2⁰5.</em></span> 
     </span>
    </p>
   </div>
   <div class='ocr_carea' id='block_1_2' title="bbox 198 2024 357 2069">
    <p class='ocr_par' dir='ltr' id='par_1_2' title="bbox 198 2024 357 2069">
     <span class='ocr_line' id='line_1_2' title="bbox 198 2024 357 2069; baseline -0.025 -9"><span class='ocrx_word' id='word_1_3' title='bbox 198 2026 282 2069; x_wconf 73' lang='grc' dir='ltr'><em>Κεφ.</em></span> <span class='ocrx_word' id='word_1_4' title='bbox 299 2024 357 2064; x_wconf 79' lang='grc' dir='ltr'><em>λζ’.</em></span> 
     </span>
    </p>
   </div>
   <div class='ocr_carea' id='block_1_3' title="bbox 371 175 1324 214">
    <p class='ocr_par' dir='ltr' id='par_1_3' title="bbox 371 175 1324 214">
     <span class='ocr_line' id='line_1_3' title="bbox 371 175 1324 214; baseline -0.005 0"><span class='ocrx_word' id='word_1_5' title='bbox 371 175 450 214; x_wconf 83' lang='grc'><em>382</em></span> <span class='ocrx_word' id='word_1_6' title='bbox 926 177 1081 209; x_wconf 75' lang='lat' dir='ltr'>SANCTI</span> <span class='ocrx_word' id='word_1_7' title='bbox 1106 178 1324 210; x_wconf 73' lang='lat' dir='ltr'>EmpHANn</span> 
     </span>
    </p>
   </div>
   <div class='ocr_carea' id='block_1_4' title="bbox 368 251 1881 1803">
    <p class='ocr_par' dir='ltr' id='par_1_4' title="bbox 368 251 1881 1803">
     <span class='ocr_line' id='line_1_4' title="bbox 372 251 1875 311; baseline -0.001 -13"><span class='ocrx_word' id='word_1_8' title='bbox 372 260 426 298; x_wconf 82' lang='grc' dir='ltr'><em>Εἰ</em></span> <span class='ocrx_word' id='word_1_9' title='bbox 446 256 517 311; x_wconf 74' lang='grc' dir='ltr'><em>γάρ</em></span> <span class='ocrx_word' id='word_1_10' title='bbox 540 260 658 295; x_wconf 85' lang='grc' dir='ltr'><em>ταῦτα</em></span> <span class='ocrx_word' id='word_1_11' title='bbox 680 252 847 306; x_wconf 71' lang='grc' dir='ltr'><em>ἀληθινοὶ</em></span> <span class='ocrx_word' id='word_1_12' title='bbox 867 251 1056 307; x_wconf 86' lang='grc' dir='ltr'><em>ύπῆρχεν,</em></span> <span class='ocrx_word' id='word_1_13' title='bbox 1095 251 1117 294; x_wconf 86' lang='grc' dir='ltr'><em>ό</em></span> <span class='ocrx_word' id='word_1_14' title='bbox 1138 252 1263 295; x_wconf 72' lang='grc' dir='ltr'><em>ἐλθών</em></span> <span class='ocrx_word' id='word_1_15' title='bbox 1284 257 1449 305; x_wconf 82' lang='grc' dir='ltr'><em>φωτίσαι</em></span> <span class='ocrx_word' id='word_1_16' title='bbox 1468 255 1537 309; x_wconf 78' lang='grc' dir='ltr'><em>τὴν</em></span> <span class='ocrx_word' id='word_1_17' title='bbox 1558 257 1788 309; x_wconf 81' lang='grc' dir='ltr'><strong><em>οἰκουμένην</em></strong></span> <span class='ocrx_word' id='word_1_18' title='bbox 1807 253 1875 297; x_wconf 79' lang='grc' dir='ltr'><em>κύ-</em></span> 
     </span>
     <span class='ocr_line' id='line_1_5' title="bbox 371 318 1873 377; baseline -0.001 -11"><span class='ocrx_word' id='word_1_19' title='bbox 371 341 467 377; x_wconf 84' lang='grc' dir='ltr'><em>ριος,</em></span> <span class='ocrx_word' id='word_1_20' title='bbox 497 323 562 363; x_wconf 87' lang='grc' dir='ltr'><em>καὶ</em></span> <span class='ocrx_word' id='word_1_21' title='bbox 581 319 656 376; x_wconf 82' lang='grc' dir='ltr'><em>πρό</em></span> <span class='ocrx_word' id='word_1_22' title='bbox 678 318 800 361; x_wconf 79' lang='grc' dir='ltr'><em>αὐτοῦ</em></span> <span class='ocrx_word' id='word_1_23' title='bbox 821 322 860 362; x_wconf 84' lang='grc' dir='ltr'><em>οἱ</em></span> <span class='ocrx_word' id='word_1_24' title='bbox 876 325 1084 374; x_wconf 82' lang='grc' dir='ltr'><em>προφῆται,</em></span> <span class='ocrx_word' id='word_1_25' title='bbox 1115 322 1245 362; x_wconf 76' lang='grc' dir='ltr'><em>ἔπειτα</em></span> <span class='ocrx_word' id='word_1_26' title='bbox 1267 321 1308 362; x_wconf 81' lang='grc' dir='ltr'><em>δὲ</em></span> <span class='ocrx_word' id='word_1_27' title='bbox 1329 322 1394 362; x_wconf 83' lang='grc' dir='ltr'><em>καὶ</em></span> <span class='ocrx_word' id='word_1_28' title='bbox 1415 325 1455 363; x_wconf 78' lang='grc' dir='ltr'><em>οἵ</em></span> <span class='ocrx_word' id='word_1_29' title='bbox 1473 322 1690 374; x_wconf 76' lang='grc' dir='ltr'><em>ἀπόστολοι,</em></span> <span class='ocrx_word' id='word_1_30' title='bbox 1719 325 1759 365; x_wconf 81' lang='grc' dir='ltr'><em>οἱ</em></span> <span class='ocrx_word' id='word_1_31' title='bbox 1775 323 1873 377; x_wconf 85' lang='grc' dir='ltr'><em>ἐλέγ-</em></span> 
     </span>
     <span class='ocr_line' id='line_1_6' title="bbox 370 387 1876 444; baseline 0.001 -13"><span class='ocrx_word' id='word_1_32' title='bbox 370 396 499 440; x_wconf 79' lang='grc' dir='ltr'><em>ξαντες</em></span> <span class='ocrx_word' id='word_1_33' title='bbox 518 388 586 442; x_wconf 83' lang='grc' dir='ltr'><em>τήν</em></span> <span class='ocrx_word' id='word_1_34' title='bbox 606 390 925 442; x_wconf 83' lang='grc' dir='ltr'><em>εἰδωλολατρείαν,</em></span> <span class='ocrx_word' id='word_1_35' title='bbox 955 392 1083 429; x_wconf 77' lang='grc' dir='ltr'><em>πᾶσαν</em></span> <span class='ocrx_word' id='word_1_36' title='bbox 1103 405 1140 429; x_wconf 88' lang='grc' dir='ltr'><em>τε</em></span> <span class='ocrx_word' id='word_1_37' title='bbox 1160 387 1386 443; x_wconf 86' lang='grc' dir='ltr'><em>παράνομον</em></span> <span class='ocrx_word' id='word_1_38' title='bbox 1404 392 1554 443; x_wconf 81' lang='grc' dir='ltr'><em>πρᾶξιν,</em></span> <span class='ocrx_word' id='word_1_39' title='bbox 1583 392 1649 433; x_wconf 83' lang='grc' dir='ltr'><em>καὶ</em></span> <span class='ocrx_word' id='word_1_40' title='bbox 1670 389 1721 444; x_wconf 81' lang='grc' dir='ltr'>μή</span> <span class='ocrx_word' id='word_1_41' title='bbox 1739 388 1876 432; x_wconf 78' lang='grc' dir='ltr'><em>δειλιά-</em></span> 
     </span>
     <span class='ocr_line' id='line_1_7' title="bbox 368 454 1873 512; baseline 0 -12"><span class='ocrx_word' id='word_1_42' title='bbox 368 473 499 506; x_wconf 85' lang='grc' dir='ltr'><em>σαντες</em></span> <span class='ocrx_word' id='word_1_43' title='bbox 525 457 691 512; x_wconf 78' lang='grc' dir='ltr'><em>γράφειν</em></span> <span class='ocrx_word' id='word_1_44' title='bbox 718 454 815 497; x_wconf 68' lang='grc' dir='ltr'><em>κατὰ</em></span> <span class='ocrx_word' id='word_1_45' title='bbox 844 455 970 508; x_wconf 92' lang='grc' dir='ltr'><em>πάσης</em></span> <span class='ocrx_word' id='word_1_46' title='bbox 993 455 1222 510; x_wconf 78' lang='grc' dir='ltr'><em>παρανόμου</em></span> <span class='ocrx_word' id='word_1_47' title='bbox 1246 458 1492 505; x_wconf 75' lang='grc' dir='ltr'><em>διδασκαλίας</em></span> <span class='ocrx_word' id='word_1_48' title='bbox 1512 459 1576 499; x_wconf 82' lang='grc' dir='ltr'><em>καὶ</em></span> <span class='ocrx_word' id='word_1_49' title='bbox 1600 458 1873 512; x_wconf 81' lang='grc' dir='ltr'><em>ἐναντιότητος,</em></span> 
     </span>
     <span class='ocr_line' id='line_1_8' title="bbox 369 521 1873 578; baseline 0.001 -11"><span class='ocrx_word' id='word_1_50' title='bbox 369 531 505 578; x_wconf 81' lang='grc' dir='ltr'><em>σαφῶς</em></span> <span class='ocrx_word' id='word_1_51' title='bbox 528 525 575 567; x_wconf 68' lang='grc' dir='ltr'><em>ἂν</em></span> <span class='ocrx_word' id='word_1_52' title='bbox 597 524 643 566; x_wconf 74' lang='grc' dir='ltr'><em>τά</em></span> <span class='ocrx_word' id='word_1_53' title='bbox 666 528 824 566; x_wconf 87' lang='grc' dir='ltr'><em>τοιαῦτα</em></span> <span class='ocrx_word' id='word_1_54' title='bbox 848 521 942 576; x_wconf 69' lang='grc' dir='ltr'><em>ἡμῖν</em></span> <span class='ocrx_word' id='word_1_55' title='bbox 965 522 1225 578; x_wconf 77' lang='grc' dir='ltr'><em>κατήγγελλον.</em></span> <span class='ocrx_word' id='word_1_56' title='bbox 1286 525 1364 565; x_wconf 83' lang='grc' dir='ltr'><em>Καὶ</em></span> <span class='ocrx_word' id='word_1_57' title='bbox 1388 523 1546 577; x_wconf 86' lang='grc' dir='ltr'><em>μάλιστα</em></span> <span class='ocrx_word' id='word_1_58' title='bbox 1567 524 1688 568; x_wconf 72' lang='grc' dir='ltr'><em>αὐτοῦ</em></span> <span class='ocrx_word' id='word_1_59' title='bbox 1712 531 1781 568; x_wconf 88' lang='grc' dir='ltr'><em>τοῦ</em></span> <span class='ocrx_word' id='word_1_60' title='bbox 1803 541 1873 568; x_wconf 88' lang='grc' dir='ltr'><em>σω·</em></span> 
     </span>
     <span class='ocr_line' id='line_1_9' title="bbox 369 590 1872 649; baseline 0 -13"><span class='ocrx_word' id='word_1_61' title='bbox 369 599 486 649; x_wconf 83' lang='grc' dir='ltr'><em>τῆρος</em></span> <span class='ocrx_word' id='word_1_62' title='bbox 507 595 683 648; x_wconf 87' lang='grc' dir='ltr'><em>λέγοντος</em></span> <span class='ocrx_word' id='word_1_63' title='bbox 707 593 786 642; x_wconf 81' lang='grc' dir='ltr'><em>ὅτι,</em></span> <span class='ocrx_word' id='word_1_64' title='bbox 833 596 924 639; x_wconf 86' lang='grc' dir='ltr'><em>Τοῖς</em></span> <span class='ocrx_word' id='word_1_65' title='bbox 948 592 1017 643; x_wconf 83' lang='grc' dir='ltr'><em>μὲν</em></span> <span class='ocrx_word' id='word_1_66' title='bbox 1041 592 1112 640; x_wconf 74' lang='grc' dir='ltr'><em>ἔξω</em></span> <span class='ocrx_word' id='word_1_67' title='bbox 1139 592 1177 632; x_wconf 81' lang='grc' dir='ltr'><em>ἐν</em></span> <span class='ocrx_word' id='word_1_68' title='bbox 1200 594 1458 646; x_wconf 83' lang='grc' dir='ltr'><em>παραβολαῖς,</em></span> <span class='ocrx_word' id='word_1_69' title='bbox 1496 590 1588 645; x_wconf 80' lang='grc' dir='ltr'><em>ύμῖν</em></span> <span class='ocrx_word' id='word_1_70' title='bbox 1608 593 1648 634; x_wconf 83' lang='grc' dir='ltr'><em>δὲ</em></span> <span class='ocrx_word' id='word_1_71' title='bbox 1670 593 1737 643; x_wconf 81' lang='grc' dir='ltr'><em>τάς</em></span> <span class='ocrx_word' id='word_1_72' title='bbox 1754 611 1872 649; x_wconf 89' lang='grc' dir='ltr'><em>παρα-</em></span> 
     </span>
     <span class='ocr_line' id='line_1_10' title="bbox 370 657 1875 717; baseline -0.001 -13"><span class='ocrx_word' id='word_1_73' title='bbox 370 661 488 715; x_wconf 75' lang='grc' dir='ltr'><em>βολάς</em></span> <span class='ocrx_word' id='word_1_74' title='bbox 512 663 565 710; x_wconf 87' lang='grc' dir='ltr'><em>εἰς</em></span> <span class='ocrx_word' id='word_1_75' title='bbox 589 663 760 702; x_wconf 78' lang='grc' dir='ltr'><em>ἐπίλυσιν</em></span> <span class='ocrx_word' id='word_1_76' title='bbox 784 661 974 712; x_wconf 83' lang='grc' dir='ltr'><em>βασιλείας</em></span> <span class='ocrx_word' id='word_1_77' title='bbox 999 657 1177 713; x_wconf 73' lang='grc' dir='ltr'><em>οὐρανῶν</em></span> <span class='ocrx_word' id='word_1_78' title='bbox 1202 660 1350 713; x_wconf 79' lang='grc' dir='ltr'><em>ῥητέον.</em></span> <span class='ocrx_word' id='word_1_79' title='bbox 1396 658 1522 708; x_wconf 63' lang='grc' dir='ltr'><em>’Όσας</em></span> <span class='ocrx_word' id='word_1_80' title='bbox 1546 665 1642 714; x_wconf 82' lang='grc' dir='ltr'><em>γοῦν</em></span> <span class='ocrx_word' id='word_1_81' title='bbox 1665 662 1704 702; x_wconf 89' lang='grc' dir='ltr'><em>ἐν</em></span> <span class='ocrx_word' id='word_1_82' title='bbox 1727 661 1875 717; x_wconf 84' lang='grc' dir='ltr'><em>εύαγγε-</em></span> 
     </span>
     <span class='ocr_line' id='line_1_11' title="bbox 372 725 1878 783; baseline -0.002 -11"><span class='ocrx_word' id='word_1_83' title='bbox 372 734 465 778; x_wconf 86' lang='grc' dir='ltr'><em>λίοις</em></span> <span class='ocrx_word' id='word_1_84' title='bbox 486 727 710 783; x_wconf 77' lang='grc' dir='ltr'><em>παραβολάς</em></span> <span class='ocrx_word' id='word_1_85' title='bbox 733 730 901 782; x_wconf 81' lang='grc' dir='ltr'><em>εἴρηκεν,</em></span> <span class='ocrx_word' id='word_1_86' title='bbox 940 725 1062 775; x_wconf 79' lang='grc' dir='ltr'><em>εὐθύς</em></span> <span class='ocrx_word' id='word_1_87' title='bbox 1084 726 1266 776; x_wconf 84' lang='grc' dir='ltr'><em>ἐπιλύσας</em></span> <span class='ocrx_word' id='word_1_88' title='bbox 1290 731 1476 779; x_wconf 87' lang='grc' dir='ltr'><em>φαίνεται.</em></span> <span class='ocrx_word' id='word_1_89' title='bbox 1533 725 1674 780; x_wconf 81' lang='grc' dir='ltr'><em>Ἀμέλει</em></span> <span class='ocrx_word' id='word_1_90' title='bbox 1697 730 1791 781; x_wconf 85' lang='grc' dir='ltr'><em>φησὶ</em></span> <span class='ocrx_word' id='word_1_91' title='bbox 1811 729 1878 770; x_wconf 83' lang='grc' dir='ltr'><em>καὶ</em></span> 
     </span>
     <span class='ocr_line' id='line_1_12' title="bbox 370 792 1876 849; baseline -0.003 -9"><span class='ocrx_word' id='word_1_92' title='bbox 370 801 426 847; x_wconf 81' lang='grc' dir='ltr'><em>τίς</em></span> <span class='ocrx_word' id='word_1_93' title='bbox 447 796 469 840; x_wconf 84' lang='grc' dir='ltr'><em>ό</em></span> <span class='ocrx_word' id='word_1_94' title='bbox 489 796 631 845; x_wconf 80' lang='grc' dir='ltr'><em>κόκκος</em></span> <span class='ocrx_word' id='word_1_95' title='bbox 649 800 720 837; x_wconf 88' lang='grc' dir='ltr'><em>τοῦ</em></span> <span class='ocrx_word' id='word_1_96' title='bbox 744 793 983 845; x_wconf 76' lang='grc' dir='ltr'><em>2σινάπεως,</em></span> <span class='ocrx_word' id='word_1_97' title='bbox 1020 796 1086 836; x_wconf 84' lang='grc' dir='ltr'><em>καὶ</em></span> <span class='ocrx_word' id='word_1_98' title='bbox 1103 797 1160 843; x_wconf 88' lang='grc' dir='ltr'><em>τίς</em></span> <span class='ocrx_word' id='word_1_99' title='bbox 1178 792 1204 847; x_wconf 77' lang='grc' dir='ltr'>ἡ</span> <span class='ocrx_word' id='word_1_100' title='bbox 1223 794 1339 848; x_wconf 85' lang='grc' dir='ltr'><em>ζύμη,</em></span> <span class='ocrx_word' id='word_1_101' title='bbox 1368 797 1434 837; x_wconf 85' lang='grc' dir='ltr'><em>καὶ</em></span> <span class='ocrx_word' id='word_1_102' title='bbox 1457 797 1514 844; x_wconf 87' lang='grc' dir='ltr'><em>τίς</em></span> <span class='ocrx_word' id='word_1_103' title='bbox 1533 798 1704 849; x_wconf 81' lang='grc' dir='ltr'><em>βαλοῦσα</em></span> <span class='ocrx_word' id='word_1_104' title='bbox 1727 794 1796 848; x_wconf 78' lang='grc' dir='ltr'><em>τὴν</em></span> <span class='ocrx_word' id='word_1_105' title='bbox 1816 794 1876 846; x_wconf 82' lang='grc' dir='ltr'><em>ζύ·</em></span> 
     </span>
     <span class='ocr_line' id='line_1_13' title="bbox 371 860 1880 920; baseline -0.003 -12"><span class='ocrx_word' id='word_1_106' title='bbox 371 885 446 920; x_wconf 87' lang='grc' dir='ltr'><em>μην</em></span> <span class='ocrx_word' id='word_1_107' title='bbox 467 868 520 915; x_wconf 87' lang='grc' dir='ltr'><em>εἰς</em></span> <span class='ocrx_word' id='word_1_108' title='bbox 541 864 587 906; x_wconf 75' lang='grc' dir='ltr'><em>τά</em></span> <span class='ocrx_word' id='word_1_109' title='bbox 610 868 695 919; x_wconf 86' lang='grc' dir='ltr'><em>τρία</em></span> <span class='ocrx_word' id='word_1_110' title='bbox 718 862 834 913; x_wconf 88' lang='grc' dir='ltr'><em>σάτα,</em></span> <span class='ocrx_word' id='word_1_111' title='bbox 864 865 920 911; x_wconf 90' lang='grc' dir='ltr'><em>τίς</em></span> <span class='ocrx_word' id='word_1_112' title='bbox 943 860 966 904; x_wconf 83' lang='grc' dir='ltr'><em>ό</em></span> <span class='ocrx_word' id='word_1_113' title='bbox 988 860 1186 916; x_wconf 80' lang='grc' dir='ltr'><em>άμπελῶν,</em></span> <span class='ocrx_word' id='word_1_114' title='bbox 1215 866 1271 911; x_wconf 86' lang='grc' dir='ltr'><em>τίς</em></span> <span class='ocrx_word' id='word_1_115' title='bbox 1291 861 1317 916; x_wconf 77' lang='grc' dir='ltr'><em>ἡ</em></span> <span class='ocrx_word' id='word_1_116' title='bbox 1339 868 1457 916; x_wconf 84' lang='grc' dir='ltr'><em>συκῆ,</em></span> <span class='ocrx_word' id='word_1_117' title='bbox 1487 866 1544 912; x_wconf 87' lang='grc' dir='ltr'><em>τίς</em></span> <span class='ocrx_word' id='word_1_118' title='bbox 1564 861 1586 904; x_wconf 83' lang='grc' dir='ltr'>ὁ</span> <span class='ocrx_word' id='word_1_119' title='bbox 1609 861 1794 918; x_wconf 80' lang='grc' dir='ltr'><em>σπορεύς,</em></span> <span class='ocrx_word' id='word_1_120' title='bbox 1823 865 1880 912; x_wconf 86' lang='grc' dir='ltr'><em>τίς</em></span> 
     </span>
     <span class='ocr_line' id='line_1_14' title="bbox 371 925 1878 988; baseline -0.003 -12"><span class='ocrx_word' id='word_1_121' title='bbox 371 933 396 988; x_wconf 78' lang='grc' dir='ltr'><em>η</em></span> <span class='ocrx_word' id='word_1_122' title='bbox 415 937 591 985; x_wconf 80' lang='grc' dir='ltr'><em>καλλίστη</em></span> <span class='ocrx_word' id='word_1_123' title='bbox 611 937 678 987; x_wconf 85' lang='grc' dir='ltr'><em>γῆ·</em></span> <span class='ocrx_word' id='word_1_124' title='bbox 709 932 775 973; x_wconf 85' lang='grc' dir='ltr'><em>καὶ</em></span> <span class='ocrx_word' id='word_1_125' title='bbox 798 929 920 984; x_wconf 85' lang='grc' dir='ltr'><em>μάτην</em></span> <span class='ocrx_word' id='word_1_126' title='bbox 941 925 1046 971; x_wconf 75' lang='grc' dir='ltr'><em>οὗτοι</em></span> <span class='ocrx_word' id='word_1_127' title='bbox 1071 931 1347 972; x_wconf 81' lang='grc' dir='ltr'><em>ἐνθουσιῶνται</em></span> <span class='ocrx_word' id='word_1_128' title='bbox 1366 929 1443 972; x_wconf 61' lang='lat' dir='ltr'><em>ind</em></span> <span class='ocrx_word' id='word_1_129' title='bbox 1465 929 1660 984; x_wconf 79' lang='grc' dir='ltr'><em>δαιμόνων</em></span> <span class='ocrx_word' id='word_1_130' title='bbox 1679 929 1878 984; x_wconf 86' lang='grc' dir='ltr'><em>ἐλαυνόμε-</em></span> 
     </span>
     <span class='ocr_line' id='line_1_15' title="bbox 373 995 1876 1056; baseline -0.003 -11"><span class='ocrx_word' id='word_1_131' title='bbox 373 1021 440 1045; x_wconf 87' lang='grc' dir='ltr'><em>νοι.</em></span> <span class='ocrx_word' id='word_1_132' title='bbox 497 1002 596 1056; x_wconf 82' lang='grc' dir='ltr'><em>Περὶ</em></span> <span class='ocrx_word' id='word_1_133' title='bbox 617 995 669 1041; x_wconf 80' lang='grc' dir='ltr'><em>ῶν</em></span> <span class='ocrx_word' id='word_1_134' title='bbox 688 1014 807 1053; x_wconf 85' lang='grc' dir='ltr'><em>φησιν</em></span> <span class='ocrx_word' id='word_1_135' title='bbox 826 996 849 1040; x_wconf 76' lang='grc' dir='ltr'><em>ό</em></span> <span class='ocrx_word' id='word_1_136' title='bbox 870 996 1081 1053; x_wconf 78' lang='grc' dir='ltr'><em>άγιώτατος</em></span> <span class='ocrx_word' id='word_1_137' title='bbox 1100 996 1311 1047; x_wconf 79' lang='grc' dir='ltr'><em>οἷπόστολος</em></span> <span class='ocrx_word' id='word_1_138' title='bbox 1333 1002 1500 1050; x_wconf 84' lang='grc' dir='ltr'><em>Παῦλος,</em></span> <span class='ocrx_word' id='word_1_139' title='bbox 1518 996 1583 1039; x_wconf 88' lang='grc' dir='ltr'><em>Ἑν</em></span> <span class='ocrx_word' id='word_1_140' title='bbox 1604 996 1776 1054; x_wconf 72' lang='grc' dir='ltr'><em>ὑστέροις</em></span> <span class='ocrx_word' id='word_1_141' title='bbox 1794 1017 1876 1040; x_wconf 87' lang='grc' dir='ltr'><em>και-</em></span> 
     </span>
     <span class='ocr_line' id='line_1_16' title="bbox 373 1065 1877 1125; baseline -0.004 -12"><span class='ocrx_word' id='word_1_142' title='bbox 373 1077 453 1125; x_wconf 85' lang='grc' dir='ltr'><em>ροῖς</em></span> <span class='ocrx_word' id='word_1_143' title='bbox 476 1068 755 1122; x_wconf 72' lang='grc' dir='ltr'><em>ἀποστήσονταί</em></span> <span class='ocrx_word' id='word_1_144' title='bbox 780 1083 879 1115; x_wconf 90' lang='grc' dir='ltr'><em>τινες</em></span> <span class='ocrx_word' id='word_1_145' title='bbox 904 1071 971 1119; x_wconf 86' lang='grc' dir='ltr'><em>τῆς</em></span> <span class='ocrx_word' id='word_1_146' title='bbox 992 1068 1258 1117; x_wconf 84' lang='grc' dir='ltr'><em>διδασκαλίας,</em></span> <span class='ocrx_word' id='word_1_147' title='bbox 1302 1067 1547 1121; x_wconf 90' lang='grc' dir='ltr'><em>προςέχοντες</em></span> <span class='ocrx_word' id='word_1_148' title='bbox 1569 1065 1715 1118; x_wconf 84' lang='grc' dir='ltr'><em>μύθοις</em></span> <span class='ocrx_word' id='word_1_149' title='bbox 1735 1067 1801 1107; x_wconf 84' lang='grc' dir='ltr'><em>καὶ</em></span> <span class='ocrx_word' id='word_1_150' title='bbox 1823 1068 1877 1107; x_wconf 76' lang='grc' dir='ltr'><em>δι·</em></span> 
     </span>
     <span class='ocr_line' id='line_1_17' title="bbox 372 1131 1878 1189; baseline -0.004 -9"><span class='ocrx_word' id='word_1_151' title='bbox 372 1140 593 1185; x_wconf 85' lang='grc' dir='ltr'><em>δασκαλίαις</em></span> <span class='ocrx_word' id='word_1_152' title='bbox 612 1135 818 1189; x_wconf 86' lang='grc' dir='ltr'><em>δαιμόνων.</em></span> <span class='ocrx_word' id='word_1_153' title='bbox 878 1135 957 1175; x_wconf 83' lang='grc' dir='ltr'><em>Καὶ</em></span> <span class='ocrx_word' id='word_1_154' title='bbox 975 1133 1088 1174; x_wconf 85' lang='grc' dir='ltr'><em>πάλιν</em></span> <span class='ocrx_word' id='word_1_155' title='bbox 1108 1131 1130 1174; x_wconf 80' lang='grc' dir='ltr'>ὁ</span> <span class='ocrx_word' id='word_1_156' title='bbox 1149 1133 1258 1189; x_wconf 74' lang='grc' dir='ltr'><em>ἅγιος</em></span> <span class='ocrx_word' id='word_1_157' title='bbox 1273 1132 1457 1187; x_wconf 85' lang='grc' dir='ltr'><em>Ἰάκωβος</em></span> <span class='ocrx_word' id='word_1_158' title='bbox 1475 1135 1591 1189; x_wconf 88' lang='grc' dir='ltr'><em>λέγων</em></span> <span class='ocrx_word' id='word_1_159' title='bbox 1611 1135 1696 1188; x_wconf 81' lang='grc' dir='ltr'><em>περὶ</em></span> <span class='ocrx_word' id='word_1_160' title='bbox 1717 1138 1786 1187; x_wconf 84' lang='grc' dir='ltr'><em>τῆς</em></span> <span class='ocrx_word' id='word_1_161' title='bbox 1804 1150 1878 1175; x_wconf 78' lang='grc' dir='ltr'><em>τοι·</em></span> 
     </span>
     <span class='ocr_line' id='line_1_18' title="bbox 374 1199 1879 1259; baseline -0.004 -11"><span class='ocrx_word' id='word_1_162' title='bbox 374 1205 492 1259; x_wconf 88' lang='grc' dir='ltr'><em>αύτης</em></span> <span class='ocrx_word' id='word_1_163' title='bbox 517 1206 760 1252; x_wconf 82' lang='grc' dir='ltr'><em>διδασκαλίας</em></span> <span class='ocrx_word' id='word_1_164' title='bbox 783 1202 859 1254; x_wconf 78' lang='grc' dir='ltr'><em>ὅτι,</em></span> <span class='ocrx_word' id='word_1_165' title='bbox 905 1200 987 1243; x_wconf 74' lang='grc' dir='ltr'><em>Οὔκ</em></span> <span class='ocrx_word' id='word_1_166' title='bbox 1011 1203 1110 1243; x_wconf 88' lang='grc' dir='ltr'><em>ἐστιν</em></span> <span class='ocrx_word' id='word_1_167' title='bbox 1132 1200 1286 1243; x_wconf 67' lang='grc' dir='ltr'><em>ἄνωθεν</em></span> <span class='ocrx_word' id='word_1_168' title='bbox 1306 1200 1332 1254; x_wconf 77' lang='grc' dir='ltr'>ἡ</span> <span class='ocrx_word' id='word_1_169' title='bbox 1352 1199 1449 1255; x_wconf 81' lang='grc' dir='ltr'><em>αύτή</em></span> <span class='ocrx_word' id='word_1_170' title='bbox 1471 1204 1590 1253; x_wconf 84' lang='grc' dir='ltr'><em>σοφία</em></span> <span class='ocrx_word' id='word_1_171' title='bbox 1610 1201 1879 1256; x_wconf 81' lang='grc' dir='ltr'><em>κατερχομένη,</em></span> 
     </span>
     <span class='ocr_line' id='line_1_19' title="bbox 372 1267 1879 1327; baseline -0.004 -12"><span class='ocrx_word' id='word_1_172' title='bbox 372 1272 445 1315; x_wconf 69' lang='grc' dir='ltr'><em>ἀλλ’</em></span> <span class='ocrx_word' id='word_1_173' title='bbox 470 1275 655 1327; x_wconf 87' lang='grc' dir='ltr'><em>ἐπίγειος,</em></span> <span class='ocrx_word' id='word_1_174' title='bbox 686 1269 854 1323; x_wconf 77' lang='grc' dir='ltr'><em>ψυχικὴ,</em></span> <span class='ocrx_word' id='word_1_175' title='bbox 885 1268 1159 1322; x_wconf 79' lang='grc' dir='ltr'><em>δαιμονιώδης·</em></span> <span class='ocrx_word' id='word_1_176' title='bbox 1196 1267 1222 1322; x_wconf 73' lang='grc' dir='ltr'><em>ἦ</em></span> <span class='ocrx_word' id='word_1_177' title='bbox 1248 1269 1289 1310; x_wconf 84' lang='grc' dir='ltr'><em>δὲ</em></span> <span class='ocrx_word' id='word_1_178' title='bbox 1312 1267 1467 1311; x_wconf 67' lang='grc' dir='ltr'><em>ἄνωθεν</em></span> <span class='ocrx_word' id='word_1_179' title='bbox 1492 1272 1610 1321; x_wconf 85' lang='grc' dir='ltr'><em>σοφία</em></span> <span class='ocrx_word' id='word_1_180' title='bbox 1633 1273 1790 1323; x_wconf 88' lang='grc' dir='ltr'><em>πρῶτον</em></span> <span class='ocrx_word' id='word_1_181' title='bbox 1811 1268 1879 1322; x_wconf 78' lang='grc' dir='ltr'><em>μὲν</em></span> 
     </span>
     <span class='ocr_line' id='line_1_20' title="bbox 373 1335 1878 1397; baseline -0.004 -14"><span class='ocrx_word' id='word_1_182' title='bbox 373 1340 469 1397; x_wconf 76' lang='grc' dir='ltr'><em>ἇγνή</em></span> <span class='ocrx_word' id='word_1_183' title='bbox 492 1342 611 1390; x_wconf 81' lang='grc' dir='ltr'><em>ἐστιν,</em></span> <span class='ocrx_word' id='word_1_184' title='bbox 643 1341 771 1380; x_wconf 76' lang='grc' dir='ltr'><em>ἔπειτα</em></span> <span class='ocrx_word' id='word_1_185' title='bbox 794 1336 986 1392; x_wconf 81' lang='grc' dir='ltr'><em>εἰρηνικὴ,</em></span> <span class='ocrx_word' id='word_1_186' title='bbox 1017 1335 1225 1389; x_wconf 73' lang='grc' dir='ltr'><em>εὐπειθὴς,</em></span> <span class='ocrx_word' id='word_1_187' title='bbox 1255 1335 1496 1392; x_wconf 66' lang='grc' dir='ltr'><em>ἀδιάκριτος,</em></span> <span class='ocrx_word' id='word_1_188' title='bbox 1526 1335 1641 1390; x_wconf 78' lang='grc' dir='ltr'><em>μεστὴ</em></span> <span class='ocrx_word' id='word_1_189' title='bbox 1663 1337 1791 1385; x_wconf 78' lang='grc' dir='ltr'><em>ἐλέους</em></span> <span class='ocrx_word' id='word_1_190' title='bbox 1811 1336 1878 1377; x_wconf 85' lang='grc' dir='ltr'><em>καὶ</em></span> 
     </span>
     <span class='ocr_line' id='line_1_21' title="bbox 372 1399 1880 1465; baseline -0.005 -13"><span class='ocrx_word' id='word_1_191' title='bbox 372 1413 531 1465; x_wconf 79' lang='grc' dir='ltr'><em>καρπῶν</em></span> <span class='ocrx_word' id='word_1_192' title='bbox 555 1406 736 1462; x_wconf 69' lang='grc' dir='ltr'><em>ἀγαθῶν,</em></span> <span class='ocrx_word' id='word_1_193' title='bbox 768 1406 833 1447; x_wconf 89' lang='grc' dir='ltr'><em>καὶ</em></span> <span class='ocrx_word' id='word_1_194' title='bbox 854 1404 901 1446; x_wconf 77' lang='grc' dir='ltr'><em>τά</em></span> <span class='ocrx_word' id='word_1_195' title='bbox 925 1407 1030 1458; x_wconf 78' lang='grc' dir='ltr'><em>ἑξῆς,</em></span> <span class='ocrx_word' id='word_1_196' title='bbox 1060 1399 1107 1457; x_wconf 80' lang='grc' dir='ltr'><em>ἧς</em></span> <span class='ocrx_word' id='word_1_197' title='bbox 1129 1402 1218 1446; x_wconf 75' lang='grc' dir='ltr'><em>οὐδὲ</em></span> <span class='ocrx_word' id='word_1_198' title='bbox 1241 1402 1295 1453; x_wconf 86' lang='grc' dir='ltr'><em>εἷς</em></span> <span class='ocrx_word' id='word_1_199' title='bbox 1318 1404 1469 1460; x_wconf 79' lang='grc' dir='ltr'><em>καρπός</em></span> <span class='ocrx_word' id='word_1_200' title='bbox 1493 1406 1534 1446; x_wconf 89' lang='grc' dir='ltr'><em>ἐν</em></span> <span class='ocrx_word' id='word_1_201' title='bbox 1554 1410 1635 1453; x_wconf 84' lang='grc' dir='ltr'><em>τοῖς</em></span> <span class='ocrx_word' id='word_1_202' title='bbox 1655 1404 1880 1459; x_wconf 87' lang='grc' dir='ltr'><em>προειρημέ-</em></span> 
     </span>
     <span class='ocr_line' id='line_1_22' title="bbox 374 1470 1879 1530; baseline -0.005 -11"><span class='ocrx_word' id='word_1_203' title='bbox 374 1495 453 1527; x_wconf 86' lang='grc' dir='ltr'><em>νοις</em></span> <span class='ocrx_word' id='word_1_204' title='bbox 477 1475 699 1530; x_wconf 80' lang='grc' dir='ltr'><em>εύρίσκεται.</em></span> <span class='ocrx_word' id='word_1_205' title='bbox 760 1471 860 1528; x_wconf 86' lang='grc' dir='ltr'><em>Παρ’</em></span> <span class='ocrx_word' id='word_1_206' title='bbox 891 1470 1023 1521; x_wconf 75' lang='grc' dir='ltr'><em>αὐτοῖς</em></span> <span class='ocrx_word' id='word_1_207' title='bbox 1043 1470 1115 1527; x_wconf 80' lang='grc' dir='ltr'><em>γάρ</em></span> <span class='ocrx_word' id='word_1_208' title='bbox 1141 1470 1416 1523; x_wconf 69' lang='grc' dir='ltr'><em>ἀκαταστασία,</em></span> <span class='ocrx_word' id='word_1_209' title='bbox 1455 1473 1521 1514; x_wconf 84' lang='grc' dir='ltr'><em>καὶ</em></span> <span class='ocrx_word' id='word_1_210' title='bbox 1546 1476 1624 1513; x_wconf 80' lang='grc' dir='ltr'><em>πᾶν</em></span> <span class='ocrx_word' id='word_1_211' title='bbox 1648 1470 1879 1526; x_wconf 88' lang='grc' dir='ltr'><em>παράνομον</em></span> 
     </span>
     <span class='ocr_line' id='line_1_23' title="bbox 372 1536 1878 1600; baseline -0.005 -13"><span class='ocrx_word' id='word_1_212' title='bbox 372 1550 550 1600; x_wconf 77' lang='grc' dir='ltr'><em>πρᾶγμα,</em></span> <span class='ocrx_word' id='word_1_213' title='bbox 589 1541 786 1596; x_wconf 85' lang='grc' dir='ltr'><em>δαιμόνων</em></span> <span class='ocrx_word' id='word_1_214' title='bbox 809 1557 846 1582; x_wconf 92' lang='grc' dir='ltr'><em>τε</em></span> <span class='ocrx_word' id='word_1_215' title='bbox 867 1539 1042 1593; x_wconf 87' lang='grc' dir='ltr'><em>κυήματα</em></span> <span class='ocrx_word' id='word_1_216' title='bbox 1066 1540 1130 1581; x_wconf 87' lang='grc' dir='ltr'><em>καὶ</em></span> <span class='ocrx_word' id='word_1_217' title='bbox 1154 1542 1366 1595; x_wconf 87' lang='grc' dir='ltr'><em>συρίγματα</em></span> <span class='ocrx_word' id='word_1_218' title='bbox 1386 1538 1628 1594; x_wconf 84' lang='grc' dir='ltr'><em>δρακόντων,</em></span> <span class='ocrx_word' id='word_1_219' title='bbox 1668 1537 1796 1580; x_wconf 69' lang='grc' dir='ltr'><em>ἄλλοτε</em></span> <span class='ocrx_word' id='word_1_220' title='bbox 1815 1536 1878 1580; x_wconf 71' lang='grc' dir='ltr'><em>δίλ-</em></span> 
     </span>
     <span class='ocr_line' id='line_1_24' title="bbox 371 1604 1880 1663; baseline -0.004 -8"><span class='ocrx_word' id='word_1_221' title='bbox 371 1621 447 1662; x_wconf 88' lang='grc' dir='ltr'><em>λως</em></span> <span class='ocrx_word' id='word_1_222' title='bbox 468 1613 533 1654; x_wconf 86' lang='grc' dir='ltr'><em>καὶ</em></span> <span class='ocrx_word' id='word_1_223' title='bbox 554 1610 641 1653; x_wconf 66' lang='grc' dir='ltr'><em>ἄλλο</em></span> <span class='ocrx_word' id='word_1_224' title='bbox 663 1609 827 1652; x_wconf 76' lang='grc' dir='ltr'><em>ἑκάστου</em></span> <span class='ocrx_word' id='word_1_225' title='bbox 848 1607 976 1650; x_wconf 77' lang='grc' dir='ltr'><em>αὐτῶν</em></span> <span class='ocrx_word' id='word_1_226' title='bbox 995 1611 1216 1656; x_wconf 83' lang='grc' dir='ltr'><em>λαλοῦντος·</em></span> <span class='ocrx_word' id='word_1_227' title='bbox 1239 1606 1328 1663; x_wconf 79' lang='grc' dir='ltr'><em>παρ’</em></span> <span class='ocrx_word' id='word_1_228' title='bbox 1348 1605 1406 1656; x_wconf 86' lang='grc' dir='ltr'><em>οἷς</em></span> <span class='ocrx_word' id='word_1_229' title='bbox 1425 1606 1497 1649; x_wconf 78' lang='grc' dir='ltr'><em>οὐκ</em></span> <span class='ocrx_word' id='word_1_230' title='bbox 1517 1609 1632 1657; x_wconf 74' lang='grc' dir='ltr'><em>ἕλεος,</em></span> <span class='ocrx_word' id='word_1_231' title='bbox 1659 1605 1730 1648; x_wconf 78' lang='grc' dir='ltr'><em>οὐκ</em></span> <span class='ocrx_word' id='word_1_232' title='bbox 1753 1604 1880 1655; x_wconf 86' lang='grc' dir='ltr'><em>οἶκτος</em></span> 
     </span>
     <span class='ocr_line' id='line_1_25' title="bbox 372 1672 1881 1736; baseline -0.005 -13"><span class='ocrx_word' id='word_1_233' title='bbox 372 1679 600 1736; x_wconf 76' lang='grc' dir='ltr'><em>εὑρίσκεται,</em></span> <span class='ocrx_word' id='word_1_234' title='bbox 631 1677 722 1720; x_wconf 76' lang='grc' dir='ltr'><em>ἄλλα</em></span> <span class='ocrx_word' id='word_1_235' title='bbox 745 1679 953 1731; x_wconf 85' lang='grc' dir='ltr'><em>διακρίσεις</em></span> <span class='ocrx_word' id='word_1_236' title='bbox 974 1676 1039 1717; x_wconf 88' lang='grc' dir='ltr'><em>καὶ</em></span> <span class='ocrx_word' id='word_1_237' title='bbox 1061 1676 1260 1730; x_wconf 82' lang='grc' dir='ltr'><em>διαφοραὶ,</em></span> <span class='ocrx_word' id='word_1_238' title='bbox 1290 1676 1355 1717; x_wconf 89' lang='grc' dir='ltr'><em>καὶ</em></span> <span class='ocrx_word' id='word_1_239' title='bbox 1374 1673 1549 1728; x_wconf 78' lang='grc' dir='ltr'><em>οὐδαμοῦ</em></span> <span class='ocrx_word' id='word_1_240' title='bbox 1570 1672 1733 1729; x_wconf 80' lang='grc' dir='ltr'><em>άγνεῖαι,</em></span> <span class='ocrx_word' id='word_1_241' title='bbox 1766 1672 1881 1716; x_wconf 73' lang='grc' dir='ltr'><em>οὖδα-</em></span> 
     </span>
     <span class='ocr_line' id='line_1_26' title="bbox 374 1745 1094 1803; baseline -0.01 -12"><span class='ocrx_word' id='word_1_242' title='bbox 374 1753 449 1801; x_wconf 80' lang='grc' dir='ltr'><em>μοῦ</em></span> <span class='ocrx_word' id='word_1_243' title='bbox 479 1747 630 1803; x_wconf 86' lang='grc' dir='ltr'><em>εἰρήνη,</em></span> <span class='ocrx_word' id='word_1_244' title='bbox 662 1745 838 1798; x_wconf 76' lang='grc' dir='ltr'><em>οὐδαμοῦ</em></span> <span class='ocrx_word' id='word_1_245' title='bbox 873 1745 1094 1786; x_wconf 77' lang='grc' dir='ltr'><em>3έπιείκεια,</em></span> 
     </span>
    </p>
   </div>
   <div class='ocr_carea' id='block_1_5' title="bbox 372 2012 1884 2841">
    <p class='ocr_par' dir='ltr' id='par_1_5' title="bbox 372 2012 1884 2820">
     <span class='ocr_line' id='line_1_27' title="bbox 489 2012 1881 2071; baseline -0.004 -11"><span class='ocrx_word' id='word_1_246' title='bbox 489 2018 685 2071; x_wconf 88' lang='grc' dir='ltr'><em>Βούλομαι</em></span> <span class='ocrx_word' id='word_1_247' title='bbox 707 2019 746 2058; x_wconf 79' lang='grc' dir='ltr'><em>δὲ</em></span> <span class='ocrx_word' id='word_1_248' title='bbox 769 2015 883 2057; x_wconf 83' lang='grc' dir='ltr'><em>πάλιν</em></span> <span class='ocrx_word' id='word_1_249' title='bbox 907 2014 1211 2070; x_wconf 71' lang='grc' dir='ltr'><em>ἀναγκαζόμενος</em></span> <span class='ocrx_word' id='word_1_250' title='bbox 1233 2013 1312 2056; x_wconf 58' lang='lat' dir='ltr'><em>mind</em></span> <span class='ocrx_word' id='word_1_251' title='bbox 1335 2018 1404 2056; x_wconf 85' lang='grc' dir='ltr'><em>τοῦ</em></span> <span class='ocrx_word' id='word_1_252' title='bbox 1425 2013 1561 2070; x_wconf 85' lang='grc' dir='ltr'><em>λόγου,</em></span> <span class='ocrx_word' id='word_1_253' title='bbox 1592 2015 1626 2055; x_wconf 85' lang='grc' dir='ltr'><em>εἰ</em></span> <span class='ocrx_word' id='word_1_254' title='bbox 1645 2015 1712 2056; x_wconf 84' lang='grc' dir='ltr'><em>καὶ</em></span> <span class='ocrx_word' id='word_1_255' title='bbox 1733 2012 1881 2055; x_wconf 90' lang='grc' dir='ltr'><em>παύσα-</em></span> 
     </span>
     <span class='ocr_line' id='line_1_28' title="bbox 376 2079 1882 2140; baseline -0.005 -10"><span class='ocrx_word' id='word_1_256' title='bbox 376 2095 469 2129; x_wconf 81' lang='grc' dir='ltr'><em>σθαι</em></span> <span class='ocrx_word' id='word_1_257' title='bbox 489 2085 730 2140; x_wconf 74' lang='grc' dir='ltr'><em>ὑπεσχόμην,</em></span> <span class='ocrx_word' id='word_1_258' title='bbox 762 2082 898 2138; x_wconf 86' lang='grc' dir='ltr'><em>όλίγων</em></span> <span class='ocrx_word' id='word_1_259' title='bbox 917 2088 994 2124; x_wconf 87' lang='grc' dir='ltr'><em>τῶν</em></span> <span class='ocrx_word' id='word_1_260' title='bbox 1012 2081 1101 2136; x_wconf 85' lang='grc' dir='ltr'><em>παρ’</em></span> <span class='ocrx_word' id='word_1_261' title='bbox 1121 2081 1252 2131; x_wconf 86' lang='grc' dir='ltr'><em>αύτοῖς</em></span> <span class='ocrx_word' id='word_1_262' title='bbox 1272 2083 1481 2137; x_wconf 85' lang='grc' dir='ltr'><em>εἰρημένων</em></span> <span class='ocrx_word' id='word_1_263' title='bbox 1502 2080 1770 2135; x_wconf 87' lang='grc' dir='ltr'><em>μνημονεύσας</em></span> <span class='ocrx_word' id='word_1_264' title='bbox 1790 2079 1882 2124; x_wconf 65' lang='lat' dir='ltr'><em>oiva-</em></span> 
     </span>
     <span class='ocr_line' id='line_1_29' title="bbox 375 2148 1880 2211; baseline -0.005 -14"><span class='ocrx_word' id='word_1_265' title='bbox 375 2157 524 2211; x_wconf 80' lang='grc' dir='ltr'><em>τρέψαι.</em></span> <span class='ocrx_word' id='word_1_266' title='bbox 587 2152 645 2195; x_wconf 81' lang='grc' dir='ltr'><em>Ού</em></span> <span class='ocrx_word' id='word_1_267' title='bbox 668 2152 740 2208; x_wconf 80' lang='grc' dir='ltr'><em>γάρ</em></span> <span class='ocrx_word' id='word_1_268' title='bbox 765 2156 834 2194; x_wconf 84' lang='grc' dir='ltr'><em>τοῦ</em></span> <span class='ocrx_word' id='word_1_269' title='bbox 856 2150 954 2193; x_wconf 74' lang='grc' dir='ltr'><em>κατά</em></span> <span class='ocrx_word' id='word_1_270' title='bbox 976 2152 1110 2204; x_wconf 86' lang='grc' dir='ltr'><em>τέχνην</em></span> <span class='ocrx_word' id='word_1_271' title='bbox 1131 2168 1195 2204; x_wconf 89' lang='grc' dir='ltr'><em>μοι</em></span> <span class='ocrx_word' id='word_1_272' title='bbox 1215 2149 1331 2205; x_wconf 89' lang='grc' dir='ltr'><em>λόγου</em></span> <span class='ocrx_word' id='word_1_273' title='bbox 1355 2151 1474 2203; x_wconf 86' lang='grc' dir='ltr'><em>μέλει,</em></span> <span class='ocrx_word' id='word_1_274' title='bbox 1519 2148 1610 2192; x_wconf 72' lang='grc' dir='ltr'><em>ἄλλα</em></span> <span class='ocrx_word' id='word_1_275' title='bbox 1631 2154 1700 2203; x_wconf 83' lang='grc' dir='ltr'><em>τῆς</em></span> <span class='ocrx_word' id='word_1_276' title='bbox 1722 2154 1799 2191; x_wconf 88' lang='grc' dir='ltr'><em>τῶν</em></span> <span class='ocrx_word' id='word_1_277' title='bbox 1822 2151 1880 2191; x_wconf 87' lang='grc' dir='ltr'><em>ἐν-</em></span> 
     </span>
     <span class='ocr_line' id='line_1_30' title="bbox 372 2214 1881 2279; baseline -0.003 -16"><span class='ocrx_word' id='word_1_278' title='bbox 372 2222 640 2279; x_wconf 76' lang='grc' dir='ltr'><em>τυγχανόντων</em></span> <span class='ocrx_word' id='word_1_279' title='bbox 670 2219 862 2272; x_wconf 71' lang='grc' dir='ltr'><em>ὠφελείας.</em></span> <span class='ocrx_word' id='word_1_280' title='bbox 921 2220 1093 2274; x_wconf 85' lang='grc' dir='ltr'><em>Λέγουσι</em></span> <span class='ocrx_word' id='word_1_281' title='bbox 1118 2222 1247 2260; x_wconf 89' lang='grc' dir='ltr'><em>τοίνυν</em></span> <span class='ocrx_word' id='word_1_282' title='bbox 1275 2218 1335 2260; x_wconf 76' lang='grc' dir='ltr'><em>ὅτι</em></span> <span class='ocrx_word' id='word_1_283' title='bbox 1365 2216 1388 2260; x_wconf 81' lang='grc' dir='ltr'><em>ό</em></span> <span class='ocrx_word' id='word_1_284' title='bbox 1413 2219 1629 2266; x_wconf 88' lang='grc' dir='ltr'><em>δωδέκατος</em></span> <span class='ocrx_word' id='word_1_285' title='bbox 1651 2216 1761 2259; x_wconf 79' lang='grc' dir='ltr'><em>Αίῶν</em></span> <span class='ocrx_word' id='word_1_286' title='bbox 1788 2214 1811 2258; x_wconf 82' lang='grc' dir='ltr'><em>ό</em></span> <span class='ocrx_word' id='word_1_287' title='bbox 1840 2218 1881 2259; x_wconf 89' lang='grc' dir='ltr'><em>ἐν</em></span> 
     </span>
     <span class='ocr_line' id='line_1_31' title="bbox 376 2284 1881 2347; baseline -0.006 -13"><span class='ocrx_word' id='word_1_288' title='bbox 376 2291 603 2347; x_wconf 80' lang='grc' dir='ltr'><em>ύστερήματι</em></span> <span class='ocrx_word' id='word_1_289' title='bbox 625 2288 828 2345; x_wconf 89' lang='grc' dir='ltr'><em>γενόμενος</em></span> <span class='ocrx_word' id='word_1_290' title='bbox 849 2291 1040 2335; x_wconf 80' lang='grc' dir='ltr'><em>παντελῶς</em></span> <span class='ocrx_word' id='word_1_291' title='bbox 1060 2291 1129 2328; x_wconf 86' lang='grc' dir='ltr'><em>τοῦ</em></span> <span class='ocrx_word' id='word_1_292' title='bbox 1151 2285 1326 2341; x_wconf 65' lang='grc' dir='ltr'><em>ἀριθμοῦ</em></span> <span class='ocrx_word' id='word_1_293' title='bbox 1350 2290 1425 2327; x_wconf 89' lang='grc' dir='ltr'><em>τῶν</em></span> <span class='ocrx_word' id='word_1_294' title='bbox 1446 2284 1594 2327; x_wconf 83' lang='grc' dir='ltr'><em>δώδεκα</em></span> <span class='ocrx_word' id='word_1_295' title='bbox 1617 2286 1785 2336; x_wconf 77' lang='grc' dir='ltr'><em>ἐξέπεσε,</em></span> <span class='ocrx_word' id='word_1_296' title='bbox 1815 2285 1881 2326; x_wconf 80' lang='grc' dir='ltr'><em>καὶ</em></span> 
     </span>
     <span class='ocr_line' id='line_1_32' title="bbox 376 2350 1883 2412; baseline -0.005 -11"><span class='ocrx_word' id='word_1_297' title='bbox 376 2359 585 2401; x_wconf 64' lang='grc' dir='ltr'><em>ἀπόλλυται</em></span> <span class='ocrx_word' id='word_1_298' title='bbox 606 2355 627 2399; x_wconf 80' lang='grc' dir='ltr'><em>ό</em></span> <span class='ocrx_word' id='word_1_299' title='bbox 648 2354 818 2412; x_wconf 79' lang='grc' dir='ltr'><em>οἷριθμός</em></span> <span class='ocrx_word' id='word_1_300' title='bbox 839 2354 861 2396; x_wconf 77' lang='grc' dir='ltr'><em>ὅ</em></span> <span class='ocrx_word' id='word_1_301' title='bbox 882 2356 1105 2403; x_wconf 86' lang='grc' dir='ltr'><em>δωδέκατος.</em></span> <span class='ocrx_word' id='word_1_302' title='bbox 1171 2358 1292 2395; x_wconf 82' lang='grc' dir='ltr'><em>Τοῦτο</em></span> <span class='ocrx_word' id='word_1_303' title='bbox 1314 2355 1355 2395; x_wconf 91' lang='grc' dir='ltr'><em>δέ</em></span> <span class='ocrx_word' id='word_1_304' title='bbox 1375 2367 1469 2406; x_wconf 91' lang='grc' dir='ltr'><em>φασι</em></span> <span class='ocrx_word' id='word_1_305' title='bbox 1494 2357 1722 2408; x_wconf 84' lang='grc' dir='ltr'><em>γεγενῆσθαι</em></span> <span class='ocrx_word' id='word_1_306' title='bbox 1739 2356 1793 2409; x_wconf 78' lang='grc' dir='ltr'><em>τῷ</em></span> <span class='ocrx_word' id='word_1_307' title='bbox 1815 2350 1883 2393; x_wconf 77' lang='grc' dir='ltr'><em>τόν</em></span> 
     </span>
     <span class='ocr_line' id='line_1_33' title="bbox 372 2417 1880 2474; baseline -0.006 -5"><span class='ocrx_word' id='word_1_308' title='bbox 372 2426 521 2469; x_wconf 79' lang='grc' dir='ltr'><em>Ἰούδαν</em></span> <span class='ocrx_word' id='word_1_309' title='bbox 547 2426 640 2468; x_wconf 79' lang='grc' dir='ltr'><em>ὄντα</em></span> <span class='ocrx_word' id='word_1_310' title='bbox 664 2425 882 2467; x_wconf 87' lang='grc' dir='ltr'><em>δωδέκατον</em></span> <span class='ocrx_word' id='word_1_311' title='bbox 908 2423 1210 2472; x_wconf 85' lang='grc' dir='ltr'><em>ἐκπεπτωκέναι,</em></span> <span class='ocrx_word' id='word_1_312' title='bbox 1255 2423 1321 2463; x_wconf 88' lang='grc' dir='ltr'><em>καὶ</em></span> <span class='ocrx_word' id='word_1_313' title='bbox 1345 2420 1446 2463; x_wconf 74' lang='grc' dir='ltr'><em>οὕτω</em></span> <span class='ocrx_word' id='word_1_314' title='bbox 1469 2420 1536 2462; x_wconf 79' lang='grc' dir='ltr'><em>τόν</em></span> <span class='ocrx_word' id='word_1_315' title='bbox 1562 2421 1778 2462; x_wconf 86' lang='grc' dir='ltr'><em>δωδέκατον</em></span> <span class='ocrx_word' id='word_1_316' title='bbox 1801 2417 1880 2474; x_wconf 78' lang='grc' dir='ltr'><em>ἄρι-</em></span> 
     </span>
     <span class='ocr_line' id='line_1_34' title="bbox 380 2485 1883 2548; baseline -0.006 -11"><span class='ocrx_word' id='word_1_317' title='bbox 380 2493 482 2548; x_wconf 77' lang='grc' dir='ltr'><em>θμὸν</em></span> <span class='ocrx_word' id='word_1_318' title='bbox 501 2493 731 2548; x_wconf 72' lang='grc' dir='ltr'><em>ἠφανίσθαι.</em></span> <span class='ocrx_word' id='word_1_319' title='bbox 788 2490 953 2543; x_wconf 87' lang='grc' dir='ltr'><em>Ὁμοίως</em></span> <span class='ocrx_word' id='word_1_320' title='bbox 974 2490 1014 2531; x_wconf 79' lang='grc' dir='ltr'><em>δὲ</em></span> <span class='ocrx_word' id='word_1_321' title='bbox 1032 2491 1093 2531; x_wconf 82' lang='grc' dir='ltr'><em>καὶ</em></span> <span class='ocrx_word' id='word_1_322' title='bbox 1117 2491 1203 2545; x_wconf 80' lang='grc' dir='ltr'><em>περὶ</em></span> <span class='ocrx_word' id='word_1_323' title='bbox 1222 2493 1291 2542; x_wconf 83' lang='grc' dir='ltr'><em>τῆς</em></span> <span class='ocrx_word' id='word_1_324' title='bbox 1309 2487 1611 2544; x_wconf 84' lang='grc' dir='ltr'><em>αἷμορροούσης,</em></span> <span class='ocrx_word' id='word_1_325' title='bbox 1642 2489 1708 2529; x_wconf 88' lang='grc' dir='ltr'><em>καὶ</em></span> <span class='ocrx_word' id='word_1_326' title='bbox 1727 2492 1796 2541; x_wconf 87' lang='grc' dir='ltr'><em>τῆς</em></span> <span class='ocrx_word' id='word_1_327' title='bbox 1812 2485 1883 2540; x_wconf 75' lang='grc' dir='ltr'><em>τὴν</em></span> 
     </span>
     <span class='ocr_line' id='line_1_35' title="bbox 377 2553 1882 2617; baseline -0.005 -14"><span class='ocrx_word' id='word_1_328' title='bbox 377 2565 467 2614; x_wconf 82' lang='grc' dir='ltr'><em>μίαν</em></span> <span class='ocrx_word' id='word_1_329' title='bbox 492 2560 666 2617; x_wconf 80' lang='grc' dir='ltr'><em>δραχμὴν</em></span> <span class='ocrx_word' id='word_1_330' title='bbox 692 2559 769 2602; x_wconf 64' lang='lat' dir='ltr'><em>vind</em></span> <span class='ocrx_word' id='word_1_331' title='bbox 793 2564 869 2600; x_wconf 88' lang='grc' dir='ltr'><em>τῶν</em></span> <span class='ocrx_word' id='word_1_332' title='bbox 895 2560 987 2600; x_wconf 86' lang='grc' dir='ltr'><em>δέκα</em></span> <span class='ocrx_word' id='word_1_333' title='bbox 1012 2560 1189 2612; x_wconf 83' lang='grc' dir='ltr'><em>δραχμῶν</em></span> <span class='ocrx_word' id='word_1_334' title='bbox 1213 2555 1461 2609; x_wconf 77' lang='grc' dir='ltr'><em>άπολεσάσης.</em></span> <span class='ocrx_word' id='word_1_335' title='bbox 1521 2558 1725 2597; x_wconf 87' lang='grc' dir='ltr'><em>Δείκνυται</em></span> <span class='ocrx_word' id='word_1_336' title='bbox 1753 2555 1795 2596; x_wconf 79' lang='grc' dir='ltr'><em>δὲ</em></span> <span class='ocrx_word' id='word_1_337' title='bbox 1824 2553 1882 2596; x_wconf 75' lang='grc' dir='ltr'><em>ὅτι</em></span> 
     </span>
     <span class='ocr_line' id='line_1_36' title="bbox 378 2620 1880 2680; baseline -0.005 -9"><span class='ocrx_word' id='word_1_338' title='bbox 378 2628 464 2671; x_wconf 76' lang='grc' dir='ltr'><em>οὔτε</em></span> <span class='ocrx_word' id='word_1_339' title='bbox 485 2627 507 2671; x_wconf 85' lang='grc' dir='ltr'><em>ό</em></span> <span class='ocrx_word' id='word_1_340' title='bbox 526 2630 742 2676; x_wconf 85' lang='grc' dir='ltr'><em>δωδέκατος</em></span> <span class='ocrx_word' id='word_1_341' title='bbox 760 2626 870 2668; x_wconf 79' lang='grc' dir='ltr'><em>Αἰῶν</em></span> <span class='ocrx_word' id='word_1_342' title='bbox 892 2625 1098 2680; x_wconf 84' lang='grc' dir='ltr'><em>πρόςωπον</em></span> <span class='ocrx_word' id='word_1_343' title='bbox 1116 2623 1241 2666; x_wconf 87' lang='grc' dir='ltr'><em>Ἰούδα</em></span> <span class='ocrx_word' id='word_1_344' title='bbox 1263 2626 1359 2678; x_wconf 73' lang='grc' dir='ltr'><em>ἔχειν</em></span> <span class='ocrx_word' id='word_1_345' title='bbox 1378 2623 1598 2677; x_wconf 87' lang='grc' dir='ltr'><em>δυνήσεται,</em></span> <span class='ocrx_word' id='word_1_346' title='bbox 1630 2621 1682 2671; x_wconf 74' lang='grc' dir='ltr'><em>ῶς</em></span> <span class='ocrx_word' id='word_1_347' title='bbox 1700 2627 1752 2679; x_wconf 80' lang='grc' dir='ltr'><em>τῷ</em></span> <span class='ocrx_word' id='word_1_348' title='bbox 1770 2620 1880 2677; x_wconf 79' lang='grc' dir='ltr'><em>ἆγιω-</em></span> 
     </span>
     <span class='ocr_line' id='line_1_37' title="bbox 378 2688 1884 2754; baseline -0.005 -16"><span class='ocrx_word' id='word_1_349' title='bbox 378 2696 476 2754; x_wconf 84' lang='grc' dir='ltr'><em>τάτῳ</em></span> <span class='ocrx_word' id='word_1_350' title='bbox 501 2699 699 2754; x_wconf 77' lang='grc' dir='ltr'><em>Εἰρηναίῳ</em></span> <span class='ocrx_word' id='word_1_351' title='bbox 723 2697 956 2751; x_wconf 85' lang='grc' dir='ltr'><em>προείρηται.</em></span> <span class='ocrx_word' id='word_1_352' title='bbox 1011 2692 1157 2741; x_wconf 83' lang='grc' dir='ltr'><em>Ἰούδας</em></span> <span class='ocrx_word' id='word_1_353' title='bbox 1178 2693 1246 2745; x_wconf 81' lang='grc' dir='ltr'><em>μὲν</em></span> <span class='ocrx_word' id='word_1_354' title='bbox 1267 2691 1339 2747; x_wconf 78' lang='grc' dir='ltr'><em>γάρ</em></span> <span class='ocrx_word' id='word_1_355' title='bbox 1363 2696 1555 2740; x_wconf 87' lang='grc' dir='ltr'><em>παντελῶς</em></span> <span class='ocrx_word' id='word_1_356' title='bbox 1576 2689 1787 2741; x_wconf 67' lang='grc' dir='ltr'><em>ἀπόλωλεν,</em></span> <span class='ocrx_word' id='word_1_357' title='bbox 1832 2695 1844 2718; x_wconf 86' lang='lat'><em>¹</em></span> <span class='ocrx_word' id='word_1_358' title='bbox 1862 2688 1884 2731; x_wconf 86' lang='grc' dir='ltr'><em>ό</em></span> 
     </span>
     <span class='ocr_line' id='line_1_38' title="bbox 380 2756 1883 2820; baseline -0.005 -15"><span class='ocrx_word' id='word_1_359' title='bbox 380 2766 592 2813; x_wconf 87' lang='grc' dir='ltr'><em>δωδέκατος</em></span> <span class='ocrx_word' id='word_1_360' title='bbox 607 2763 808 2820; x_wconf 86' lang='grc' dir='ltr'><em>λεγόμενος</em></span> <span class='ocrx_word' id='word_1_361' title='bbox 827 2760 937 2803; x_wconf 80' lang='grc' dir='ltr'><em>Αἰῶν</em></span> <span class='ocrx_word' id='word_1_362' title='bbox 954 2760 1050 2802; x_wconf 79' lang='grc' dir='ltr'><em>κατά</em></span> <span class='ocrx_word' id='word_1_363' title='bbox 1071 2758 1111 2802; x_wconf 76' lang='grc' dir='ltr'><em>τό</em></span> <span class='ocrx_word' id='word_1_364' title='bbox 1135 2758 1263 2801; x_wconf 76' lang='grc' dir='ltr'><em>αὐτῶν</em></span> <span class='ocrx_word' id='word_1_365' title='bbox 1282 2758 1435 2813; x_wconf 85' lang='grc' dir='ltr'><em>πλάσμα</em></span> <span class='ocrx_word' id='word_1_366' title='bbox 1455 2757 1527 2801; x_wconf 83' lang='grc' dir='ltr'><em>ούκ</em></span> <span class='ocrx_word' id='word_1_367' title='bbox 1547 2756 1732 2811; x_wconf 80' lang='grc' dir='ltr'><em>ἐκενώθη.</em></span> <span class='ocrx_word' id='word_1_368' title='bbox 1763 2756 1883 2811; x_wconf 78' lang='grc' dir='ltr'><em>’Έστη</em></span> 
     </span>
    </p>

    <p class='ocr_par' dir='ltr' id='par_1_6' title="bbox 1157 2825 1248 2841">
     <span class='ocr_line' id='line_1_39' title="bbox 1157 2825 1248 2841; baseline -0.011 0"><span class='ocrx_word' id='word_1_369' title='bbox 1157 2827 1176 2841; x_wconf 58' lang='grc' dir='ltr'><em>ῆι</em></span> <span class='ocrx_word' id='word_1_370' title='bbox 1206 2825 1217 2841; x_wconf 68' lang='lat' dir='ltr'><em>t·</em></span> <span class='ocrx_word' id='word_1_371' title='bbox 1238 2825 1248 2840; x_wconf 70' lang='lat' dir='ltr'>f</span> 
     </span>
    </p>
   </div>
   <div class='ocr_carea' id='block_1_6' title="bbox 380 2823 1884 2886">
    <p class='ocr_par' dir='ltr' id='par_1_7' title="bbox 380 2823 1884 2886">
     <span class='ocr_line' id='line_1_40' title="bbox 380 2823 1884 2886; baseline -0.005 -13"><span class='ocrx_word' id='word_1_372' title='bbox 380 2829 450 2886; x_wconf 76' lang='grc' dir='ltr'><em>γάρ</em></span> <span class='ocrx_word' id='word_1_373' title='bbox 474 2832 638 2874; x_wconf 81' lang='grc' dir='ltr'><em>ἐνώπιον</em></span> <span class='ocrx_word' id='word_1_374' title='bbox 660 2829 779 2873; x_wconf 76' lang='grc' dir='ltr'><em>αὐτοῦ</em></span> <span class='ocrx_word' id='word_1_375' title='bbox 803 2828 825 2872; x_wconf 83' lang='grc' dir='ltr'><em>ό</em></span> <span class='ocrx_word' id='word_1_376' title='bbox 847 2827 1119 2885; x_wconf 80' lang='grc' dir='ltr'><em>Μεταγωγεύς,</em></span> <span class='ocrx_word' id='word_1_377' title='bbox 1149 2846 1174 2881; x_wconf 95' lang='grc' dir='ltr'><em>η</em></span> <span class='ocrx_word' id='word_1_378' title='bbox 1195 2845 1215 2869; x_wconf 92' lang='grc' dir='ltr'><em>ο</em></span> <span class='ocrx_word' id='word_1_379' title='bbox 1249 2828 1458 2883; x_wconf 82' lang='grc' dir='ltr'><em>Οροθέτης,</em></span> <span class='ocrx_word' id='word_1_380' title='bbox 1489 2824 1620 2880; x_wconf 86' lang='grc' dir='ltr'><em>φήσας</em></span> <span class='ocrx_word' id='word_1_381' title='bbox 1640 2823 1738 2882; x_wconf 73' lang='grc' dir='ltr'><em>πρὸς</em></span> <span class='ocrx_word' id='word_1_382' title='bbox 1756 2823 1884 2876; x_wconf 76' lang='grc' dir='ltr'><em>αὐτὸν,</em></span> 
     </span>
    </p>
   </div>
   <div class='ocr_carea' id='block_1_7' title="bbox 444 2918 1520 2963">
    <p class='ocr_par' dir='ltr' id='par_1_8' title="bbox 444 2918 1520 2963">
     <span class='ocr_line' id='line_1_41' title="bbox 444 2918 1520 2963; baseline -0.007 -7"><span class='ocrx_word' id='word_1_383' title='bbox 444 2923 474 2956; x_wconf 81' lang='lat'><em>2.</em></span> <span class='ocrx_word' id='word_1_384' title='bbox 499 2922 649 2963; x_wconf 76' lang='grc' dir='ltr'><em>σινάπεος</em></span> <span class='ocrx_word' id='word_1_385' title='bbox 671 2925 717 2956; x_wconf 83' lang='lat' dir='ltr'><em>ed.</em></span> <span class='ocrx_word' id='word_1_386' title='bbox 737 2926 832 2963; x_wconf 80' lang='lat' dir='ltr'><em>princ.</em></span> <span class='ocrx_word' id='word_1_387' title='bbox 1143 2919 1172 2952; x_wconf 87' lang='lat'><em>3.</em></span> <span class='ocrx_word' id='word_1_388' title='bbox 1198 2918 1337 2954; x_wconf 75' lang='grc' dir='ltr'><em>ἐπιείκια</em></span> <span class='ocrx_word' id='word_1_389' title='bbox 1360 2921 1405 2952; x_wconf 87' lang='lat' dir='ltr'><em>ed.</em></span> <span class='ocrx_word' id='word_1_390' title='bbox 1422 2921 1520 2959; x_wconf 82' lang='lat' dir='ltr'><strong><em>princ.</em></strong></span> 
     </span>
    </p>
   </div>
  </div>
 </body>
</html>
