2034 3267
465 179 642 211 PANARn
665 180 747 212 LIB.
768 181 793 212 1.
817 181 924 213 ΤοΜ.
941 182 998 213 111.
1023 182 1277 215 HAER.XL11.
1551 176 1629 216 675

116 258 332 309 extitisset,
366 258 453 312 quid
476 273 558 299 eam
583 259 828 313 particulam,
860 263 1015 308 Adhuc,
1050 262 1271 316 exprimere
1294 277 1388 317 opus
1408 270 1513 313 erat,
1547 278 1632 304 cum

116 326 218 365 omni
242 333 434 381 tempore,
468 328 640 380 adeoque
668 342 767 368 nunc
791 329 919 382 specie
947 336 1058 369 tenus
1085 330 1205 384 possit
1227 344 1411 385 apparere
1436 329 1632 383 Christus,

116 407 239 447 neque
260 400 387 434 tamen
410 394 576 434 adiicere
599 409 760 435 necesse
781 395 853 447 sit,
889 400 977 436 Cum
999 400 1119 436 adhuc
1138 399 1282 449 z‘tgfirme'
1306 404 1493 438 essemus?
1551 398 1633 439 Hac

117 461 216 501 euim
243 476 362 512 voce,
404 465 562 510 Adime,
608 470 684 503 tum
710 464 812 503 illum
836 472 996 504 mortem
1023 465 1165 505 obiisse
1187 465 1398 519 significat,
1440 481 1484 507 ao
1512 474 1634 508 morte

116 543 183 569 sua
205 529 456 581 iustffimsse,
490 544 537 570 ne
562 531 722 585 amplius
744 532 841 570 mori
866 545 1026 572 necesse
1049 534 1098 572 sit
1121 533 1222 572 11111111
1247 534 1308 587 qui
1332 548 1399 588 pro
1425 535 1636 589 peccatori·

117 597 186 637 bus
217 598 336 638 semel
369 605 428 638 est
458 605 653 648 mortuus,
687 612 730 638 ac
761 613 829 653 per
858 613 945 640 sese
977 614 1051 640 non
1084 601 1246 654 amplius
1277 602 1476 643 moriatur.

230 664 361 706 Schol.
388 666 423 705 V
446 673 484 706 et
507 665 690 706 XXXII.
736 669 821 706 Ideo
852 670 914 707 lex
941 676 1070 708 sancta
1101 677 1139 707 et
1166 672 1374 709 mandatum
1403 679 1569 711 sanctum
1599 679 1637 711 et
1652 682 1737 710 Rom.
1749 682 1776 718 τ,
1796 681 1835 709 12.

117 737 251 773 iustum
281 742 317 773 el
347 736 490 773 bonum.

228 801 364 842 Resut.
388 803 423 842 V
447 809 483 841 et
504 801 688 842 XXXII.
734 800 834 856 Legi
858 803 928 843 hoo
951 804 1145 858 apostolus
1167 805 1322 857 tribuit,
1356 814 1396 847 ut
1418 815 1550 849 sancta
1569 807 1633 860 sit,

118 871 365 924 eiusdemque
399 869 600 919 mandato,
646 871 743 923 quod
780 871 915 925 triplici
947 872 1168 913 testimonio
1198 875 1419 926 confirmat,
1463 884 1636 917 sancium

119 953 205 980 esse
229 938 477 993 praedicans,
512 944 549 977 et
572 937 736 988 iustum,
771 945 809 978 et
832 938 996 991 bonum,
1029 947 1069 980 ut
1094 947 1151 991 te,
1184 940 1357 993 Marcio,
1393 944 1635 996 condemnet,

118 1021 189 1047 nos
219 1020 313 1048 vero
335 1007 438 1060 ipsos
461 1006 621 1046 edoceat
647 1005 769 1059 legem
798 1007 967 1047 auctoris
994 1021 1081 1048 esse
1108 1009 1253 1060 sancti,
1287 1011 1394 1052 cuius
1421 1013 1637 1052 mandatum

119 1082 292 1115 sanctum
328 1073 399 1124 sit,
444 1073 682 1127 eundemque
714 1074 775 1127 qui
808 1082 965 1116 sanctus
997 1083 1056 1116 est
1089 1090 1176 1117 esse
1209 1078 1365 1118 bonum.
1430 1077 1640 1134 Propterea

120 1157 202 1183 cum
229 1142 444 1182 mandatum
467 1155 488 1181 a
511 1140 612 1181 bono
634 1143 846 1196 profectum
872 1144 998 1194 suerit,
1032 1144 1171 1185 bonum
1195 1145 1354 1199 dicitur3
1388 1154 1425 1188 et
1446 1161 1466 1187 a
1487 1155 1637 1199 sancto,

119 1217 316 1262 sanctum,
349 1216 387 1249 et
410 1223 431 1249 a
453 1209 556 1249 iusto
579 1209 814 1261 derivatum,
857 1211 997 1252 iustum
1022 1213 1136 1253 etiam
1155 1215 1390 1269 appellaturg
1433 1229 1517 1255 cum
1543 1229 1640 1256 uuus

120 1278 296 1333 idemque
326 1277 438 1317 modo
470 1277 520 1317 sit
548 1277 610 1331 qui
642 1278 830 1331 quondam
861 1280 1010 1330 extitit,
1055 1289 1233 1333 sanctuS,
1275 1283 1398 1324 iustus
1430 1297 1474 1324 ac
1499 1283 1637 1325 honus.

120 1345 230 1388 Unde
264 1353 303 1386 et
328 1347 545 1386 mandatum
569 1345 688 1400 ipsius
720 1353 795 1386 tam
823 1348 919 1401 quod
953 1348 1040 1388 olim
1072 1364 1182 1403 quam
1214 1351 1312 1404 quod
1339 1352 1451 1391 modo
1478 1358 1537 1391 est
1562 1352 1641 1391 edi-

121 1421 214 1464 tum,
241 1413 279 1454 in
298 1421 461 1468 utroque
481 1414 659 1455 videlicet
681 1421 926 1465 testamento,
951 1424 1142 1469 sanctum,
1168 1417 1310 1459 iustum
1330 1433 1373 1459 ae
1391 1419 1533 1460 bonum
1555 1420 1641 1461 exi-

119 1482 350 1523 stimandum
380 1489 454 1522 ost.
1022 1477 1033 1492 ’

232 1548 366 1591 Schol.
396 1549 450 1590 VI
477 1556 515 1590 et
540 1549 744 1591 XXXIII.
798 1553 846 1590 Ut
868 1554 1082 1604 iustg'fieatz'o
1112 1557 1205 1606 legis
1230 1558 1426 1607 impleatur
1453 1560 1489 1596 z'n
1517 1558 1635 1596 nobis.
1662 1562 1808 1599 θῦν-ΘΛ-

231 1617 367 1658 Resut.
396 1617 448 1658 VI
476 1625 514 1658 et
535 1617 740 1659 XXXIII.
788 1617 832 1660 Si
867 1620 905 1659 in
932 1622 1115 1674 apostolis
1149 1629 1187 1663 et
1215 1622 1254 1662 in
1281 1623 1391 1663 nobis
1421 1624 1640 1666 iustificatio

120 1685 216 1740 legis
242 1686 442 1740 impletur,
486 1700 558 1740 qua
584 1687 683 1727 istud
709 1688 835 1727 fronte
858 1690 1108 1742 pronuntiare
1134 1691 1277 1740 audes,
1309 1689 1483 1743 Marcio,
1516 1693 1641 1747 legem

121 1753 168 1793 ab
201 1754 386 1807 apostolis
419 1753 501 1805 dei,
545 1754 607 1808 qui
637 1768 690 1795 ex
723 1755 819 1809 legis
849 1757 1127 1810 complemento
1156 1758 1434 1811 iustificantur,
1476 1761 1642 1802 alienam

120 1821 268 1862 videri?

234 1888 368 1930 Schol.
394 1889 468 1931 VII
492 1897 531 1931 et
553 1890 757 1932 XXXIV.
803 1895 907 1932 Finis
937 1896 1030 1945 enim
1067 1897 1161 1947 legis
1186 1898 1357 1936 Christus
1386 1899 1436 1936 ad
1464 1900 1641 1937 z'ustz'tzam
1661 1903 1787 1940 Gap.1o‚
1800 1906 1825 1933 4.

122 1961 222 1998 omni
247 1961 424 1998 credenti.

233 2025 366 2066 Refut.
394 2025 471 2067 VII
504 2033 542 2067 et
576 2027 779 2069 XXXIV.
833 2027 876 2070 Si
910 2031 956 2071 ad
985 2032 1221 2073 credentium
1258 2034 1425 2075 omnium
1460 2034 1643 2075 iustitiam

123 2092 302 2136 Christus
328 2094 507 2145 advenit,
552 2094 606 2135 ita
634 2103 674 2136 ut
696 2097 827 2150 perfici
853 2097 920 2138 lex
945 2099 1057 2140 aliter
1083 2108 1270 2155 nequeat,
1317 2101 1388 2142 nisi
1418 2116 1502 2142 eam
1529 2100 1643 2144 Chri-

122 2169 205 2204 stus
227 2177 296 2203 suo
324 2163 491 2203 adventu
512 2163 706 2217 perficiat,
739 2165 869 2219 perfici
891 2181 984 2217 vos,
1016 2166 1171 2219 Iudaei,
1205 2169 1307 2209 nullo
1329 2170 1440 2210 modo
1464 2171 1641 2225 potestis,

121 2230 155 2271 si
177 2230 215 2270 in
238 2231 323 2284 lege
348 2230 557 2281 maneatis,
591 2231 666 2273 nisi
687 2229 900 2285 Christum,
934 2235 995 2289 qui
1017 2236 1091 2276 iam
1114 2237 1236 2287 venit,
1270 2238 1472 2279 credentes
1495 2239 1533 2279 in
1555 2253 1643 2280 eum

122 2298 250 2340 velitis
271 2298 460 2353 recipere.
523 2296 599 2339 Sed
625 2313 694 2340 nec
717 2307 772 2352 tu,
804 2300 972 2354 Marcio,
1005 2304 1167 2345 salutem
1191 2305 1229 2345 in
1253 2302 1409 2346 Christo
1432 2314 1542 2362 potes
1563 2307 1643 2348 adi-

123 2366 242 2423 pisci,
276 2381 359 2407 cum
380 2366 466 2406 fidei
491 2367 718 2422 principium
741 2383 785 2409 ac
808 2370 976 2411 radicem
997 2371 1207 2423 abieceris‚
1242 2373 1417 2415 nimirum
1440 2375 1587 2428 legem,
1622 2389 1643 2416 e

125 2449 198 2490 qua
230 2435 405 2489 cognitus
430 2432 609 2476 Christus
641 2449 726 2477 eum
753 2438 898 2492 perficit
930 2439 993 2494 qui
1023 2440 1147 2495 legem
1178 2441 1332 2482 minime
1361 2449 1403 2482 ut
1427 2443 1592 2484 alienam
1621 2457 1645 2484 a

125 2500 283 2544 Christo
314 2503 503 2557 repudiat.

238 2570 371 2612 Schol.
395 2569 490 2611 VIII
517 2578 555 2611 et
575 2570 757 2614 XXXV.
807 2577 880 2624 Qui
904 2579 998 2616 enim
1020 2579 1147 2629 dz'legz't
1162 2581 1395 2629 proximum,
1432 2580 1548 2631 legem
1578 2583 1644 2619 ἰηι-
1664 2588 1826 2626 Gap-13‚e.

119 2641 247 2692 plem't.

235 2705 370 2749 Refut.
396 2704 491 2747 VIII
515 2713 553 2747 et
574 2706 756 2749 XXXV.
805 2707 902 2751 Cum
928 2726 997 2767 per
1018 2726 1187 2754 amorem
1211 2713 1376 2768 proximi
1403 2715 1466 2756 Iex
1487 2715 1643 2771 implea-

126 2781 210 2826 tur,
256 2789 333 2816 non
363 2780 423 2816 est
451 2788 473 2815 a
501 2772 658 2816 Christo
689 2784 728 2817 et
753 2777 824 2818 deo
849 2786 957 2834 patre
981 2781 1122 2821 domiui
1149 2782 1270 2823 nostri
1293 2780 1381 2824 Iesu
1407 2781 1550 2825 Christi
1578 2784 1643 2825 ab·

128 2841 326 2885 alienanda
350 2843 438 2895 lex,
481 2857 576 2898 quae
603 2843 761 2898 diligere
793 2847 1007 2901 proximum
1032 2848 1150 2890 iubet.
1214 2848 1405 2904 Quoniam
1432 2854 1520 2892 deus
1543 2857 1800 2922 car121.4103nn.

1284 2921 1335 2962 43
1354 2920 1375 2945 *
1708 2916 1716 2930 ’
1752 2916 1758 2923 ’
