<?xml version="1.0" encoding="UTF-8"?>
<!DOCTYPE html PUBLIC "-//W3C//DTD XHTML 1.0 Transitional//EN"
    "http://www.w3.org/TR/xhtml1/DTD/xhtml1-transitional.dtd">
<html xmlns="http://www.w3.org/1999/xhtml" xml:lang="en" lang="en">
 <head>
  <title>
</title>
<meta http-equiv="Content-Type" content="text/html;charset=utf-8" />
  <meta name='ocr-system' content='tesseract 3.04.00' />
  <meta name='ocr-capabilities' content='ocr_page ocr_carea ocr_par ocr_line ocrx_word'/>
</head>
<body>
  <div class='ocr_page' id='page_1' title='image "./p1corporishaereseo02epipuoft/p1corporishaereseo02epipuoft_0509.png"; bbox 0 0 2034 3267; ppageno 0'>
   <div class='ocr_carea' id='block_1_1' title="bbox 444 148 1635 192">
    <p class='ocr_par' dir='ltr' id='par_1_1' title="bbox 444 148 1635 192">
     <span class='ocr_line' id='line_1_1' title="bbox 444 148 1635 192; baseline -0.002 -2"><span class='ocrx_word' id='word_1_1' title='bbox 444 159 619 191; x_wconf 75' lang='lat' dir='ltr'><strong>PANARu</strong></span> <span class='ocrx_word' id='word_1_2' title='bbox 645 159 725 192; x_wconf 81' lang='lat' dir='ltr'><strong>LIB.</strong></span> <span class='ocrx_word' id='word_1_3' title='bbox 743 162 766 192; x_wconf 78' lang='grc' dir='ltr'><strong>Ι.</strong></span> <span class='ocrx_word' id='word_1_4' title='bbox 791 159 970 192; x_wconf 88' lang='lat' dir='ltr'><strong>ToM.1u.</strong></span> <span class='ocrx_word' id='word_1_5' title='bbox 995 160 1123 191; x_wconf 78' lang='lat' dir='ltr'><strong>HAER.</strong></span> <span class='ocrx_word' id='word_1_6' title='bbox 1143 159 1321 191; x_wconf 80' lang='lat' dir='ltr'><strong>xxxvii.</strong></span> <span class='ocrx_word' id='word_1_7' title='bbox 1555 148 1635 189; x_wconf 83' lang='lat'><strong>497</strong></span> 
     </span>
    </p>
   </div>
   <div class='ocr_carea' id='block_1_2' title="bbox 125 237 1826 2873">
    <p class='ocr_par' dir='ltr' id='par_1_2' title="bbox 125 237 1826 2873">
     <span class='ocr_line' id='line_1_2' title="bbox 127 237 1635 292; baseline -0.001 -15"><span class='ocrx_word' id='word_1_8' title='bbox 127 251 220 278; x_wconf 88' lang='lat' dir='ltr'><strong>sane</strong></span> <span class='ocrx_word' id='word_1_9' title='bbox 243 245 332 278; x_wconf 88' lang='lat' dir='ltr'><strong>sunt</strong></span> <span class='ocrx_word' id='word_1_10' title='bbox 355 251 450 292; x_wconf 86' lang='lat' dir='ltr'><strong>quae</strong></span> <span class='ocrx_word' id='word_1_11' title='bbox 475 238 645 278; x_wconf 82' lang='lat' dir='ltr'><strong>homines</strong></span> <span class='ocrx_word' id='word_1_12' title='bbox 669 239 754 289; x_wconf 91' lang='lat' dir='ltr'><strong>isti,</strong></span> <span class='ocrx_word' id='word_1_13' title='bbox 788 245 827 278; x_wconf 89' lang='lat' dir='ltr'><strong>ut</strong></span> <span class='ocrx_word' id='word_1_14' title='bbox 848 239 898 278; x_wconf 90' lang='lat' dir='ltr'><strong>ita</strong></span> <span class='ocrx_word' id='word_1_15' title='bbox 922 239 1064 288; x_wconf 86' lang='lat' dir='ltr'><strong>dicam,</strong></span> <span class='ocrx_word' id='word_1_16' title='bbox 1098 245 1288 288; x_wconf 82' lang='lat' dir='ltr'><strong>eructant,</strong></span> <span class='ocrx_word' id='word_1_17' title='bbox 1322 252 1372 278; x_wconf 84' lang='lat' dir='ltr'><strong>ex</strong></span> <span class='ocrx_word' id='word_1_18' title='bbox 1395 237 1457 277; x_wconf 93' lang='lat' dir='ltr'><strong>illo</strong></span> <span class='ocrx_word' id='word_1_19' title='bbox 1480 250 1547 277; x_wconf 91' lang='lat' dir='ltr'><strong>esu</strong></span> <span class='ocrx_word' id='word_1_20' title='bbox 1571 250 1635 276; x_wconf 85' lang='lat' dir='ltr'><strong>ve-</strong></span> 
     </span>
     <span class='ocr_line' id='line_1_3' title="bbox 126 304 1637 360; baseline -0.001 -15"><span class='ocrx_word' id='word_1_21' title='bbox 126 306 181 346; x_wconf 91' lang='lat' dir='ltr'><strong>lut</strong></span> <span class='ocrx_word' id='word_1_22' title='bbox 213 312 309 345; x_wconf 87' lang='lat' dir='ltr'><strong>tetro</strong></span> <span class='ocrx_word' id='word_1_23' title='bbox 344 306 502 359; x_wconf 88' lang='lat' dir='ltr'><strong>quodam</strong></span> <span class='ocrx_word' id='word_1_24' title='bbox 537 307 654 346; x_wconf 88' lang='lat' dir='ltr'><strong>odore</strong></span> <span class='ocrx_word' id='word_1_25' title='bbox 687 307 835 346; x_wconf 76' lang='lat' dir='ltr'><strong>referti.</strong></span> <span class='ocrx_word' id='word_1_26' title='bbox 898 305 1123 360; x_wconf 75' lang='lat' dir='ltr'>Serpentem</span> <span class='ocrx_word' id='word_1_27' title='bbox 1158 307 1292 360; x_wconf 82' lang='lat' dir='ltr'><strong>quippe</strong></span> <span class='ocrx_word' id='word_1_28' title='bbox 1327 304 1414 345; x_wconf 87' lang='lat' dir='ltr'><strong>novi</strong></span> <span class='ocrx_word' id='word_1_29' title='bbox 1446 305 1637 345; x_wconf 88' lang='lat' dir='ltr'><strong>cuiusdam</strong></span> 
     </span>
     <span class='ocr_line' id='line_1_4' title="bbox 127 373 1638 427; baseline 0.001 -15"><span class='ocrx_word' id='word_1_30' title='bbox 127 373 247 413; x_wconf 86' lang='lat' dir='ltr'><strong>instar</strong></span> <span class='ocrx_word' id='word_1_31' title='bbox 276 373 439 413; x_wconf 92' lang='lat' dir='ltr'><strong>numinis</strong></span> <span class='ocrx_word' id='word_1_32' title='bbox 469 382 718 414; x_wconf 82' lang='lat' dir='ltr'><strong>venerantur.</strong></span> <span class='ocrx_word' id='word_1_33' title='bbox 781 375 839 414; x_wconf 88' lang='lat' dir='ltr'><strong>Ac</strong></span> <span class='ocrx_word' id='word_1_34' title='bbox 873 374 958 413; x_wconf 88' lang='lat' dir='ltr'><strong>vide</strong></span> <span class='ocrx_word' id='word_1_35' title='bbox 986 374 1136 427; x_wconf 89' lang='lat' dir='ltr'><strong>quantis</strong></span> <span class='ocrx_word' id='word_1_36' title='bbox 1167 387 1233 413; x_wconf 86' lang='lat' dir='ltr'><strong>eos</strong></span> <span class='ocrx_word' id='word_1_37' title='bbox 1262 373 1454 413; x_wconf 85' lang='lat' dir='ltr'><strong>l&#39;raudibus</strong></span> <span class='ocrx_word' id='word_1_38' title='bbox 1486 373 1570 423; x_wconf 89' lang='lat' dir='ltr'><strong>ille,</strong></span> <span class='ocrx_word' id='word_1_39' title='bbox 1616 386 1638 412; x_wconf 82' lang='lat' dir='ltr'><strong>a</strong></span> 
     </span>
     <span class='ocr_line' id='line_1_5' title="bbox 127 440 1635 496; baseline -0.001 -15"><span class='ocrx_word' id='word_1_40' title='bbox 127 455 199 494; x_wconf 89' lang='lat' dir='ltr'><strong>quo</strong></span> <span class='ocrx_word' id='word_1_41' title='bbox 225 441 474 481; x_wconf 85' lang='lat' dir='ltr'><strong>circumventi</strong></span> <span class='ocrx_word' id='word_1_42' title='bbox 497 449 607 492; x_wconf 87' lang='lat' dir='ltr'><strong>sunt,</strong></span> <span class='ocrx_word' id='word_1_43' title='bbox 642 456 801 496; x_wconf 85' lang='lat' dir='ltr'><strong>serpens</strong></span> <span class='ocrx_word' id='word_1_44' title='bbox 823 442 992 481; x_wconf 87' lang='lat' dir='ltr'><strong>irretitos</strong></span> <span class='ocrx_word' id='word_1_45' title='bbox 1017 448 1159 480; x_wconf 85' lang='lat' dir='ltr'><strong>teneat.</strong></span> <span class='ocrx_word' id='word_1_46' title='bbox 1220 440 1320 480; x_wconf 84' lang='lat' dir='ltr'><strong>Nam</strong></span> <span class='ocrx_word' id='word_1_47' title='bbox 1344 449 1384 480; x_wconf 91' lang='lat' dir='ltr'><strong>ut</strong></span> <span class='ocrx_word' id='word_1_48' title='bbox 1404 440 1524 481; x_wconf 89' lang='lat' dir='ltr'><strong>Evam</strong></span> <span class='ocrx_word' id='word_1_49' title='bbox 1548 440 1635 480; x_wconf 86' lang='lat' dir='ltr'><strong>olim</strong></span> 
     </span>
     <span class='ocr_line' id='line_1_6' title="bbox 127 508 1637 563; baseline 0.001 -16"><span class='ocrx_word' id='word_1_50' title='bbox 127 515 165 548; x_wconf 92' lang='lat' dir='ltr'><strong>et</strong></span> <span class='ocrx_word' id='word_1_51' title='bbox 188 508 373 548; x_wconf 89' lang='lat' dir='ltr'><strong>Adamum</strong></span> <span class='ocrx_word' id='word_1_52' title='bbox 403 510 557 560; x_wconf 74' lang='lat' dir='ltr'><strong>fefellit,</strong></span> <span class='ocrx_word' id='word_1_53' title='bbox 592 510 643 550; x_wconf 89' lang='lat' dir='ltr'><strong>ita</strong></span> <span class='ocrx_word' id='word_1_54' title='bbox 669 510 779 550; x_wconf 90' lang='lat' dir='ltr'><strong>modo</strong></span> <span class='ocrx_word' id='word_1_55' title='bbox 807 509 970 563; x_wconf 85' lang='lat' dir='ltr'><strong>seipsum</strong></span> <span class='ocrx_word' id='word_1_56' title='bbox 999 516 1133 561; x_wconf 84' lang='lat' dir='ltr'><strong>tegens</strong></span> <span class='ocrx_word' id='word_1_57' title='bbox 1158 522 1201 547; x_wconf 89' lang='lat' dir='ltr'><strong>ac</strong></span> <span class='ocrx_word' id='word_1_58' title='bbox 1228 508 1490 558; x_wconf 80' lang='lat' dir='ltr'>dissimulans,</span> <span class='ocrx_word' id='word_1_59' title='bbox 1524 509 1637 548; x_wconf 88' lang='lat' dir='ltr'><strong>adeo-</strong></span> 
     </span>
     <span class='ocr_line' id='line_1_7' title="bbox 127 574 1638 631; baseline 0.001 -16"><span class='ocrx_word' id='word_1_60' title='bbox 127 590 198 629; x_wconf 87' lang='lat' dir='ltr'><strong>que</strong></span> <span class='ocrx_word' id='word_1_61' title='bbox 222 584 310 616; x_wconf 90' lang='lat' dir='ltr'><strong>aute</strong></span> <span class='ocrx_word' id='word_1_62' title='bbox 336 591 356 616; x_wconf 93' lang='lat' dir='ltr'><strong>a</strong></span> <span class='ocrx_word' id='word_1_63' title='bbox 385 575 612 618; x_wconf 87' lang='lat' dir='ltr'><strong>ludaeorum</strong></span> <span class='ocrx_word' id='word_1_64' title='bbox 638 577 870 631; x_wconf 74' lang='lat' dir='ltr'><strong>temporibus</strong></span> <span class='ocrx_word' id='word_1_65' title='bbox 895 577 939 616; x_wconf 90' lang='lat' dir='ltr'><strong>ad</strong></span> <span class='ocrx_word' id='word_1_66' title='bbox 967 577 1169 615; x_wconf 87' lang='lat' dir='ltr'><strong>adventum</strong></span> <span class='ocrx_word' id='word_1_67' title='bbox 1196 590 1314 629; x_wconf 92' lang='lat' dir='ltr'><strong>usque</strong></span> <span class='ocrx_word' id='word_1_68' title='bbox 1339 574 1503 627; x_wconf 85' lang='lat' dir='ltr'><strong>Christi,</strong></span> <span class='ocrx_word' id='word_1_69' title='bbox 1538 591 1638 616; x_wconf 89' lang='lat' dir='ltr'><strong>mor-</strong></span> 
     </span>
     <span class='ocr_line' id='line_1_8' title="bbox 127 643 1637 699; baseline 0.001 -17"><span class='ocrx_word' id='word_1_70' title='bbox 127 643 264 684; x_wconf 85' lang='lat' dir='ltr'><strong>talibus</strong></span> <span class='ocrx_word' id='word_1_71' title='bbox 299 644 492 699; x_wconf 75' lang='lat' dir='ltr'><strong>imposuit.</strong></span> <span class='ocrx_word' id='word_1_72' title='bbox 556 644 655 685; x_wconf 88' lang='lat' dir='ltr'><strong>Tum</strong></span> <span class='ocrx_word' id='word_1_73' title='bbox 692 643 1023 699; x_wconf 70' lang='lat' dir='ltr'><strong>progredientibus</strong></span> <span class='ocrx_word' id='word_1_74' title='bbox 1057 643 1244 682; x_wconf 86' lang='lat' dir='ltr'><strong>aetatibus</strong></span> <span class='ocrx_word' id='word_1_75' title='bbox 1279 658 1367 683; x_wconf 87' lang='lat' dir='ltr'><strong>esca</strong></span> <span class='ocrx_word' id='word_1_76' title='bbox 1398 644 1482 695; x_wconf 87' lang='lat' dir='ltr'><strong>illa,</strong></span> <span class='ocrx_word' id='word_1_77' title='bbox 1528 658 1637 698; x_wconf 88' lang='lat' dir='ltr'><strong>quam</strong></span> 
     </span>
     <span class='ocr_line' id='line_1_9' title="bbox 127 711 1641 765; baseline 0.001 -15"><span class='ocrx_word' id='word_1_78' title='bbox 127 719 261 752; x_wconf 88' lang='lat' dir='ltr'><strong>contra</strong></span> <span class='ocrx_word' id='word_1_79' title='bbox 287 712 344 752; x_wconf 92' lang='lat' dir='ltr'><strong>dei</strong></span> <span class='ocrx_word' id='word_1_80' title='bbox 370 712 612 753; x_wconf 88' lang='lat' dir='ltr'><strong>interdictum</strong></span> <span class='ocrx_word' id='word_1_81' title='bbox 636 726 821 765; x_wconf 88' lang='lat' dir='ltr'><strong>usurpare</strong></span> <span class='ocrx_word' id='word_1_82' title='bbox 843 711 923 752; x_wconf 83' lang='lat' dir='ltr'><strong>ausi</strong></span> <span class='ocrx_word' id='word_1_83' title='bbox 950 713 1120 759; x_wconf 85' lang='lat' dir='ltr'><strong>fuerant,</strong></span> <span class='ocrx_word' id='word_1_84' title='bbox 1154 711 1384 765; x_wconf 86' lang='lat' dir='ltr'><strong>prolectatos</strong></span> <span class='ocrx_word' id='word_1_85' title='bbox 1409 712 1580 752; x_wconf 79' lang='lat' dir='ltr'><strong>homines</strong></span> <span class='ocrx_word' id='word_1_86' title='bbox 1603 719 1641 751; x_wconf 92' lang='lat' dir='ltr'><strong>et</strong></span> 
     </span>
     <span class='ocr_line' id='line_1_10' title="bbox 127 778 1636 835; baseline 0 -17"><span class='ocrx_word' id='word_1_87' title='bbox 127 779 309 819; x_wconf 85' lang='lat' dir='ltr'><strong>aviditate</strong></span> <span class='ocrx_word' id='word_1_88' title='bbox 335 791 533 835; x_wconf 87' lang='lat' dir='ltr'><strong>correptos</strong></span> <span class='ocrx_word' id='word_1_89' title='bbox 565 780 610 820; x_wconf 91' lang='lat' dir='ltr'><strong>ab</strong></span> <span class='ocrx_word' id='word_1_90' title='bbox 642 779 825 833; x_wconf 82' lang='lat' dir='ltr'><strong>obsequio</strong></span> <span class='ocrx_word' id='word_1_91' title='bbox 857 780 916 818; x_wconf 90' lang='lat' dir='ltr'><strong>dei</strong></span> <span class='ocrx_word' id='word_1_92' title='bbox 942 779 1200 818; x_wconf 78' lang='lat' dir='ltr'><strong>callidioribus</strong></span> <span class='ocrx_word' id='word_1_93' title='bbox 1225 778 1407 818; x_wconf 86' lang='lat' dir='ltr'><strong>machinis</strong></span> <span class='ocrx_word' id='word_1_94' title='bbox 1434 780 1636 830; x_wconf 81' lang='lat' dir='ltr'><strong>abstraxit,</strong></span> 
     </span>
     <span class='ocr_line' id='line_1_11' title="bbox 126 846 1639 901; baseline 0.001 -16"><span class='ocrx_word' id='word_1_95' title='bbox 126 847 391 888; x_wconf 85' lang='lat' dir='ltr'><strong>vehementius</strong></span> <span class='ocrx_word' id='word_1_96' title='bbox 419 847 623 887; x_wconf 81' lang='lat' dir='ltr'><strong>identidem</strong></span> <span class='ocrx_word' id='word_1_97' title='bbox 651 847 871 887; x_wconf 82' lang='lat' dir='ltr'><strong>adulterans</strong></span> <span class='ocrx_word' id='word_1_98' title='bbox 897 854 934 885; x_wconf 90' lang='lat' dir='ltr'><strong>et</strong></span> <span class='ocrx_word' id='word_1_99' title='bbox 958 846 1171 901; x_wconf 86' lang='lat' dir='ltr'><strong>instigans,</strong></span> <span class='ocrx_word' id='word_1_100' title='bbox 1216 861 1260 886; x_wconf 89' lang='lat' dir='ltr'><strong>ac</strong></span> <span class='ocrx_word' id='word_1_101' title='bbox 1286 848 1485 888; x_wconf 85' lang='lat' dir='ltr'><strong>multarum</strong></span> <span class='ocrx_word' id='word_1_102' title='bbox 1514 862 1639 887; x_wconf 85' lang='lat' dir='ltr'><strong>rerum</strong></span> 
     </span>
     <span class='ocr_line' id='line_1_12' title="bbox 127 913 1641 968; baseline 0.001 -15"><span class='ocrx_word' id='word_1_103' title='bbox 127 928 255 968; x_wconf 88' lang='lat' dir='ltr'><strong>spem,</strong></span> <span class='ocrx_word' id='word_1_104' title='bbox 300 923 340 955; x_wconf 92' lang='lat' dir='ltr'><strong>ut</strong></span> <span class='ocrx_word' id='word_1_105' title='bbox 365 915 472 955; x_wconf 87' lang='lat' dir='ltr'><strong>initio</strong></span> <span class='ocrx_word' id='word_1_106' title='bbox 502 916 667 964; x_wconf 77' lang='lat' dir='ltr'><strong>fecerat,</strong></span> <span class='ocrx_word' id='word_1_107' title='bbox 713 915 935 954; x_wconf 89' lang='lat' dir='ltr'><strong>osteudens.</strong></span> <span class='ocrx_word' id='word_1_108' title='bbox 997 913 1098 954; x_wconf 82' lang='lat' dir='ltr'><strong>Nam</strong></span> <span class='ocrx_word' id='word_1_109' title='bbox 1125 922 1162 954; x_wconf 90' lang='lat' dir='ltr'><strong>et</strong></span> <span class='ocrx_word' id='word_1_110' title='bbox 1189 921 1276 954; x_wconf 90' lang='lat' dir='ltr'><strong>tunc</strong></span> <span class='ocrx_word' id='word_1_111' title='bbox 1304 915 1353 954; x_wconf 85' lang='lat' dir='ltr'><strong>ita</strong></span> <span class='ocrx_word' id='word_1_112' title='bbox 1381 916 1464 955; x_wconf 85' lang='lat' dir='ltr'><strong>illos</strong></span> <span class='ocrx_word' id='word_1_113' title='bbox 1492 915 1641 968; x_wconf 79' lang='lat' dir='ltr'><strong>decepit</strong></span> 
     </span>
     <span class='ocr_line' id='line_1_13' title="bbox 128 981 1813 1038; baseline 0 -17"><span class='ocrx_word' id='word_1_114' title='bbox 128 996 211 1021; x_wconf 93' lang='lat' dir='ltr'><strong>cum</strong></span> <span class='ocrx_word' id='word_1_115' title='bbox 243 983 411 1034; x_wconf 89' lang='lat' dir='ltr'><strong>diceret,</strong></span> <span class='ocrx_word' id='word_1_116' title='bbox 454 985 573 1022; x_wconf 76' lang='lat' dir='ltr'><strong>Eritis</strong></span> <span class='ocrx_word' id='word_1_117' title='bbox 596 986 696 1021; x_wconf 75' lang='lat' dir='ltr'><strong>sic-ut</strong></span> <span class='ocrx_word' id='word_1_118' title='bbox 716 985 780 1021; x_wconf 71' lang='lat' dir='ltr'><strong>dii.</strong></span> <span class='ocrx_word' id='word_1_119' title='bbox 845 981 945 1022; x_wconf 76' lang='lat' dir='ltr'><strong>Tum</strong></span> <span class='ocrx_word' id='word_1_120' title='bbox 972 983 1148 1037; x_wconf 88' lang='lat' dir='ltr'><strong>paulatim</strong></span> <span class='ocrx_word' id='word_1_121' title='bbox 1176 983 1303 1022; x_wconf 86' lang='lat' dir='ltr'><strong>varias</strong></span> <span class='ocrx_word' id='word_1_122' title='bbox 1331 997 1373 1023; x_wconf 87' lang='lat' dir='ltr'><strong>ac</strong></span> <span class='ocrx_word' id='word_1_123' title='bbox 1399 983 1561 1038; x_wconf 82' lang='lat' dir='ltr'><strong>portenti</strong></span> <span class='ocrx_word' id='word_1_124' title='bbox 1588 982 1639 1022; x_wconf 92' lang='lat' dir='ltr'><strong>si-</strong></span> <span class='ocrx_word' id='word_1_125' title='bbox 1659 995 1732 1023; x_wconf 84' lang='lat' dir='ltr'><strong>Gen.</strong></span> <span class='ocrx_word' id='word_1_126' title='bbox 1745 995 1770 1030; x_wconf 82' lang='grc'><strong>3,</strong></span> <span class='ocrx_word' id='word_1_127' title='bbox 1789 995 1813 1023; x_wconf 86' lang='lat'><strong>5.</strong></span> 
     </span>
     <span class='ocr_line' id='line_1_14' title="bbox 127 1048 1640 1105; baseline 0.001 -16"><span class='ocrx_word' id='word_1_128' title='bbox 127 1050 303 1091; x_wconf 84' lang='lat' dir='ltr'><strong>millimas</strong></span> <span class='ocrx_word' id='word_1_129' title='bbox 335 1050 390 1090; x_wconf 88' lang='lat' dir='ltr'><strong>eis</strong></span> <span class='ocrx_word' id='word_1_130' title='bbox 423 1051 573 1104; x_wconf 87' lang='lat' dir='ltr'><strong>species</strong></span> <span class='ocrx_word' id='word_1_131' title='bbox 604 1050 758 1090; x_wconf 78' lang='lat' dir='ltr'><strong>obierit.</strong></span> <span class='ocrx_word' id='word_1_132' title='bbox 822 1048 918 1091; x_wconf 88' lang='lat' dir='ltr'><strong>Cum</strong></span> <span class='ocrx_word' id='word_1_133' title='bbox 952 1050 1050 1090; x_wconf 88' lang='lat' dir='ltr'><strong>enim</strong></span> <span class='ocrx_word' id='word_1_134' title='bbox 1085 1051 1130 1090; x_wconf 88' lang='lat' dir='ltr'><strong>ab</strong></span> <span class='ocrx_word' id='word_1_135' title='bbox 1163 1065 1238 1091; x_wconf 89' lang='lat' dir='ltr'><strong>uno</strong></span> <span class='ocrx_word' id='word_1_136' title='bbox 1262 1065 1432 1105; x_wconf 88' lang='lat' dir='ltr'><strong>veroque</strong></span> <span class='ocrx_word' id='word_1_137' title='bbox 1458 1051 1527 1090; x_wconf 87' lang='lat' dir='ltr'><strong>deo</strong></span> <span class='ocrx_word' id='word_1_138' title='bbox 1556 1050 1640 1090; x_wconf 88' lang='lat' dir='ltr'><strong>illos</strong></span> 
     </span>
     <span class='ocr_line' id='line_1_15' title="bbox 127 1118 1643 1173; baseline 0.001 -16"><span class='ocrx_word' id='word_1_139' title='bbox 127 1118 354 1167; x_wconf 87' lang='lat' dir='ltr'><strong>avertisset,</strong></span> <span class='ocrx_word' id='word_1_140' title='bbox 398 1118 610 1158; x_wconf 88' lang='lat' dir='ltr'><strong>idololatria</strong></span> <span class='ocrx_word' id='word_1_141' title='bbox 636 1118 972 1172; x_wconf 88' lang='lat' dir='ltr'><strong>multipliciumque</strong></span> <span class='ocrx_word' id='word_1_142' title='bbox 998 1120 1153 1158; x_wconf 89' lang='lat' dir='ltr'><strong>deorum</strong></span> <span class='ocrx_word' id='word_1_143' title='bbox 1177 1118 1425 1173; x_wconf 85' lang='lat' dir='ltr'><strong>ineptissimis</strong></span> <span class='ocrx_word' id='word_1_144' title='bbox 1449 1118 1643 1173; x_wconf 80' lang='lat' dir='ltr'><strong>religioni-</strong></span> 
     </span>
     <span class='ocr_line' id='line_1_16' title="bbox 125 1184 1639 1241; baseline 0 -16"><span class='ocrx_word' id='word_1_145' title='bbox 125 1185 194 1225; x_wconf 90' lang='lat' dir='ltr'><strong>bus</strong></span> <span class='ocrx_word' id='word_1_146' title='bbox 220 1186 324 1225; x_wconf 89' lang='lat' dir='ltr'><strong>velut</strong></span> <span class='ocrx_word' id='word_1_147' title='bbox 352 1186 428 1225; x_wconf 78' lang='lat' dir='ltr'><strong>fetu</strong></span> <span class='ocrx_word' id='word_1_148' title='bbox 455 1187 616 1240; x_wconf 88' lang='lat' dir='ltr'><strong>quodam</strong></span> <span class='ocrx_word' id='word_1_149' title='bbox 645 1186 829 1241; x_wconf 84' lang='lat' dir='ltr'><strong>implevit.</strong></span> <span class='ocrx_word' id='word_1_150' title='bbox 893 1184 1089 1240; x_wconf 84' lang='lat' dir='ltr'><strong>Siquidem</strong></span> <span class='ocrx_word' id='word_1_151' title='bbox 1117 1187 1164 1226; x_wconf 84' lang='lat' dir='ltr'><strong>dii</strong></span> <span class='ocrx_word' id='word_1_152' title='bbox 1193 1202 1382 1241; x_wconf 85' lang='lat' dir='ltr'><strong>nunquam</strong></span> <span class='ocrx_word' id='word_1_153' title='bbox 1411 1186 1639 1237; x_wconf 88' lang='lat' dir='ltr'><strong>extiterunt,</strong></span> 
     </span>
     <span class='ocr_line' id='line_1_17' title="bbox 129 1253 1644 1303; baseline 0.002 -11"><span class='ocrx_word' id='word_1_154' title='bbox 129 1253 180 1292; x_wconf 89' lang='lat' dir='ltr'><strong>uti</strong></span> <span class='ocrx_word' id='word_1_155' title='bbox 203 1267 272 1293; x_wconf 92' lang='lat' dir='ltr'><strong>nec</strong></span> <span class='ocrx_word' id='word_1_156' title='bbox 296 1253 470 1294; x_wconf 88' lang='lat' dir='ltr'><strong>existunt</strong></span> <span class='ocrx_word' id='word_1_157' title='bbox 491 1255 601 1294; x_wconf 91' lang='lat' dir='ltr'><strong>modo</strong></span> <span class='ocrx_word' id='word_1_158' title='bbox 617 1286 626 1303; x_wconf 91' lang='lat'><strong>,</strong></span> <span class='ocrx_word' id='word_1_159' title='bbox 661 1255 726 1294; x_wconf 90' lang='lat' dir='ltr'><strong>sed</strong></span> <span class='ocrx_word' id='word_1_160' title='bbox 751 1255 844 1294; x_wconf 88' lang='lat' dir='ltr'><strong>deus</strong></span> <span class='ocrx_word' id='word_1_161' title='bbox 865 1255 1063 1295; x_wconf 82' lang='lat' dir='ltr'><strong>duntaxat.</strong></span> <span class='ocrx_word' id='word_1_162' title='bbox 1126 1253 1269 1295; x_wconf 90' lang='lat' dir='ltr'><strong>Verum</strong></span> <span class='ocrx_word' id='word_1_163' title='bbox 1296 1255 1468 1295; x_wconf 82' lang='lat' dir='ltr'><strong>insanum</strong></span> <span class='ocrx_word' id='word_1_164' title='bbox 1489 1255 1644 1295; x_wconf 87' lang='lat' dir='ltr'><strong>simula-</strong></span> 
     </span>
     <span class='ocr_line' id='line_1_18' title="bbox 128 1321 1644 1373; baseline 0.001 -13"><span class='ocrx_word' id='word_1_165' title='bbox 128 1334 278 1360; x_wconf 82' lang='lat' dir='ltr'><strong>crorum</strong></span> <span class='ocrx_word' id='word_1_166' title='bbox 306 1321 469 1373; x_wconf 82' lang='lat' dir='ltr'><strong>cultum,</strong></span> <span class='ocrx_word' id='word_1_167' title='bbox 516 1336 560 1362; x_wconf 89' lang='lat' dir='ltr'><strong>ac</strong></span> <span class='ocrx_word' id='word_1_168' title='bbox 584 1323 740 1362; x_wconf 86' lang='lat' dir='ltr'><strong>deorum</strong></span> <span class='ocrx_word' id='word_1_169' title='bbox 767 1323 1041 1363; x_wconf 80' lang='lat' dir='ltr'><strong>multitudinem</strong></span> <span class='ocrx_word' id='word_1_170' title='bbox 1069 1329 1105 1362; x_wconf 92' lang='lat' dir='ltr'><strong>et</strong></span> <span class='ocrx_word' id='word_1_171' title='bbox 1134 1323 1368 1362; x_wconf 83' lang='lat' dir='ltr'><strong>fraudulenta</strong></span> <span class='ocrx_word' id='word_1_172' title='bbox 1394 1322 1551 1363; x_wconf 85' lang='lat' dir='ltr'><strong>consilia</strong></span> <span class='ocrx_word' id='word_1_173' title='bbox 1578 1323 1644 1363; x_wconf 92' lang='lat' dir='ltr'><strong>du-</strong></span> 
     </span>
     <span class='ocr_line' id='line_1_19' title="bbox 127 1388 1643 1445; baseline 0.002 -17"><span class='ocrx_word' id='word_1_174' title='bbox 127 1388 212 1428; x_wconf 91' lang='lat' dir='ltr'><strong>dum</strong></span> <span class='ocrx_word' id='word_1_175' title='bbox 246 1389 342 1443; x_wconf 89' lang='lat' dir='ltr'><strong>apud</strong></span> <span class='ocrx_word' id='word_1_176' title='bbox 375 1403 417 1429; x_wconf 93' lang='lat' dir='ltr'><strong>se</strong></span> <span class='ocrx_word' id='word_1_177' title='bbox 451 1398 695 1445; x_wconf 81' lang='lat' dir='ltr'><strong>conceperat.</strong></span> <span class='ocrx_word' id='word_1_178' title='bbox 756 1388 894 1444; x_wconf 85' lang='lat' dir='ltr'><strong>Neque</strong></span> <span class='ocrx_word' id='word_1_179' title='bbox 928 1404 1020 1430; x_wconf 89' lang='lat' dir='ltr'><strong>vero</strong></span> <span class='ocrx_word' id='word_1_180' title='bbox 1047 1391 1150 1430; x_wconf 89' lang='lat' dir='ltr'><strong>solus</strong></span> <span class='ocrx_word' id='word_1_181' title='bbox 1178 1391 1263 1442; x_wconf 89' lang='lat' dir='ltr'><strong>ille,</strong></span> <span class='ocrx_word' id='word_1_182' title='bbox 1311 1392 1371 1445; x_wconf 92' lang='lat' dir='ltr'><strong>qui</strong></span> <span class='ocrx_word' id='word_1_183' title='bbox 1398 1392 1643 1431; x_wconf 85' lang='lat' dir='ltr'><strong>extrinsecus</strong></span> 
     </span>
     <span class='ocr_line' id='line_1_20' title="bbox 127 1456 1644 1513; baseline 0.001 -17"><span class='ocrx_word' id='word_1_184' title='bbox 127 1456 354 1511; x_wconf 80' lang='lat' dir='ltr'><strong>apparebat,</strong></span> <span class='ocrx_word' id='word_1_185' title='bbox 398 1471 558 1512; x_wconf 88' lang='lat' dir='ltr'><strong>serpeus</strong></span> <span class='ocrx_word' id='word_1_186' title='bbox 585 1460 676 1498; x_wconf 89' lang='lat' dir='ltr'><strong>tanti</strong></span> <span class='ocrx_word' id='word_1_187' title='bbox 704 1458 790 1498; x_wconf 86' lang='lat' dir='ltr'><strong>mali</strong></span> <span class='ocrx_word' id='word_1_188' title='bbox 817 1472 990 1498; x_wconf 82' lang='lat' dir='ltr'><strong>caussam</strong></span> <span class='ocrx_word' id='word_1_189' title='bbox 1019 1459 1165 1508; x_wconf 87' lang='lat' dir='ltr'><strong>attulit,</strong></span> <span class='ocrx_word' id='word_1_190' title='bbox 1210 1459 1274 1498; x_wconf 85' lang='lat' dir='ltr'><strong>sed</strong></span> <span class='ocrx_word' id='word_1_191' title='bbox 1302 1459 1361 1512; x_wconf 90' lang='lat' dir='ltr'><strong>qui</strong></span> <span class='ocrx_word' id='word_1_192' title='bbox 1390 1473 1456 1513; x_wconf 84' lang='lat' dir='ltr'><strong>per</strong></span> <span class='ocrx_word' id='word_1_193' title='bbox 1481 1473 1564 1498; x_wconf 89' lang='lat' dir='ltr'><strong>eum</strong></span> <span class='ocrx_word' id='word_1_194' title='bbox 1589 1459 1644 1498; x_wconf 91' lang='lat' dir='ltr'><strong>lo-</strong></span> 
     </span>
     <span class='ocr_line' id='line_1_21' title="bbox 128 1525 1644 1580; baseline 0.001 -16"><span class='ocrx_word' id='word_1_195' title='bbox 128 1525 314 1578; x_wconf 88' lang='lat' dir='ltr'><strong>quebatur</strong></span> <span class='ocrx_word' id='word_1_196' title='bbox 336 1525 432 1565; x_wconf 89' lang='lat' dir='ltr'><strong>alius</strong></span> <span class='ocrx_word' id='word_1_197' title='bbox 455 1539 639 1580; x_wconf 88' lang='lat' dir='ltr'><strong>serpens,</strong></span> <span class='ocrx_word' id='word_1_198' title='bbox 684 1526 755 1566; x_wconf 90' lang='lat' dir='ltr'><strong>boc</strong></span> <span class='ocrx_word' id='word_1_199' title='bbox 779 1532 837 1566; x_wconf 88' lang='lat' dir='ltr'><strong>est</strong></span> <span class='ocrx_word' id='word_1_200' title='bbox 861 1526 1056 1576; x_wconf 86' lang='lat' dir='ltr'><strong>diabolus,</strong></span> <span class='ocrx_word' id='word_1_201' title='bbox 1099 1527 1160 1580; x_wconf 92' lang='lat' dir='ltr'><strong>qui</strong></span> <span class='ocrx_word' id='word_1_202' title='bbox 1183 1527 1350 1566; x_wconf 90' lang='lat' dir='ltr'><strong>auditum</strong></span> <span class='ocrx_word' id='word_1_203' title='bbox 1376 1527 1447 1566; x_wconf 83' lang='lat' dir='ltr'><strong>viri</strong></span> <span class='ocrx_word' id='word_1_204' title='bbox 1474 1526 1644 1567; x_wconf 86' lang='lat' dir='ltr'><strong>mulieris</strong></span> 
     </span>
     <span class='ocr_line' id='line_1_22' title="bbox 128 1592 1646 1649; baseline 0.001 -17"><span class='ocrx_word' id='word_1_205' title='bbox 128 1606 220 1633; x_wconf 89' lang='lat' dir='ltr'><strong>usus</strong></span> <span class='ocrx_word' id='word_1_206' title='bbox 245 1606 362 1647; x_wconf 88' lang='lat' dir='ltr'><strong>opera</strong></span> <span class='ocrx_word' id='word_1_207' title='bbox 386 1593 637 1647; x_wconf 85' lang='lat' dir='ltr'><strong>perturbavit.</strong></span> <span class='ocrx_word' id='word_1_208' title='bbox 698 1592 836 1647; x_wconf 89' lang='lat' dir='ltr'><strong>Neque</strong></span> <span class='ocrx_word' id='word_1_209' title='bbox 863 1593 1004 1648; x_wconf 86' lang='lat' dir='ltr'><strong>lignum</strong></span> <span class='ocrx_word' id='word_1_210' title='bbox 1030 1595 1148 1649; x_wconf 90' lang='lat' dir='ltr'><strong>ipsum</strong></span> <span class='ocrx_word' id='word_1_211' title='bbox 1175 1601 1369 1649; x_wconf 86' lang='lat' dir='ltr'><strong>peccatum</strong></span> <span class='ocrx_word' id='word_1_212' title='bbox 1395 1595 1476 1635; x_wconf 86' lang='lat' dir='ltr'><strong>fuit.</strong></span> <span class='ocrx_word' id='word_1_213' title='bbox 1537 1593 1646 1634; x_wconf 84' lang='lat' dir='ltr'><strong>Nihil</strong></span> 
     </span>
     <span class='ocr_line' id='line_1_23' title="bbox 129 1659 1644 1717; baseline 0.002 -18"><span class='ocrx_word' id='word_1_214' title='bbox 129 1661 229 1700; x_wconf 91' lang='lat' dir='ltr'><strong>enim</strong></span> <span class='ocrx_word' id='word_1_215' title='bbox 251 1674 272 1700; x_wconf 88' lang='lat' dir='ltr'><strong>a</strong></span> <span class='ocrx_word' id='word_1_216' title='bbox 293 1661 364 1700; x_wconf 90' lang='lat' dir='ltr'><strong>deo</strong></span> <span class='ocrx_word' id='word_1_217' title='bbox 388 1661 475 1701; x_wconf 90' lang='lat' dir='ltr'><strong>mali</strong></span> <span class='ocrx_word' id='word_1_218' title='bbox 497 1660 654 1701; x_wconf 88' lang='lat' dir='ltr'><strong>seritur.</strong></span> <span class='ocrx_word' id='word_1_219' title='bbox 717 1659 794 1702; x_wconf 86' lang='lat' dir='ltr'><strong>Sed</strong></span> <span class='ocrx_word' id='word_1_220' title='bbox 816 1661 903 1702; x_wconf 91' lang='lat' dir='ltr'><strong>boni</strong></span> <span class='ocrx_word' id='word_1_221' title='bbox 927 1663 1089 1717; x_wconf 87' lang='lat' dir='ltr'><strong>malique</strong></span> <span class='ocrx_word' id='word_1_222' title='bbox 1112 1663 1367 1716; x_wconf 84' lang='lat' dir='ltr'><strong>coguitionem</strong></span> <span class='ocrx_word' id='word_1_223' title='bbox 1392 1663 1532 1716; x_wconf 85' lang='lat' dir='ltr'><strong>lignum</strong></span> <span class='ocrx_word' id='word_1_224' title='bbox 1554 1662 1644 1702; x_wconf 88' lang='lat' dir='ltr'><strong>illud</strong></span> 
     </span>
     <span class='ocr_line' id='line_1_24' title="bbox 129 1728 1642 1785; baseline 0.001 -17"><span class='ocrx_word' id='word_1_225' title='bbox 129 1728 268 1768; x_wconf 88' lang='lat' dir='ltr'><strong>attulit.</strong></span> <span class='ocrx_word' id='word_1_226' title='bbox 319 1729 373 1768; x_wconf 90' lang='lat' dir='ltr'><strong>At</strong></span> <span class='ocrx_word' id='word_1_227' title='bbox 394 1743 468 1768; x_wconf 91' lang='lat' dir='ltr'><strong>non</strong></span> <span class='ocrx_word' id='word_1_228' title='bbox 492 1742 541 1769; x_wconf 84' lang='lat' dir='ltr'><strong>ex</strong></span> <span class='ocrx_word' id='word_1_229' title='bbox 563 1743 607 1769; x_wconf 87' lang='lat' dir='ltr'><strong>ea</strong></span> <span class='ocrx_word' id='word_1_230' title='bbox 627 1729 788 1769; x_wconf 88' lang='lat' dir='ltr'><strong>scientia</strong></span> <span class='ocrx_word' id='word_1_231' title='bbox 812 1743 914 1770; x_wconf 88' lang='lat' dir='ltr'><strong>mors</strong></span> <span class='ocrx_word' id='word_1_232' title='bbox 936 1738 1008 1780; x_wconf 84' lang='lat' dir='ltr'><strong>est,</strong></span> <span class='ocrx_word' id='word_1_233' title='bbox 1036 1731 1102 1770; x_wconf 89' lang='lat' dir='ltr'><strong>sed</strong></span> <span class='ocrx_word' id='word_1_234' title='bbox 1125 1744 1173 1770; x_wconf 81' lang='lat' dir='ltr'><strong>ex</strong></span> <span class='ocrx_word' id='word_1_235' title='bbox 1198 1730 1434 1771; x_wconf 79' lang='lat' dir='ltr'><strong>contumacia</strong></span> <span class='ocrx_word' id='word_1_236' title='bbox 1458 1730 1642 1785; x_wconf 84' lang='lat' dir='ltr'><strong>profecta.</strong></span> 
     </span>
     <span class='ocr_line' id='line_1_25' title="bbox 127 1794 1646 1853; baseline 0.001 -16"><span class='ocrx_word' id='word_1_237' title='bbox 127 1794 229 1837; x_wconf 86' lang='lat' dir='ltr'><strong>Nam</strong></span> <span class='ocrx_word' id='word_1_238' title='bbox 254 1803 331 1836; x_wconf 88' lang='lat' dir='ltr'><strong>tota</strong></span> <span class='ocrx_word' id='word_1_239' title='bbox 354 1796 474 1836; x_wconf 87' lang='lat' dir='ltr'><strong>bostis</strong></span> <span class='ocrx_word' id='word_1_240' title='bbox 496 1797 557 1836; x_wconf 90' lang='lat' dir='ltr'><strong>illa</strong></span> <span class='ocrx_word' id='word_1_241' title='bbox 576 1797 765 1837; x_wconf 83' lang='lat' dir='ltr'><strong>calliditas</strong></span> <span class='ocrx_word' id='word_1_242' title='bbox 787 1812 862 1837; x_wconf 91' lang='lat' dir='ltr'><strong>non</strong></span> <span class='ocrx_word' id='word_1_243' title='bbox 886 1798 929 1837; x_wconf 90' lang='lat' dir='ltr'><strong>ad</strong></span> <span class='ocrx_word' id='word_1_244' title='bbox 955 1812 1080 1839; x_wconf 89' lang='lat' dir='ltr'><strong>escam</strong></span> <span class='ocrx_word' id='word_1_245' title='bbox 1104 1798 1338 1853; x_wconf 69' lang='lat' dir='ltr'><strong>pertinebat,</strong></span> <span class='ocrx_word' id='word_1_246' title='bbox 1372 1799 1436 1839; x_wconf 88' lang='lat' dir='ltr'><strong>sed</strong></span> <span class='ocrx_word' id='word_1_247' title='bbox 1461 1812 1506 1838; x_wconf 93' lang='lat' dir='ltr'><strong>eo</strong></span> <span class='ocrx_word' id='word_1_248' title='bbox 1528 1801 1646 1853; x_wconf 89' lang='lat' dir='ltr'><strong>potis·</strong></span> 
     </span>
     <span class='ocr_line' id='line_1_26' title="bbox 129 1864 1645 1921; baseline 0.002 -18"><span class='ocrx_word' id='word_1_249' title='bbox 129 1864 263 1904; x_wconf 91' lang='lat' dir='ltr'><strong>simum</strong></span> <span class='ocrx_word' id='word_1_250' title='bbox 287 1864 497 1918; x_wconf 84' lang='lat' dir='ltr'><strong>spectabat,</strong></span> <span class='ocrx_word' id='word_1_251' title='bbox 524 1871 563 1904; x_wconf 91' lang='lat' dir='ltr'><strong>ut</strong></span> <span class='ocrx_word' id='word_1_252' title='bbox 583 1864 668 1904; x_wconf 92' lang='lat' dir='ltr'><strong>illos</strong></span> <span class='ocrx_word' id='word_1_253' title='bbox 691 1865 735 1905; x_wconf 91' lang='lat' dir='ltr'><strong>ad</strong></span> <span class='ocrx_word' id='word_1_254' title='bbox 758 1865 974 1906; x_wconf 85' lang='lat' dir='ltr'><strong>violandum</strong></span> <span class='ocrx_word' id='word_1_255' title='bbox 996 1866 1055 1906; x_wconf 91' lang='lat' dir='ltr'><strong>dei</strong></span> <span class='ocrx_word' id='word_1_256' title='bbox 1075 1867 1289 1906; x_wconf 86' lang='lat' dir='ltr'><strong>mandatum</strong></span> <span class='ocrx_word' id='word_1_257' title='bbox 1311 1866 1538 1921; x_wconf 85' lang='lat' dir='ltr'><strong>impelleret.</strong></span> <span class='ocrx_word' id='word_1_258' title='bbox 1581 1865 1645 1906; x_wconf 86' lang='lat' dir='ltr'><strong>Ex</strong></span> 
     </span>
     <span class='ocr_line' id='line_1_27' title="bbox 130 1931 1645 1989; baseline 0.002 -18"><span class='ocrx_word' id='word_1_259' title='bbox 130 1946 203 1986; x_wconf 91' lang='lat' dir='ltr'><strong>quo</strong></span> <span class='ocrx_word' id='word_1_260' title='bbox 224 1938 301 1972; x_wconf 90' lang='lat' dir='ltr'><strong>tum</strong></span> <span class='ocrx_word' id='word_1_261' title='bbox 328 1931 465 1972; x_wconf 87' lang='lat' dir='ltr'><strong>accidit</strong></span> <span class='ocrx_word' id='word_1_262' title='bbox 488 1939 528 1972; x_wconf 93' lang='lat' dir='ltr'><strong>ut</strong></span> <span class='ocrx_word' id='word_1_263' title='bbox 552 1932 634 1985; x_wconf 85' lang='lat' dir='ltr'><strong>lege</strong></span> <span class='ocrx_word' id='word_1_264' title='bbox 659 1940 874 1987; x_wconf 86' lang='lat' dir='ltr'><strong>contempta</strong></span> <span class='ocrx_word' id='word_1_265' title='bbox 899 1948 919 1974; x_wconf 89' lang='lat' dir='ltr'><strong>e</strong></span> <span class='ocrx_word' id='word_1_266' title='bbox 944 1934 1121 1989; x_wconf 88' lang='lat' dir='ltr'><strong>paradiso</strong></span> <span class='ocrx_word' id='word_1_267' title='bbox 1145 1935 1399 1989; x_wconf 86' lang='lat' dir='ltr'><strong>pellerentur,</strong></span> <span class='ocrx_word' id='word_1_268' title='bbox 1435 1936 1645 1988; x_wconf 89' lang='lat' dir='ltr'><strong>meritoque</strong></span> 
     </span>
     <span class='ocr_line' id='line_1_28' title="bbox 129 1999 1645 2057; baseline 0.002 -18"><span class='ocrx_word' id='word_1_269' title='bbox 129 1999 434 2053; x_wconf 83' lang='lat' dir='ltr'><strong>castigarentur,</strong></span> <span class='ocrx_word' id='word_1_270' title='bbox 479 2014 552 2039; x_wconf 92' lang='lat' dir='ltr'><strong>non</strong></span> <span class='ocrx_word' id='word_1_271' title='bbox 577 2000 663 2040; x_wconf 89' lang='lat' dir='ltr'><strong>odio</strong></span> <span class='ocrx_word' id='word_1_272' title='bbox 686 2000 787 2051; x_wconf 88' lang='lat' dir='ltr'><strong>ullo,</strong></span> <span class='ocrx_word' id='word_1_273' title='bbox 820 2001 886 2041; x_wconf 86' lang='lat' dir='ltr'><strong>sed</strong></span> <span class='ocrx_word' id='word_1_274' title='bbox 912 2002 970 2041; x_wconf 87' lang='lat' dir='ltr'><strong>dei</strong></span> <span class='ocrx_word' id='word_1_275' title='bbox 996 2016 1087 2056; x_wconf 84' lang='lat' dir='ltr'><strong>erga</strong></span> <span class='ocrx_word' id='word_1_276' title='bbox 1111 2003 1194 2043; x_wconf 88' lang='lat' dir='ltr'><strong>illos</strong></span> <span class='ocrx_word' id='word_1_277' title='bbox 1218 2017 1307 2043; x_wconf 88' lang='lat' dir='ltr'><strong>cura</strong></span> <span class='ocrx_word' id='word_1_278' title='bbox 1332 2002 1645 2057; x_wconf 86' lang='lat' dir='ltr'><strong>providentiaque</strong></span> 
     </span>
     <span class='ocr_line' id='line_1_29' title="bbox 129 2065 1826 2124; baseline 0.002 -17"><span class='ocrx_word' id='word_1_279' title='bbox 129 2067 329 2121; x_wconf 83' lang='lat' dir='ltr'><strong>singulari.</strong></span> <span class='ocrx_word' id='word_1_280' title='bbox 385 2065 452 2108; x_wconf 92' lang='lat' dir='ltr'><strong>Sic</strong></span> <span class='ocrx_word' id='word_1_281' title='bbox 475 2067 574 2107; x_wconf 88' lang='lat' dir='ltr'><strong>enim</strong></span> <span class='ocrx_word' id='word_1_282' title='bbox 599 2068 772 2108; x_wconf 89' lang='lat' dir='ltr'><strong>dominus</strong></span> <span class='ocrx_word' id='word_1_283' title='bbox 791 2069 895 2123; x_wconf 90' lang='lat' dir='ltr'><strong>ipsos</strong></span> <span class='ocrx_word' id='word_1_284' title='bbox 916 2070 1140 2124; x_wconf 86' lang='lat' dir='ltr'><strong>alloquitur:</strong></span> <span class='ocrx_word' id='word_1_285' title='bbox 1179 2074 1293 2110; x_wconf 75' lang='lat' dir='ltr'><strong>Terra</strong></span> <span class='ocrx_word' id='word_1_286' title='bbox 1311 2086 1361 2118; x_wconf 79' lang='lat' dir='ltr'><strong>es,</strong></span> <span class='ocrx_word' id='word_1_287' title='bbox 1396 2079 1434 2110; x_wconf 83' lang='lat' dir='ltr'><strong>et</strong></span> <span class='ocrx_word' id='word_1_288' title='bbox 1450 2073 1486 2109; x_wconf 75' lang='lat' dir='ltr'><strong>l&#39;lz</strong></span> <span class='ocrx_word' id='word_1_289' title='bbox 1507 2079 1643 2109; x_wconf 75' lang='lat' dir='ltr'><strong>terram</strong></span> <span class='ocrx_word' id='word_1_290' title='bbox 1662 2086 1735 2114; x_wconf 84' lang='lat' dir='ltr'><strong>Gen.</strong></span> <span class='ocrx_word' id='word_1_291' title='bbox 1747 2086 1773 2122; x_wconf 82' lang='lat'><strong>3,</strong></span> <span class='ocrx_word' id='word_1_292' title='bbox 1787 2086 1826 2114; x_wconf 75' lang='lat'><strong>19.</strong></span> 
     </span>
     <span class='ocr_line' id='line_1_30' title="bbox 129 2133 1646 2190; baseline 0.002 -15"><span class='ocrx_word' id='word_1_293' title='bbox 129 2140 338 2175; x_wconf 75' lang='lat' dir='ltr'><strong>reverteris.</strong></span> <span class='ocrx_word' id='word_1_294' title='bbox 404 2133 447 2176; x_wconf 85' lang='lat' dir='ltr'><strong>Si</strong></span> <span class='ocrx_word' id='word_1_295' title='bbox 473 2136 620 2189; x_wconf 92' lang='lat' dir='ltr'><strong>quidem</strong></span> <span class='ocrx_word' id='word_1_296' title='bbox 648 2135 786 2176; x_wconf 87' lang='lat' dir='ltr'><strong>rationi</strong></span> <span class='ocrx_word' id='word_1_297' title='bbox 810 2146 1110 2179; x_wconf 86' lang='lat' dir='ltr'><strong>consentaneum</strong></span> <span class='ocrx_word' id='word_1_298' title='bbox 1141 2139 1229 2190; x_wconf 89' lang='lat' dir='ltr'><strong>fuit,</strong></span> <span class='ocrx_word' id='word_1_299' title='bbox 1264 2146 1303 2179; x_wconf 92' lang='lat' dir='ltr'><strong>ut</strong></span> <span class='ocrx_word' id='word_1_300' title='bbox 1325 2138 1388 2178; x_wconf 88' lang='lat' dir='ltr'><strong>ille</strong></span> <span class='ocrx_word' id='word_1_301' title='bbox 1414 2152 1530 2179; x_wconf 86' lang='lat' dir='ltr'><strong>verus</strong></span> <span class='ocrx_word' id='word_1_302' title='bbox 1555 2138 1646 2178; x_wconf 88' lang='lat' dir='ltr'><strong>arti-</strong></span> 
     </span>
     <span class='ocr_line' id='line_1_31' title="bbox 130 2203 1645 2261; baseline 0.001 -18"><span class='ocrx_word' id='word_1_303' title='bbox 130 2204 219 2255; x_wconf 86' lang='lat' dir='ltr'><strong>fex,</strong></span> <span class='ocrx_word' id='word_1_304' title='bbox 253 2203 354 2258; x_wconf 84' lang='lat' dir='ltr'><strong>figuti</strong></span> <span class='ocrx_word' id='word_1_305' title='bbox 378 2203 521 2254; x_wconf 88' lang='lat' dir='ltr'><strong>instar,</strong></span> <span class='ocrx_word' id='word_1_306' title='bbox 556 2205 682 2258; x_wconf 87' lang='lat' dir='ltr'><strong>operis</strong></span> <span class='ocrx_word' id='word_1_307' title='bbox 709 2205 789 2244; x_wconf 91' lang='lat' dir='ltr'><strong>eius</strong></span> <span class='ocrx_word' id='word_1_308' title='bbox 813 2219 856 2245; x_wconf 91' lang='lat' dir='ltr'><strong>ac</strong></span> <span class='ocrx_word' id='word_1_309' title='bbox 879 2206 982 2247; x_wconf 85' lang='lat' dir='ltr'><strong>vasis</strong></span> <span class='ocrx_word' id='word_1_310' title='bbox 1006 2208 1103 2261; x_wconf 86' lang='lat' dir='ltr'><strong>quod</strong></span> <span class='ocrx_word' id='word_1_311' title='bbox 1128 2207 1301 2247; x_wconf 85' lang='lat' dir='ltr'><strong>manibus</strong></span> <span class='ocrx_word' id='word_1_312' title='bbox 1326 2209 1489 2246; x_wconf 83' lang='lat' dir='ltr'><strong>finxerat</strong></span> <span class='ocrx_word' id='word_1_313' title='bbox 1515 2220 1645 2246; x_wconf 85' lang='lat' dir='ltr'><strong>curam</strong></span> 
     </span>
     <span class='ocr_line' id='line_1_32' title="bbox 130 2271 1645 2329; baseline 0.001 -18"><span class='ocrx_word' id='word_1_314' title='bbox 130 2286 293 2326; x_wconf 87' lang='lat' dir='ltr'><strong>gerens,</strong></span> <span class='ocrx_word' id='word_1_315' title='bbox 325 2271 486 2325; x_wconf 87' lang='lat' dir='ltr'><strong>idipsum</strong></span> <span class='ocrx_word' id='word_1_316' title='bbox 510 2285 560 2311; x_wconf 81' lang='lat' dir='ltr'><strong>ex</strong></span> <span class='ocrx_word' id='word_1_317' title='bbox 587 2273 780 2326; x_wconf 85' lang='lat' dir='ltr'><strong>praecepti</strong></span> <span class='ocrx_word' id='word_1_318' title='bbox 804 2274 1012 2315; x_wconf 87' lang='lat' dir='ltr'><strong>violatione</strong></span> <span class='ocrx_word' id='word_1_319' title='bbox 1036 2275 1296 2326; x_wconf 86' lang='lat' dir='ltr'><strong>imminutum,</strong></span> <span class='ocrx_word' id='word_1_320' title='bbox 1331 2274 1506 2329; x_wconf 88' lang='lat' dir='ltr'><strong>quamdiu</strong></span> <span class='ocrx_word' id='word_1_321' title='bbox 1532 2274 1645 2314; x_wconf 86' lang='lat' dir='ltr'><strong>molle</strong></span> 
     </span>
     <span class='ocr_line' id='line_1_33' title="bbox 131 2339 1644 2397; baseline 0.003 -19"><span class='ocrx_word' id='word_1_322' title='bbox 131 2340 276 2389; x_wconf 89' lang='lat' dir='ltr'><strong>adbuc,</strong></span> <span class='ocrx_word' id='word_1_323' title='bbox 309 2347 348 2379; x_wconf 91' lang='lat' dir='ltr'><strong>ut</strong></span> <span class='ocrx_word' id='word_1_324' title='bbox 371 2340 420 2379; x_wconf 86' lang='lat' dir='ltr'><strong>ita</strong></span> <span class='ocrx_word' id='word_1_325' title='bbox 443 2339 629 2390; x_wconf 76' lang='lat' dir='ltr'><strong>dixerIm,</strong></span> <span class='ocrx_word' id='word_1_326' title='bbox 662 2340 780 2380; x_wconf 92' lang='lat' dir='ltr'><strong>lutum</strong></span> <span class='ocrx_word' id='word_1_327' title='bbox 803 2349 899 2392; x_wconf 89' lang='lat' dir='ltr'><strong>erat,</strong></span> <span class='ocrx_word' id='word_1_328' title='bbox 933 2350 1044 2397; x_wconf 87' lang='lat' dir='ltr'><strong>atque</strong></span> <span class='ocrx_word' id='word_1_329' title='bbox 1070 2357 1118 2383; x_wconf 80' lang='lat' dir='ltr'><strong>ex</strong></span> <span class='ocrx_word' id='word_1_330' title='bbox 1145 2344 1278 2383; x_wconf 85' lang='lat' dir='ltr'><strong>fissura</strong></span> <span class='ocrx_word' id='word_1_331' title='bbox 1303 2344 1459 2397; x_wconf 91' lang='lat' dir='ltr'><strong>quadam</strong></span> <span class='ocrx_word' id='word_1_332' title='bbox 1484 2357 1528 2383; x_wconf 87' lang='lat' dir='ltr'><strong>ac</strong></span> <span class='ocrx_word' id='word_1_333' title='bbox 1551 2343 1644 2383; x_wconf 86' lang='lat' dir='ltr'><strong>rima</strong></span> 
     </span>
     <span class='ocr_line' id='line_1_34' title="bbox 132 2408 1645 2466; baseline 0.002 -19"><span class='ocrx_word' id='word_1_334' title='bbox 132 2408 318 2463; x_wconf 87' lang='lat' dir='ltr'><strong>perfluere</strong></span> <span class='ocrx_word' id='word_1_335' title='bbox 342 2415 544 2462; x_wconf 89' lang='lat' dir='ltr'><strong>coeperat,</strong></span> <span class='ocrx_word' id='word_1_336' title='bbox 579 2422 653 2447; x_wconf 92' lang='lat' dir='ltr'><strong>non</strong></span> <span class='ocrx_word' id='word_1_337' title='bbox 675 2409 727 2448; x_wconf 88' lang='lat' dir='ltr'><strong>ita</strong></span> <span class='ocrx_word' id='word_1_338' title='bbox 749 2409 995 2462; x_wconf 87' lang='lat' dir='ltr'><strong>destitueret,</strong></span> <span class='ocrx_word' id='word_1_339' title='bbox 1028 2412 1094 2452; x_wconf 91' lang='lat' dir='ltr'><strong>sed</strong></span> <span class='ocrx_word' id='word_1_340' title='bbox 1119 2412 1156 2451; x_wconf 93' lang='lat' dir='ltr'><strong>in</strong></span> <span class='ocrx_word' id='word_1_341' title='bbox 1181 2412 1376 2466; x_wconf 88' lang='lat' dir='ltr'><strong>pristinam</strong></span> <span class='ocrx_word' id='word_1_342' title='bbox 1400 2424 1559 2450; x_wconf 85' lang='lat' dir='ltr'><strong>massam</strong></span> <span class='ocrx_word' id='word_1_343' title='bbox 1584 2424 1645 2450; x_wconf 90' lang='lat' dir='ltr'><strong>re-</strong></span> 
     </span>
     <span class='ocr_line' id='line_1_35' title="bbox 132 2475 1644 2531; baseline 0.002 -16"><span class='ocrx_word' id='word_1_344' title='bbox 132 2476 300 2529; x_wconf 86' lang='lat' dir='ltr'><strong>digeret,</strong></span> <span class='ocrx_word' id='word_1_345' title='bbox 343 2482 383 2515; x_wconf 92' lang='lat' dir='ltr'><strong>ut</strong></span> <span class='ocrx_word' id='word_1_346' title='bbox 406 2475 442 2515; x_wconf 91' lang='lat' dir='ltr'><strong>in</strong></span> <span class='ocrx_word' id='word_1_347' title='bbox 466 2475 675 2516; x_wconf 85' lang='lat' dir='ltr'><strong>instaurata</strong></span> <span class='ocrx_word' id='word_1_348' title='bbox 700 2476 762 2516; x_wconf 84' lang='lat' dir='ltr'><strong>illa</strong></span> <span class='ocrx_word' id='word_1_349' title='bbox 783 2479 1054 2531; x_wconf 82' lang='lat' dir='ltr'><strong>generatione,</strong></span> <span class='ocrx_word' id='word_1_350' title='bbox 1097 2479 1167 2519; x_wconf 89' lang='lat' dir='ltr'><strong>boc</strong></span> <span class='ocrx_word' id='word_1_351' title='bbox 1193 2487 1253 2519; x_wconf 85' lang='lat' dir='ltr'><strong>est.</strong></span> <span class='ocrx_word' id='word_1_352' title='bbox 1278 2487 1511 2519; x_wconf 88' lang='lat' dir='ltr'><strong>mortuorum</strong></span> <span class='ocrx_word' id='word_1_353' title='bbox 1537 2479 1644 2518; x_wconf 88' lang='lat' dir='ltr'><strong>exci-</strong></span> 
     </span>
     <span class='ocr_line' id='line_1_36' title="bbox 130 2543 1639 2601; baseline 0.002 -18"><span class='ocrx_word' id='word_1_354' title='bbox 130 2543 298 2594; x_wconf 84' lang='lat' dir='ltr'><strong>tatione,</strong></span> <span class='ocrx_word' id='word_1_355' title='bbox 339 2557 407 2583; x_wconf 84' lang='lat' dir='ltr'><strong>vas</strong></span> <span class='ocrx_word' id='word_1_356' title='bbox 433 2543 523 2584; x_wconf 89' lang='lat' dir='ltr'><strong>illud</strong></span> <span class='ocrx_word' id='word_1_357' title='bbox 552 2544 715 2598; x_wconf 87' lang='lat' dir='ltr'><strong>priorem</strong></span> <span class='ocrx_word' id='word_1_358' title='bbox 747 2545 791 2585; x_wconf 90' lang='lat' dir='ltr'><strong>ad</strong></span> <span class='ocrx_word' id='word_1_359' title='bbox 819 2546 1132 2599; x_wconf 85' lang='lat' dir='ltr'><strong>pulchritudinem</strong></span> <span class='ocrx_word' id='word_1_360' title='bbox 1160 2548 1396 2601; x_wconf 87' lang='lat' dir='ltr'><strong>nitoremque</strong></span> <span class='ocrx_word' id='word_1_361' title='bbox 1423 2553 1639 2597; x_wconf 87' lang='lat' dir='ltr'><strong>revocaret,</strong></span> 
     </span>
     <span class='ocr_line' id='line_1_37' title="bbox 131 2611 1642 2669; baseline 0.003 -19"><span class='ocrx_word' id='word_1_362' title='bbox 131 2611 207 2651; x_wconf 91' lang='lat' dir='ltr'><strong>imo</strong></span> <span class='ocrx_word' id='word_1_363' title='bbox 239 2611 377 2665; x_wconf 85' lang='lat' dir='ltr'><strong>aliquid</strong></span> <span class='ocrx_word' id='word_1_364' title='bbox 414 2611 448 2651; x_wconf 90' lang='lat' dir='ltr'><strong>ei</strong></span> <span class='ocrx_word' id='word_1_365' title='bbox 481 2612 637 2666; x_wconf 89' lang='lat' dir='ltr'><strong>insuper</strong></span> <span class='ocrx_word' id='word_1_366' title='bbox 665 2612 862 2654; x_wconf 88' lang='lat' dir='ltr'><strong>adiiceret.</strong></span> <span class='ocrx_word' id='word_1_367' title='bbox 925 2612 1035 2668; x_wconf 81' lang='lat' dir='ltr'><strong>Quod</strong></span> <span class='ocrx_word' id='word_1_368' title='bbox 1067 2616 1111 2655; x_wconf 90' lang='lat' dir='ltr'><strong>de</strong></span> <span class='ocrx_word' id='word_1_369' title='bbox 1139 2629 1267 2655; x_wconf 87' lang='lat' dir='ltr'><strong>eorum</strong></span> <span class='ocrx_word' id='word_1_370' title='bbox 1295 2615 1517 2669; x_wconf 90' lang='lat' dir='ltr'><strong>corporibus</strong></span> <span class='ocrx_word' id='word_1_371' title='bbox 1545 2616 1642 2655; x_wconf 86' lang='lat' dir='ltr'><strong>acci-</strong></span> 
     </span>
     <span class='ocr_line' id='line_1_38' title="bbox 133 2679 1641 2738; baseline 0.003 -20"><span class='ocrx_word' id='word_1_372' title='bbox 133 2679 306 2732; x_wconf 89' lang='lat' dir='ltr'><strong>piendum</strong></span> <span class='ocrx_word' id='word_1_373' title='bbox 335 2686 394 2719; x_wconf 89' lang='lat' dir='ltr'><strong>est</strong></span> <span class='ocrx_word' id='word_1_374' title='bbox 419 2679 482 2733; x_wconf 89' lang='lat' dir='ltr'><strong>qui</strong></span> <span class='ocrx_word' id='word_1_375' title='bbox 507 2687 592 2733; x_wconf 89' lang='lat' dir='ltr'><strong>post</strong></span> <span class='ocrx_word' id='word_1_376' title='bbox 615 2680 805 2720; x_wconf 88' lang='lat' dir='ltr'><strong>horrenda</strong></span> <span class='ocrx_word' id='word_1_377' title='bbox 829 2682 975 2723; x_wconf 86' lang='lat' dir='ltr'><strong>scelera</strong></span> <span class='ocrx_word' id='word_1_378' title='bbox 1005 2683 1237 2738; x_wconf 89' lang='lat' dir='ltr'><strong>poenitentia</strong></span> <span class='ocrx_word' id='word_1_379' title='bbox 1264 2683 1364 2723; x_wconf 88' lang='lat' dir='ltr'><strong>ducti</strong></span> <span class='ocrx_word' id='word_1_380' title='bbox 1390 2689 1428 2723; x_wconf 89' lang='lat' dir='ltr'><strong>et</strong></span> <span class='ocrx_word' id='word_1_381' title='bbox 1449 2697 1469 2723; x_wconf 86' lang='lat' dir='ltr'><strong>a</strong></span> <span class='ocrx_word' id='word_1_382' title='bbox 1494 2683 1641 2723; x_wconf 89' lang='lat' dir='ltr'><strong>delictis</strong></span> 
     </span>
     <span class='ocr_line' id='line_1_39' title="bbox 132 2745 1643 2805; baseline 0.005 -20"><span class='ocrx_word' id='word_1_383' title='bbox 132 2747 327 2796; x_wconf 86' lang='lat' dir='ltr'><strong>revocati,</strong></span> <span class='ocrx_word' id='word_1_384' title='bbox 359 2746 397 2786; x_wconf 91' lang='lat' dir='ltr'><strong>iu</strong></span> <span class='ocrx_word' id='word_1_385' title='bbox 425 2745 514 2787; x_wconf 90' lang='lat' dir='ltr'><strong>lesu</strong></span> <span class='ocrx_word' id='word_1_386' title='bbox 537 2745 681 2788; x_wconf 87' lang='lat' dir='ltr'><strong>Christi</strong></span> <span class='ocrx_word' id='word_1_387' title='bbox 707 2748 847 2789; x_wconf 88' lang='lat' dir='ltr'><strong>domini</strong></span> <span class='ocrx_word' id='word_1_388' title='bbox 874 2751 994 2791; x_wconf 90' lang='lat' dir='ltr'><strong>nostri</strong></span> <span class='ocrx_word' id='word_1_389' title='bbox 1021 2751 1239 2805; x_wconf 88' lang='lat' dir='ltr'><strong>cognitione</strong></span> <span class='ocrx_word' id='word_1_390' title='bbox 1266 2752 1422 2805; x_wconf 79' lang='lat' dir='ltr'><strong>perfecti</strong></span> <span class='ocrx_word' id='word_1_391' title='bbox 1450 2760 1560 2804; x_wconf 69' lang='lat' dir='ltr'><strong>sunt,</strong></span> <span class='ocrx_word' id='word_1_392' title='bbox 1603 2760 1643 2793; x_wconf 91' lang='lat' dir='ltr'><strong>ut</strong></span> 
     </span>
     <span class='ocr_line' id='line_1_40' title="bbox 133 2813 1642 2873; baseline 0.005 -20"><span class='ocrx_word' id='word_1_393' title='bbox 133 2813 194 2853; x_wconf 85' lang='lat' dir='ltr'><strong>illa</strong></span> <span class='ocrx_word' id='word_1_394' title='bbox 216 2814 261 2855; x_wconf 92' lang='lat' dir='ltr'><strong>de</strong></span> <span class='ocrx_word' id='word_1_395' title='bbox 283 2821 386 2855; x_wconf 87' lang='lat' dir='ltr'><strong>terra</strong></span> <span class='ocrx_word' id='word_1_396' title='bbox 410 2829 536 2856; x_wconf 85' lang='lat' dir='ltr'><strong>massa</strong></span> <span class='ocrx_word' id='word_1_397' title='bbox 558 2816 682 2855; x_wconf 90' lang='lat' dir='ltr'><strong>denuo</strong></span> <span class='ocrx_word' id='word_1_398' title='bbox 703 2825 893 2871; x_wconf 88' lang='lat' dir='ltr'><strong>resurgat,</strong></span> <span class='ocrx_word' id='word_1_399' title='bbox 920 2819 1076 2873; x_wconf 88' lang='lat' dir='ltr'><strong>argillae</strong></span> <span class='ocrx_word' id='word_1_400' title='bbox 1097 2819 1218 2859; x_wconf 86' lang='lat' dir='ltr'><strong>instar</strong></span> <span class='ocrx_word' id='word_1_401' title='bbox 1236 2833 1331 2873; x_wconf 89' lang='lat' dir='ltr'><strong>quae</strong></span> <span class='ocrx_word' id='word_1_402' title='bbox 1351 2819 1506 2861; x_wconf 81' lang='lat' dir='ltr'><strong>artificis</strong></span> <span class='ocrx_word' id='word_1_403' title='bbox 1529 2835 1642 2861; x_wconf 90' lang='lat' dir='ltr'><strong>manu</strong></span> 
     </span>
    </p>
   </div>
   <div class='ocr_carea' id='block_1_3' title="bbox 134 2881 1642 2944">
    <p class='ocr_par' dir='ltr' id='par_1_3' title="bbox 134 2881 1642 2944">
     <span class='ocr_line' id='line_1_41' title="bbox 134 2881 1642 2944; baseline 0.005 -23"><span class='ocrx_word' id='word_1_404' title='bbox 134 2881 300 2922; x_wconf 90' lang='lat' dir='ltr'><strong>mollitur</strong></span> <span class='ocrx_word' id='word_1_405' title='bbox 326 2896 370 2923; x_wconf 92' lang='lat' dir='ltr'><strong>ac</strong></span> <span class='ocrx_word' id='word_1_406' title='bbox 395 2883 604 2937; x_wconf 89' lang='lat' dir='ltr'><strong>subigitur,</strong></span> <span class='ocrx_word' id='word_1_407' title='bbox 652 2897 773 2938; x_wconf 87' lang='lat' dir='ltr'><strong>eoque</strong></span> <span class='ocrx_word' id='word_1_408' title='bbox 798 2886 909 2926; x_wconf 90' lang='lat' dir='ltr'><strong>modo</strong></span> <span class='ocrx_word' id='word_1_409' title='bbox 935 2887 973 2927; x_wconf 92' lang='lat' dir='ltr'><strong>in</strong></span> <span class='ocrx_word' id='word_1_410' title='bbox 999 2888 1189 2941; x_wconf 88' lang='lat' dir='ltr'><strong>antiquam</strong></span> <span class='ocrx_word' id='word_1_411' title='bbox 1217 2887 1278 2927; x_wconf 88' lang='lat' dir='ltr'><strong>vel</strong></span> <span class='ocrx_word' id='word_1_412' title='bbox 1303 2887 1417 2928; x_wconf 89' lang='lat' dir='ltr'><strong>etiam</strong></span> <span class='ocrx_word' id='word_1_413' title='bbox 1444 2896 1642 2944; x_wconf 88' lang='lat' dir='ltr'><strong>praestan—</strong></span> 
     </span>
    </p>
   </div>
   <div class='ocr_carea' id='block_1_4' title="bbox 134 2949 1377 3065">
    <p class='ocr_par' dir='ltr' id='par_1_4' title="bbox 134 2949 1377 3065">
     <span class='ocr_line' id='line_1_42' title="bbox 134 2949 745 3004; baseline 0.005 -16"><span class='ocrx_word' id='word_1_414' title='bbox 134 2949 270 2989; x_wconf 88' lang='lat' dir='ltr'><strong>tiorem</strong></span> <span class='ocrx_word' id='word_1_415' title='bbox 300 2949 465 3004; x_wconf 91' lang='lat' dir='ltr'><strong>speciem</strong></span> <span class='ocrx_word' id='word_1_416' title='bbox 499 2952 745 2992; x_wconf 81' lang='lat' dir='ltr'><strong>reformetur.</strong></span> 
     </span>
     <span class='ocr_line' id='line_1_43' title="bbox 202 3014 1377 3065; baseline 0.003 -24"><span class='ocrx_word' id='word_1_417' title='bbox 202 3014 317 3051; x_wconf 87' lang='lat' dir='ltr'><strong>Corpus</strong></span> <span class='ocrx_word' id='word_1_418' title='bbox 338 3015 514 3044; x_wconf 78' lang='lat' dir='ltr'><strong>Haereseol.</strong></span> <span class='ocrx_word' id='word_1_419' title='bbox 534 3016 570 3043; x_wconf 86' lang='lat'><strong>11.</strong></span> <span class='ocrx_word' id='word_1_420' title='bbox 1326 3026 1377 3065; x_wconf 79' lang='lat'><strong>32</strong></span> 
     </span>
    </p>
   </div>
  </div>
 </body>
</html>
