2034 3267
445 198 617 230 PANAun
644 200 742 232 Anv.
766 201 986 231 HAEaEsEs
1011 201 1114 233 ΤΟΜ.
1137 203 1161 232 1.
1187 202 1266 232 ΜΒ.
1286 203 1309 233 1.
1558 197 1623 235 101

129 277 381 316 crassitudine
417 284 602 330 nugatur,
645 278 764 331 deque
797 279 952 333 pedibus
986 293 1029 318 ac
1061 280 1224 319 caeteris
1259 280 1432 321 omnibus
1468 281 1630 322 fabulam

128 344 308 396 pertexit.
370 343 429 383 Ad
461 345 552 384 haec
584 345 754 398 spiritum
785 353 956 385 sanetum
991 361 1077 386 esse
1107 349 1364 398 demonstrat,
1398 362 1497 388 sexu
1524 348 1633 388 l'emi-

128 484 277 517 montes
301 479 394 518 duos
421 486 599 518 stantem.
659 477 773 518 Mitto
799 479 964 532 reliqua,
998 494 1046 519 ne
1069 494 1199 521 eorum
1224 482 1283 535 qui
1306 482 1399 522 haee
1419 483 1633 536 intelligent

128 559 239 584 aures
273 546 432 585 anilibus
461 545 648 599 figmentis
674 545 860 599 oppleant.
923 544 1157 598 Quibusdam
1186 562 1300 601 porro
1328 550 1455 589 verbis
1488 550 1631 590 inanis-

128 612 309 666 simisqne
333 614 489 653 vocibus
515 613 673 653 subinde
695 612 827 651 eodem
849 612 887 651 in
912 613 1008 652 libro
1035 615 1159 654 fucum
1191 615 1295 665 facit,
1329 631 1412 656 cum
1435 617 1485 656 ita
1510 617 1632 671 loqui-

129 685 202 719 tur.
264 679 391 719 Nemo
414 679 765 734 interpretationem
794 686 966 732 quaerat,
999 680 1064 719 sed
1088 680 1187 720 inter
1212 683 1395 721 orandum
1422 684 1513 724 haec
1538 685 1632 725 dunc

126 754 235 785 taxat
260 749 439 800 proferat.
500 745 608 799 Quae
633 745 781 798 quidem
807 759 857 784 ex
879 744 1071 786 Hebraica
1097 747 1225 799 lingua
1256 749 1469 800 transtulit,
1503 758 1540 791 et
1570 752 1631 792 ve!

129 814 197 852 hac
228 828 278 853 ex
318 822 423 868 parte
454 812 768 867 deprehendimus
794 812 896 851 nihili
938 826 1025 852 esse
1056 813 1166 852 istius
1199 815 1361 855 hominis
1400 826 1628 858 commentat

132 879 183 919 lta
212 882 309 921 enim
333 894 441 920 orare
470 880 596 919 iubet:
641 879 763 929 Ahar,
798 879 915 928 Anid,
948 878 1072 930 Moib,
1105 879 1286 932 Nochile,
1317 880 1491 932 Daasim,
1524 885 1627 935 Aue,

130 946 306 997 Daasim,
338 946 514 996 Nochsse,
546 944 669 996 Moib‚
704 946 821 995 Anid,
856 947 977 997 Ahar,
1011 946 1157 988 Selam.
1221 947 1331 1002 Quae
1357 949 1455 989 hune
1476 964 1629 991 sensum

129 1017 347 1054 continent:
382 1013 575 1053 Transeat
597 1014 759 1053 abiectio
785 1028 804 1053 a
830 1014 999 1068 patribus
1023 1016 1117 1054 meis
1137 1023 1342 1069 propagata
1358 1048 1368 1066 ,
1402 1018 1631 1058 condemna-

129 1082 240 1121 tionis
265 1082 451 1135 ipsorum,
487 1088 522 1120 et
547 1081 847 1121 conculcationis
869 1082 1059 1135 ipsorum,
1094 1090 1131 1122 et
1154 1083 1297 1123 laboris
1321 1084 1506 1137 ipsorum,
1540 1100 1630 1125 con-

129 1149 336 1188 culcatione
369 1148 405 1187 in
439 1148 754 1188 condemnatione
791 1163 858 1203 per
891 1156 1018 1203 patres
1060 1164 1165 1190 meos
1198 1165 1248 1190 ex
1287 1151 1500 1192 abiectione
1534 1167 1630 1206 quae

128 1215 317 1268 praeteriit
337 1215 372 1254 in
397 1216 610 1269 apostolatu
632 1216 893 1270 perfeetionis.
934 1215 1044 1270 Quae
1067 1217 1191 1257 omnia
1211 1218 1247 1258 in
1271 1219 1335 1258 illo
1358 1220 1439 1273 ipso
1461 1221 1628 1273 perfecta

127 1289 211 1323 sunt
236 1282 342 1322 cuius
373 1283 430 1321 vis
462 1284 584 1323 omnis
617 1290 728 1336 atque
757 1285 860 1323 fraus
887 1283 924 1323 in
952 1283 1106 1324 nihilum
1141 1293 1197 1325 est
1223 1287 1392 1326 redacta.
1455 1285 1566 1339 Quod
1599 1289 1631 1327 si

125 1349 204 1402 quis
227 1349 461 1403 singulorum
483 1351 687 1390 verborum
713 1350 1066 1404 interpretationem
1093 1353 1225 1392 audire
1248 1353 1354 1403 velit,
1390 1368 1435 1393 ne
1457 1354 1528 1394 hoe
1548 1356 1629 1409 qui-

124 1418 204 1455 dem
230 1418 355 1456 facere
387 1417 586 1471 pigrabor,
619 1419 684 1458 sed
721 1418 766 1457 iis
791 1418 903 1457 etiam
936 1418 997 1471 qui
1028 1419 1239 1459 minutatim
1262 1421 1361 1460 scire
1384 1421 1455 1460 ista
1481 1422 1630 1462 deside-

123 1493 206 1523 rant
230 1486 382 1524 omnino
408 1484 658 1525 satisfaciam.
720 1484 838 1539 lgitur
863 1486 1023 1539 singulis
1047 1487 1205 1527 vocibus
1228 1489 1416 1542 propriam
1442 1489 1627 1543 interpre-

122 1551 301 1592 tationem
326 1552 553 1602 adscribam,
582 1567 676 1606 quae
698 1560 758 1592 est
779 1552 986 1593 eiusmodi:
1021 1554 1142 1604 Ahar,
1167 1561 1352 1604 transeat,
1382 1555 1499 1607 Anid,
1526 1556 1630 1596 abie-

123 1619 223 1668 ctio,
267 1618 397 1670 Moib,
431 1635 450 1660 a
478 1621 646 1674 patribus
681 1621 773 1659 meis
805 1628 1032 1674 propagata,
1076 1620 1264 1672 Nomine,
1299 1622 1629 1662 condenuiationis

121 1687 312 1741 ipsorum,
346 1686 528 1738 Daasim,
561 1695 600 1727 et
620 1687 917 1728 conculcationis
940 1688 1130 1741 ipsorum,
1162 1690 1272 1739 Aue,
1307 1697 1344 1729 et
1366 1690 1508 1729 laboris
1528 1691 1630 1744 ipso-

122 1769 228 1805 rum,
275 1754 455 1805 Daasim‚
490 1755 797 1810 proculcatione,
838 1754 1025 1805 Nouate,
1058 1756 1095 1795 in
1123 1757 1463 1805 condemnatione,
1502 1756 1626 1806 Moib,

122 1836 190 1876 per
212 1830 336 1877 patres
358 1837 488 1873 meos,
520 1823 643 1873 Auid,
678 1837 728 1863 ex
753 1823 989 1873 abiectione,
1022 1823 1144 1875 Ahar,
1179 1838 1274 1878 quae
1299 1825 1520 1878 praeteriit,
1553 1823 1625 1866 Se-

121 1890 217 1940 lam,
250 1890 463 1944 apostolatu
492 1890 753 1945 perfeetionis.

231 1955 430 1997 Eiusmodi
454 1965 512 1998 est
537 1956 773 1999 Ossenorum
798 1966 1092 2000 commemorata
1116 1974 1137 2000 a
1168 1960 1277 2001 nobis
1301 1960 1496 2011 haeresis,
1530 1975 1626 2014 qua<-

123 2039 205 2064 cnm
232 2023 458 2065 ludaeorum
484 2026 528 2065 ad
553 2025 662 2064 ritum
687 2025 805 2065 vitam
832 2026 984 2080 exigat,
1018 2034 1056 2066 et
1077 2027 1272 2067 sabbatum
1299 2042 1343 2068 ac
1369 2028 1627 2068 circumcisio-

122 2107 207 2132 nem
235 2099 405 2146 usurpet,
438 2092 584 2146 aliaque
610 2106 705 2145 quae
729 2093 812 2147 lege
834 2094 1145 2147 praescribuntur
1169 2095 1317 2145 omnia,
1350 2102 1477 2135 certos
1500 2102 1625 2135 tamen

122 2160 239 2200 libros
268 2159 556 2200 Nazaraeorum
592 2160 766 2214 exemplo
792 2161 983 2215 repudiat,
1027 2169 1140 2216 atque
1174 2177 1195 2202 a
1223 2177 1294 2202 sex
1327 2162 1484 2216 reliquis
1510 2163 1626 2202 sectis

122 2228 227 2267 velut
247 2227 449 2268 schismate
473 2227 699 2281 seiungitur.
741 2224 817 2268 Sed
842 2228 886 2268 ad
906 2228 1006 2269 illam
1030 2230 1197 2270 funditus
1218 2230 1487 2284 profligandam
1511 2243 1624 2269 unum

121 2294 210 2334 illud
237 2294 417 2344 sufficiet,
452 2296 547 2349 quod
576 2309 596 2333 a
620 2295 690 2334 deo
723 2295 871 2349 penitus
903 2296 1122 2337 abhorreat.
1182 2296 1335 2336 Etenim
1369 2310 1451 2336 eum
1485 2296 1625 2337 diserte

123 2362 294 2408 dominus
328 2370 478 2402 asserat
508 2362 726 2402 sacerdotes
757 2363 794 2402 in
833 2363 970 2418 templo
1006 2364 1148 2405 violare
1182 2364 1402 2414 sabbatum,
1445 2364 1531 2417 quid
1563 2371 1623 2404 est

124 2429 222 2469 aliud
246 2445 319 2483 quo
343 2430 489 2469 violare
514 2430 609 2468 diem
634 2429 734 2468 illum
759 2429 954 2481 dicuntur,
988 2432 1060 2472 nisi
1082 2432 1192 2485 quod*
1209 2431 1364 2472 sabbato
1389 2444 1500 2471 nemo
1531 2446 1625 2485 opus

125 2497 237 2536 ullum
264 2499 432 2548 faceret,
475 2505 513 2536 at
540 2497 760 2536 sacerdotes
795 2497 832 2537 in
859 2499 995 2552 templo
1030 2499 1226 2539 sacrificiis
1258 2498 1402 2552 operati
1427 2498 1624 2538 sabbatum

121 2565 333 2615 solverent,
367 2572 404 2604 et
431 2564 634 2604 hostiarum
659 2564 885 2605 mactatione
909 2566 1061 2605 assidua
1084 2567 1297 2606 violarent?
1337 2563 1413 2605 Sed
1435 2580 1507 2618 ego
1536 2566 1624 2604 hae-

123 2632 226 2671 resin
261 2632 361 2672 illam
394 2631 708 2686 praetermittam.
768 2630 866 2671 Nam
899 2639 938 2672 et
965 2632 1079 2672 Elxai
1113 2647 1247 2673 rursus
1281 2632 1353 2672 iste
1387 2646 1469 2672 eum
1505 2631 1622 2671 Ebio-

121 2699 241 2750 naeis‚
273 2699 334 2753 qni
363 2696 506 2739 Christi
530 2704 698 2752 tempora
720 2699 839 2738 secuti
862 2707 964 2749 sunt,
997 2700 1221 2740 coniunctus
1245 2708 1318 2750 est,
1346 2713 1416 2739 nec
1441 2714 1515 2739 non
1539 2714 1621 2739 cum

122 2766 397 2819 posterioribus
420 2764 658 2814 NazaraeiS,
692 2778 852 2818 eumque
873 2774 1001 2807 sectae
1026 2775 1188 2820 quatuor
1217 2774 1410 2807 auctorem
1438 2766 1508 2806 sibi
1540 2767 1622 2807 vin-

123 2877 142 2897 α
163 2870 260 2899 verbis
291 2867 337 2905 εἰς
369 2867 525 2908 >mh-fixas.
575 2867 620 2905 Cf.
641 2867 722 2896 haer.
740 2862 793 2901 64,
816 2865 845 2898 3.
938 2869 988 2900 11.
1015 2870 1136 2912 νωχελε
1159 2870 1223 2900 cod.
1248 2869 1345 2899 Venet.

125 2909 185 2947 „‘O
208 2911 244 2945 δὲ
267 2910 459 2956 βουλόμενος
484 2910 530 2948 εἰς
558 2909 680 2942 ἐκείνου
701 2910 847 2950 καῦἧκον
940 2913 988 2944 12.
1013 2915 1116 2955 δασιμ
1138 2915 1202 2945 cod.
1226 2914 1322 2944 Venet.

125 2955 179 2988 καὶ
205 2955 386 2998 προτροπὴν
414 2954 524 2996 πάσης
547 2957 697 2996 γραφῆς,
735 2952 780 2992 ὠς
806 2954 849 2988 εἰ-
940 2958 1013 2988 CAP.
1027 2959 1064 2990 V.
1080 2977 1122 2982 -
1149 2959 1176 2989 1.
1203 2960 1331 2997 Repnsui
1353 2954 1548 2999 ἀπαγορεύει
1565 2968 1619 2997 pro

124 3004 207 3040 1232,
231 3000 390 3043 ἑρμηνεὺς
413 3000 601 3042 γενέσῖαῑ·“
896 2999 1124 3045 ἀπαγορεύειν,
1149 3004 1230 3043 quod
1253 3005 1320 3034 libri
1343 3005 1477 3034 retinent.

1655 1969 1728 2010 Cap.
1758 1970 1792 1998 V.

1674 2349 1783 2376 Matth.

1692 2385 1731 2417 η,
1749 2385 1773 2411 5.
