2034 3267
460 189 637 221 PANARH
660 190 759 222 ADV.
783 190 1002 222 HAERESES
1033 190 1114 221 LlB.
1136 191 1160 223 1.
1183 191 1287 223 TOM.
1307 192 1346 223 ΙΙ.
1582 186 1649 223 141

150 268 321 320 ignotum
355 267 428 307 sibi
460 275 564 308 esset
595 269 814 308 efficerent?
877 267 1062 319 Minime,
1105 269 1249 323 inquit,
1291 269 1539 323 ignorabant,
1582 271 1659 310 imo

152 334 238 388 quid
266 334 387 374 acturi
412 343 543 375 essent
565 336 851 375 intellexerant.
912 335 992 375 Aut
1014 335 1130 389 igitur
1152 337 1195 376 ad
1219 337 1307 377 illud
1333 337 1476 377 facinus
1499 351 1659 391 aggres-

151 414 263 441 suros
293 402 388 441 istos
415 403 592 442 eoelestis
618 401 752 443 Virtus
775 401 942 451 sciebat,
984 410 1048 442 aut
1073 404 1238 442 nondum
1264 404 1424 444 sciebat.
1487 403 1658 445 Scivisse

149 469 370 521 respondet.
433 469 588 522 Quaero
611 469 737 521 itaque
763 482 849 507 num
875 468 958 508 illos
986 482 1031 508 eo
1056 470 1216 509 consilio
1242 485 1311 510 nec
1335 485 1382 510 ne
1405 479 1445 511 ut
1468 471 1538 511 hoc
1561 473 1660 511 face-

149 541 237 575 rent
258 537 497 589 produxerit.
548 535 677 588 Negat
696 548 742 573 eo
762 534 922 573 consilio
944 535 1163 588 productos.
1215 535 1319 577 Nihil
1341 539 1440 578 enim
1462 538 1535 579 nisi
1556 540 1659 593 ipsos

152 603 334 642 condidit.
395 603 449 642 At
473 603 509 643 hi
531 601 743 642 inconsulta
770 601 930 640 coelesti
957 600 1109 641 Virtute
1131 616 1173 642 se
1196 604 1240 642 ad
1264 605 1449 657 opificium
1472 606 1572 645 istud
1598 620 1660 644 ac-

150 669 370 709 cinxerunt.
431 669 537 723 Ergo
566 670 661 721 quod
696 667 836 720 Angeli
869 668 1177 719 cognoscebant,
1222 671 1400 712 coelestis
1432 671 1567 712 Virtus
1596 672 1658 712 illa

149 736 372 776 nesciebat?
431 735 465 777 0
498 735 709 775 mortalium
742 734 853 786 louge
886 735 1051 774 omnium
1086 736 1354 776 stolidissime!
1415 737 1466 777 Et
1498 740 1659 778 hominis

148 809 340 843 structura
360 803 558 851 consistet,
592 808 844 854 auctoresque
871 802 970 841 illius
995 802 1136 854 Angeli
1164 803 1244 842 eius
1272 804 1327 842 rei
1351 805 1522 844 notitiam
1547 806 1660 845 habe-

148 869 264 918 bunt,
297 877 407 923 atque
429 869 578 908 interim
603 868 724 908 virtus
750 867 815 907 illa
840 883 935 922 quae
960 870 1134 922 Angelos
1159 870 1338 924 produxit
1359 869 1395 909 in
1419 871 1658 924 ignoratione

148 937 388 977 versabitur?
445 933 547 975 Saue
580 949 759 989 perquam
793 935 862 974 lioc
892 936 1046 975 stultum
1078 944 1136 976 est
1170 951 1213 977 ac
1247 937 1466 988 ridiculum,
1511 953 1592 977 cum
1623 947 1661 979 et

150 1018 242 1057 opus
262 1003 403 1043 artifice
423 1016 492 1041 suo
514 1003 734 1055 perfectius,
765 1009 801 1041 et
820 1002 1056 1055 Angelorum
1082 1011 1277 1043 auctorem
1298 1005 1460 1057 Angelis
1483 1005 1575 1058 ipsis
1598 1008 1658 1059 qui

149 1070 335 1110 hominem
359 1069 571 1108 conflarunt
590 1068 878 1109 imbecilliorem
899 1069 1121 1110 constituat.
1167 1069 1426 1123 Quamobrem
1452 1071 1523 1111 hoc
1544 1086 1659 1112 unum

149 1135 366 1176 necessario
387 1143 579 1190 superest,
614 1143 653 1175 ut
675 1143 712 1175 te
734 1136 778 1175 ad
802 1151 916 1176 uuum
940 1138 1067 1177 onmia
1088 1139 1324 1192 eundemque
1347 1139 1581 1179 conditorem
1606 1147 1661 1179 at-

149 1217 220 1258 que
249 1203 293 1242 ad
323 1202 555 1255 singularem
584 1202 834 1257 principatum
865 1205 1011 1244 referre
1043 1206 1204 1245 fateare.

251 1268 405 1309 Etenim
436 1270 529 1309 deus
560 1277 668 1324 pater
691 1271 883 1311 hominem
907 1286 990 1311 cum
1019 1273 1183 1312 caeteris
1210 1273 1383 1313 omnibus
1409 1280 1544 1328 suopte
1569 1281 1661 1314 nutu
1686 1278 1764 1321 Cap·
1786 1280 1824 1311 V.

145 1350 189 1376 ac
209 1335 404 1377 voluntate
427 1338 666 1390 procreavit,
700 1352 775 1377 non
798 1339 962 1392 AngeH,
997 1354 1120 1393 neque
1144 1354 1196 1379 ex
1221 1340 1458 1393 Angelorum
1482 1342 1656 1381 consilio.

143 1401 247 1443 Nam
280 1417 364 1443 cum
396 1405 489 1444 deus
522 1405 575 1444 ita
604 1405 754 1444 locutus
787 1413 869 1445 est:
911 1409 1105 1445 Faciamus
1135 1409 1334 1454 hominem,
1377 1411 1443 1446 Ad
1468 1411 1660 1459 imaginem

142 1478 326 1518 noslram,
361 1471 479 1522 dixit,
514 1486 588 1511 non
618 1475 684 1511 Ad
707 1476 900 1523 imaginem
927 1474 1126 1513 duntaxat.
1190 1473 1340 1528 Quippe
1369 1476 1412 1514 ad
1442 1475 1550 1515 huius
1580 1476 1661 1530 opi-

142 1536 218 1577 ficii
247 1539 550 1578 communionem
581 1540 738 1579 verbum
770 1554 878 1579 suum
911 1542 1149 1594 eundemque
1178 1541 1293 1581 filium
1326 1543 1474 1582 unicum
1507 1543 1660 1583 adhihe-

143 1605 228 1655 bat,
272 1612 404 1659 estque
434 1607 644 1646 communis
674 1607 745 1646 iste
778 1607 942 1646 fidelium
966 1608 1130 1647 omnium
1158 1623 1295 1648 seusus
1327 1623 1346 1648 a
1379 1610 1541 1650 veritate
1573 1624 1660 1664 pro-

145 1673 291 1722 fectus,
333 1687 492 1726 quacum
524 1674 811 1714 accuratissime
839 1675 1041 1725 convenit,
1086 1676 1121 1714 id
1156 1677 1254 1729 quod
1284 1677 1368 1716 aliis
1403 1677 1659 1731 compluribus

146 1739 240 1780 locis
263 1741 465 1781 manifeste
486 1755 530 1780 ac
552 1742 700 1795 prolixe
725 1755 856 1780 sumus
881 1742 1064 1794 professi:
1100 1743 1275 1783 nimirum
1298 1743 1412 1783 lilium
1440 1758 1460 1783 a
1483 1752 1590 1798 patre
1614 1746 1659 1783 ad

145 1808 398 1847 communiter
422 1810 696 1862 procreandum
726 1808 914 1848 hominem
939 1809 1092 1859 vocari,
1137 1824 1205 1863 per
1235 1824 1342 1863 quem
1374 1811 1488 1850 filium
1516 1812 1658 1865 reliqua

147 1874 271 1914 omnia
294 1875 534 1929 produxerit.
587 1874 665 1916 Sed
688 1889 809 1929 neque
834 1876 948 1915 filium
973 1877 1159 1917 duntaxat
1180 1877 1358 1918 advocari
1381 1878 1559 1930 dixerim,
1583 1879 1659 1918 imo

145 1955 240 1981 vero
268 1949 439 1981 sanctum
468 1942 579 1981 etiam
609 1943 803 1996 spiritum:
851 1945 966 1981 Verbo
995 1947 1087 1982 enim
1116 1948 1255 1984 domim·
1278 1948 1536 1997 coelifirmali
1553 1954 1652 1993 sunt,
1671 1956 1859 1991 Psalmssffffi.

146 2017 185 2048 et
203 2013 338 2060 spirita
360 2012 436 2047 oris
461 2013 538 2048 eius
564 2014 678 2048 omnis
702 2013 819 2049 virtus
844 2026 980 2053 eorum.
1046 2010 1251 2052 Caeterum
1278 2013 1360 2053 sive
1384 2020 1542 2067 sponte,
1575 2014 1658 2053 sive

147 2077 282 2116 nolens
306 2076 375 2116 hoc
399 2075 617 2117 Saturnilus
639 2077 808 2118 haeresis
829 2085 964 2118 auctor
983 2080 1180 2119 admittere
1203 2088 1377 2133 cogetur,
1404 2095 1520 2121 unum
1539 2081 1660 2120 omni-

146 2159 195 2184 no
216 2145 325 2183 deum
346 2158 388 2183 ae
407 2144 598 2183 dominum
619 2158 705 2183 esse
729 2146 961 2185 conditorem
981 2147 1249 2187 universorum
1269 2155 1304 2187 et
1323 2149 1522 2198 artificem,
1545 2148 1659 2188 adeo—

146 2225 218 2265 que
249 2212 313 2252 vel
343 2211 506 2251 hominis
534 2212 666 2265 ipsiuS.
726 2210 888 2252 Pudebit
909 2213 1066 2267 iusuper
1088 2214 1191 2254 illum
1216 2215 1320 2254 velut
1346 2216 1657 2254 calumniatorem

147 2292 278 2318 eorum
309 2292 404 2332 quae
436 2279 620 2319 adversus
655 2279 880 2332 prophetas,
922 2295 993 2321 nec
1027 2296 1102 2320 non
1131 2282 1175 2321 ad
1206 2281 1387 2321 honestas
1417 2282 1567 2336 nuptias
1593 2296 1658 2321 ne-

146 2345 328 2399 quissime
353 2347 584 2385 damnandas
611 2346 758 2385 efl'utiit.
820 2345 969 2402 Quippe
994 2349 1166 2388 dominus
1192 2355 1324 2388 noster
1349 2347 1456 2388 lesus
1480 2347 1658 2390 Christus

145 2413 185 2452 in
219 2413 419 2466 evangelio
452 2415 650 2467 perspicue
684 2414 887 2468 prophetae
923 2423 1184 2455 consentanea
1215 2416 1305 2455 dicit
1338 2429 1381 2455 ac
1414 2417 1655 2470 pronunciat,

149 2482 324 2530 Quoniam
358 2484 424 2532 qui
446 2495 515 2531 per
539 2483 739 2531 prophetas
762 2483 936 2533 loquebar
965 2497 1047 2521 ecce
1070 2486 1218 2521 adsum.-
1262 2497 1304 2523 ac
1329 2497 1506 2534 rursum,
1547 2487 1658 2523 Pater
1675 2495 1748 2521 Esai
1770 2496 1812 2531 52,
1832 2497 1856 2522 6.

147 2562 247 2586 meus
270 2561 383 2599 usque
404 2550 506 2586 modo
527 2556 713 2598 operatur,
746 2556 783 2587 et
801 2564 868 2600 ego
887 2565 1031 2601 operor.
1092 2549 1145 2591 Ut
1166 2557 1290 2590 autem
1315 2551 1401 2604 quid
1428 2558 1560 2604 ageret
1584 2558 1657 2591 tam
1675 2539 1855 2573 ¹⁰a¹¹¹¹·⁵⁷¹⁷'

148 2620 257 2668 pater
287 2614 368 2654 eius
398 2628 508 2667 quam
533 2615 614 2668 ipse
639 2614 870 2666 declararet,
914 2617 984 2657 hoc
1010 2617 1131 2672 ipsum
1161 2617 1367 2671 explicavit
1395 2618 1442 2657 iis
1474 2632 1495 2658 a
1523 2618 1657 2672 quibus

148 2681 407 2735 iuterrogatus
431 2682 555 2721 fuerat
578 2688 821 2735 oporteretne
846 2698 1006 2723 uxorem
1034 2698 1268 2737 quacumque
1295 2698 1345 2724 ex
1371 2699 1507 2725 caussa
1535 2686 1658 2725 dimit-

152 2755 254 2789 tere:
301 2752 482 2799 Quomodo
505 2752 680 2800 scriptam
709 2754 791 2788 est?
849 2753 1024 2800 Quom'am
1049 2754 1137 2790 deas
1161 2754 1336 2791 hominem
1358 2753 1471 2804 fecit,
1517 2767 1658 2792 maseu-
1670 2763 1855 2800 Matth.19‚4.

195 2883 226 2915 2.
251 2882 346 2926 μόνον
369 2886 559 2915 desideratur
577 2886 608 2915 in
628 2885 692 2915 cod.
713 2886 838 2925 Rhediy.
859 2889 884 2917 et
973 2885 1003 2918 3.
1028 2884 1127 2920 αὐτοῦ
1149 2887 1212 2918 cod.
1230 2888 1356 2927 Rhediy.
1392 2889 1478 2920 Libri
1491 2889 1581 2928 vulgyo
1600 2882 1658 2920 αὗ-

153 2928 222 2958 edit.
237 2931 335 2967 princ.
381 2931 525 2961 Pelavius
544 2932 679 2968 primum
707 2931 817 2961 adiecit
844 2940 881 2962 επ
924 2929 989 2964 τὸν.

152 2973 216 3003 cod.
236 2974 395 3006 Vaticano.
