2034 3267
520 177 696 208 PANARH
723 178 802 209 Liss.
823 179 845 210 1.
870 179 975 211 TOM.
998 179 1036 210 n.
1061 178 1189 210 HAER.
1213 179 1341 210 xxxi.
1613 171 1692 210 367

169 258 370 309 z'ushficata
394 264 450 295 est
472 259 654 307 sapientia
675 258 808 308 afile'z's
828 260 918 296 eius.
984 256 1100 297 Velut
1123 272 1142 297 a
1167 256 1283 298 Panlo
1307 272 1390 297 cum
1413 257 1588 311 scripsit,
1622 260 1693 296 Sa·
1714 265 1736 291 1.
1751 265 1816 292 Cor.
1831 266 1893 300 2),ῑὲ-

160 328 339 377 pientiam
371 326 556 376 loquimur
584 327 681 363 inter
705 326 903 377 perfectos.
968 323 1091 378 Quem
1121 325 1278 380 insuper
1303 324 1568 379 coniugiorum
1595 339 1693 379 quae

169 393 269 432 intra
293 390 474 432 Pleroma
496 399 584 432 sunt
607 392 837 432 mentionem
862 392 899 431 in
924 406 998 431 uno
1023 393 1176 441 fecisse,
1208 408 1291 433 cnm
1312 394 1356 433 de
1381 393 1571 433 hominnm
1595 393 1696 433 inter

170 474 213 500 sc
245 460 487 514 copulatione
520 460 618 500 llnnc
649 460 686 499 in
719 460 869 499 modum
900 459 1075 513 scripsit:
1119 463 1396 500 Sacramentum
1427 464 1494 500 boc
1522 476 1692 513 magnum
1713 468 1878 504 Eph.5‚32.

166 536 243 568 est.-
276 543 346 580 ego
378 543 462 568 vero
493 531 573 567 dico
604 531 641 567 in
673 530 819 567 Christo
849 535 886 566 et
911 529 1078 566 eeclesia.

280 595 463 636 loannem
496 596 637 636 domini
669 594 891 648 discipulum
918 595 1107 634 affirmant
1132 595 1290 650 primam
1319 593 1541 650 Ogdoadem
1570 598 1690 637 nomi-
1750 610 1825 652 Cap.

165 664 281 705 natim
309 665 609 705 demonstrasse.
672 661 738 703 Sic
765 662 865 702 enim
879 658 1100 716 disputant.
1163 661 1329 704 loannes
1355 663 1496 704 domini
1527 665 1689 719 discipu-
1716 655 1849 688 XXtX.

169 732 227 772 lus
252 732 418 772 omnium
443 746 570 772 rerum
594 730 780 784 originem
805 730 1000 784 explicare
1024 730 1205 785 cupiens,
1239 745 1310 784 qua
1331 745 1353 771 a
1374 729 1488 771 Patre
1511 733 1694 772 universa

171 807 374 854 procreata
396 806 500 850 sunt,
529 798 752 853 principium
775 798 906 838 statuit
927 812 947 838 a
969 798 1039 838 deo
1060 799 1247 852 genitum,
1273 812 1384 852 quem
1406 806 1443 839 et
1466 799 1579 839 filium
1601 798 1694 840 Uni-

169 868 338 921 genitum
363 875 400 907 et
422 869 531 907 deum
557 866 736 920 appellat,
771 880 838 920 per
862 879 972 919 quem
993 865 1120 906 omnia
1140 864 1259 906 Pater
1283 867 1444 920 quodam
1468 867 1586 907 veluti
1609 874 1693 907 satu

170 935 409 991 propagavit.
464 933 525 974 Ab
550 934 619 973 hoc
642 934 864 988 productum
888 947 976 974 esse
997 933 1167 975 Verbum
1190 934 1353 986 asseri13
1387 948 1455 989 per
1475 934 1575 974 istud
1598 949 1692 974 vero

167 1011 285 1044 totam
322 1006 497 1044 Aeonum
538 1008 736 1052 naturam,
782 1016 892 1055 quam
927 1003 1047 1057 ipsum
1079 1009 1214 1057 postea
1249 1001 1420 1043 Verbum
1452 1002 1689 1041 informavit.

169 1069 266 1112 Cum
291 1071 405 1125 igitur
429 1070 474 1109 de
500 1070 620 1124 prima
643 1069 895 1123 generatione
922 1084 1139 1110 sermonem
1167 1070 1364 1120 instituat,
1408 1077 1513 1109 recte
1537 1084 1559 1110 a
1583 1068 1692 1110 Prin-

169 1140 288 1194 cipio,
323 1139 394 1178 lioc
419 1144 478 1178 est
498 1136 584 1178 Deo
609 1136 818 1192 Verboque
845 1137 1004 1178 docendi
1029 1138 1176 1178 initium
1206 1138 1311 1178 fecit.
1374 1136 1428 1177 lta
1454 1152 1570 1193 porro
1595 1139 1690 1179 scri-

168 1207 243 1247 bit:
285 1209 328 1245 In
349 1208 535 1258 principio
558 1214 642 1244 erat
665 1207 840 1253 Verbum,
885 1214 920 1245 et
948 1207 1102 1245 Verbum
1128 1214 1212 1245 erat
1232 1209 1332 1258 apud
1355 1210 1491 1254 Deum,
1534 1215 1571 1246 et
1591 1210 1691 1246 Deus
1711 1220 1809 1248 toann.
1828 1223 1849 1250 1.

168 1282 252 1314 erat
276 1275 446 1313 Verbum.
510 1276 574 1313 Sic
601 1282 685 1313 crat
707 1277 745 1313 ile
771 1277 956 1326 Principio
980 1277 1080 1326 apud
1103 1278 1230 1313 Deum.
1294 1273 1501 1329 Postquam
1529 1275 1603 1315 tria
1629 1275 1692 1315 illa

167 1342 373 1393 discrevit,
408 1340 551 1391 Deum,
585 1340 818 1396 Principium
841 1349 879 1382 et
900 1341 1094 1393 Verbum,
1127 1356 1261 1382 rursus
1283 1342 1321 1383 in
1342 1357 1458 1383 unum
1481 1343 1690 1393 connectit,

164 1417 206 1450 ut
238 1410 457 1463 utriusque,
497 1407 587 1449 Filii
619 1409 798 1449 videlicet
829 1424 871 1450 ac
906 1409 1049 1460 Verbi,
1096 1412 1385 1465 productionem
1420 1411 1691 1465 amborumque

166 1491 250 1518 cum
274 1477 376 1518 inter
401 1491 466 1528 se,
500 1474 584 1517 tum'
604 1491 688 1517 cum
711 1476 826 1518 Patre
851 1478 1160 1519 coniunctionem
1184 1479 1366 1519 declaret.
1430 1476 1626 1533 Siquidem
1652 1479 1690 1518 in

161 1543 280 1585 Patre
300 1553 412 1600 atque
439 1559 489 1585 ex
509 1543 625 1586 Patre
646 1544 879 1600 Principium
901 1554 976 1596 est,
1004 1546 1042 1586 in
1062 1545 1259 1601 Principio
1284 1561 1379 1587 vero
1404 1554 1441 1587 et
1465 1561 1517 1587 ex
1539 1545 1690 1587 Princi-

166 1613 228 1668 pio
252 1611 439 1654 Verbum.
501 1612 709 1654 Praeclare
731 1614 849 1666 igitur
873 1614 991 1665 dixit,
1023 1618 1067 1654 In
1085 1619 1270 1667 principio
1292 1623 1374 1654 erat
1397 1617 1573 1663 Verbum,
1608 1623 1692 1655 erat

167 1681 268 1721 enim
290 1682 328 1721 in
348 1679 465 1732 Filio,
501 1689 553 1731 et,
589 1683 742 1721 Verbum
764 1690 848 1721 erat
862 1685 962 1734 apud
979 1686 1108 1731 Deum,
1145 1691 1228 1723 erat
1251 1684 1351 1723 enim
1378 1691 1416 1723 et
1436 1682 1688 1738 Principium,

164 1747 217 1789 Et
241 1752 340 1789 Deus
362 1757 443 1789 erat
469 1751 638 1789 Verbum.
702 1748 977 1790 Consentanee
1004 1751 1159 1791 omnino
1184 1751 1342 1792 dictum.
1405 1750 1516 1804 Quod
1543 1752 1644 1791 enim
1669 1766 1690 1792 a

166 1815 251 1857 Deo
270 1818 442 1871 genitum
465 1825 538 1869 est,
570 1816 678 1858 Deus
704 1825 778 1859 est.
841 1816 922 1868 Sic,
955 1821 1052 1858 Erat
1069 1822 1106 1858 in
1122 1822 1308 1871 prz‘nczpz'o
1328 1822 1428 1871 apud
1446 1823 1576 1867 Deum,
1604 1833 1690 1873 pro-

167 1885 357 1925 ductionis
380 1886 550 1927 ordinem
575 1887 754 1926 ostendit.
819 1889 946 1926 Omm‘a
964 1902 1036 1939 per
1056 1891 1171 1939 ipsum
1185 1889 1296 1941 facta
1317 1895 1425 1935 sunt,
1460 1896 1495 1927 et
1513 1891 1593 1927 sine
1612 1891 1689 1940 ipso

153 1955 304 2005 sactum
324 1961 382 1992 est
398 1956 504 1993 nihil.
567 1953 722 1994 Etenim
744 1952 915 1995 Verbum
938 1954 1128 2006 omnibus,
1157 1955 1220 2009 qni
1241 1963 1327 2010 post
1346 1970 1388 1996 se
1410 1963 1514 2005 sunt,
1542 1955 1690 1995 Aeoni-

164 2021 235 2062 bus
258 2022 541 2062 informationis
564 2037 608 2062 ac
630 2021 916 2077 propagationis
941 2029 1077 2063 auctor
1099 2024 1242 2063 extitit.
1306 2023 1468 2074 Verum,
1505 2025 1610 2074 Quod
1621 2024 1689 2075 sa-

165 2098 262 2129 ctum
286 2098 361 2138 est,
397 2090 543 2144 inquit,
577 2094 613 2130 z'n
637 2094 715 2142 ipso
737 2093 811 2129 vita
838 2099 942 2139 erat3
975 2091 1039 2131 ubi
1062 2099 1100 2131 et
1124 2091 1342 2145 coniugium
1367 2091 1525 2132 indicat.
1586 2089 1687 2130 Nam

165 2158 294 2198 omnia
317 2172 384 2212 per
404 2159 525 2213 ipsum
551 2159 649 2198 facta
675 2172 761 2199 esse
789 2159 892 2210 dicit,
928 2160 1043 2200 vitam
1068 2167 1193 2200 autem
1219 2159 1257 2199 in
1279 2158 1379 2213 ipso.
1441 2158 1549 2200 Haec
1572 2159 1689 2213 igitur

165 2239 262 2280 quae
284 2226 322 2266 in
346 2226 410 2266 illo
436 2227 532 2267 facta
556 2233 629 2276 est,
664 2226 816 2281 propius
842 2227 886 2267 ad
911 2228 1014 2268 illum
1037 2227 1075 2267 in
1101 2229 1183 2283 ipso
1208 2227 1375 2282 pertinet
1393 2241 1503 2281 quam
1525 2241 1569 2267 ea
1593 2241 1688 2281 quae

164 2308 233 2349 per
257 2293 381 2348 ipsum
408 2295 507 2335 facta
533 2302 635 2335 sunt.
698 2292 795 2335 Cum
819 2295 883 2335 illo
908 2296 1042 2351 quippe
1066 2303 1265 2345 versatur,
1300 2309 1344 2335 ac
1369 2309 1438 2349 per
1463 2295 1586 2350 ipsum
1611 2297 1687 2335 fru-

165 2368 248 2402 ctus
281 2362 433 2403 emittit.
497 2361 596 2403 Nam
628 2362 714 2416 quia
743 2363 869 2403 statim
894 2364 1068 2414 subiicit,
1115 2367 1169 2403 Et
1191 2367 1265 2403 vita
1288 2371 1372 2402 erat
1395 2366 1462 2402 lecoe
1485 2365 1683 2410 bominum,

160 2440 211 2470 ‘eo
234 2429 318 2484 ipso
344 2431 441 2485 quod
467 2429 671 2471 Hominem
694 2439 982 2484 commemorat,
1017 2432 1147 2472 eadem
1169 2445 1265 2471 voce
1289 2438 1327 2472 et
1346 2430 1562 2472 Ecclesiam
1584 2445 1687 2471 com-

163 2498 363 2552 plectitur,
398 2506 438 2539 nt
459 2498 625 2552 coniugii
650 2497 873 2539 societatem
892 2500 1099 2554 intelligas.
1162 2498 1265 2540 Nam
1291 2513 1340 2540 ex
1364 2498 1496 2539 Verbo
1518 2498 1687 2553 Vitaquc

164 2564 291 2606 Homo
324 2573 437 2620 atque
470 2565 650 2607 Ecclesia
678 2574 902 2608 nascuntur.
965 2566 1148 2609 Ceterum
1176 2568 1299 2608 lucem
1323 2567 1516 2608 hominum
1541 2567 1685 2607 idcirco

162 2633 279 2674 vitam
308 2633 543 2686 nominavit,
587 2635 686 2688 quod
712 2634 758 2675 ab
783 2649 827 2675 ea
852 2636 904 2676 illi
930 2636 1142 2677 collustrati
1171 2636 1270 2686 sint,
1315 2637 1413 2690 quod
1437 2635 1537 2675 idem
1560 2642 1619 2676 est
1642 2650 1686 2676 ac

205 2755 237 2790 4.
262 2757 293 2792 ἐν
310 2757 348 2793 δὲ
365 2759 408 2803 τῇ
427 2757 533 2803 ’Ap-sgr]
550 2769 628 2800 quae
645 2761 821 2792 exciderant
835 2770 900 2792 ver·
993 2761 1023 2795 7.
1048 2759 1080 2794 ἐν
1102 2762 1356 2801 praepositionem
1381 2761 1544 2793 delendam
1573 2764 1687 2794 censuit

159 2804 208 2843 ba,
231 2814 309 2844 quae
331 2809 395 2836 tam
412 2807 480 2845 ipsa
500 2807 645 2836 sententia
663 2815 756 2844 quum
779 2807 837 2837 Vel.
852 2808 902 2838 In·
947 2808 1067 2838 Bittius.

160 2850 273 2888 terpres
296 2851 454 2889 vindicat,
478 2860 515 2881 ex
539 2851 603 2881 cod.
628 2851 697 2881 Ven.
721 2853 849 2889 reposui.
993 2854 1023 2884 ὅ.
1046 2849 1211 2893 νοήματος
1235 2852 1301 2882 cod.
1326 2852 1394 2882 Ven.

204 2893 235 2924 ὁ.
262 2889 362 2927 αὐτοῦ
383 2896 471 2926 codd.
487 2896 699 2934 Ven.Rhedi9.
718 2897 789 2935 Rey.
820 2897 903 2928 Editi
993 2896 1023 2929 9.
1049 2893 1225 2939 ὀνομασίαν
1249 2897 1315 2928 οοά.
1339 2898 1409 2928 Ven.

164 2937 236 2969 libri
259 2939 369 2971 habent
393 2938 521 2973 ἑαυτοῦ.
996 2942 1045 2974 10.
1068 2941 1292 2984 πεφωτήσὸαν.
1319 2943 1385 2973 cod.
1415 2943 1483 2974 Ven.

209 2981 241 3014 6.
267 2982 355 3026 ζωὴν
379 2995 441 3017 non
463 2989 618 3025 comparet
643 2987 673 3016 in
698 2986 762 3017 cod.
788 2987 855 3017 Ven.
