2034 3267
509 178 687 210 PANARH
712 179 793 210 Lm.
809 179 832 209 1.
858 179 961 211 ToM.
978 180 1016 210 11.
1045 179 1302 210 HAER.XXX.
1582 173 1657 212 301

154 257 361 297 mitterent.
422 255 481 296 Ao
505 271 578 297 non
602 257 823 297 sacerdotes
844 257 965 297 solum
988 257 1057 297 hoc
1077 258 1176 312 ipso,
1210 259 1308 312 quod
1331 272 1377 298 ne
1402 257 1559 298 sabbato
1582 258 1663 312 qui-

152 326 234 365 dem
262 331 393 365 essent
416 324 563 375 feriati,
597 326 762 365 solutum
784 325 872 365 illud
896 324 944 365 iri
967 326 1028 365 diu
1052 333 1140 366 ante
1164 326 1501 380 praenuntiabant,
1535 328 1601 368 sed
1628 335 1664 367 et

151 392 390 433 circumcisio
423 393 505 447 ipsa
538 393 725 433 solvebat.
796 391 892 433 Cum
932 393 1029 432 enim
1069 393 1226 433 sabbato
1261 408 1355 447 puer
1387 408 1663 448 saepenumero

152 467 398 511 nasceretur,
433 460 514 500 eius
540 461 613 501 diei
636 461 858 514 religionem
882 460 1122 500 circumcisio
1146 461 1324 512 tollebat3
1358 470 1470 517 atque
1496 463 1547 503 ita
1574 464 1664 504 dua—

151 528 221 568 bus
250 527 324 569 illis
355 529 468 568 rebus
497 529 642 569 sabbati
667 528 864 581 abrogatio
886 527 1095 581 significata
1121 537 1208 568 ante
1234 530 1395 570 videtur.
1457 530 1542 571 Hoc
1563 531 1661 571 enim

152 603 315 647 constat,
350 610 415 636 eos
436 596 498 650 qui
520 603 647 637 natum
670 597 706 635 in
727 595 885 636 sabbato
910 609 1066 649 puerum
1087 595 1419 648 circumciderent,
1453 599 1536 639 sive
1561 606 1664 639 octa-

151 678 238 703 vum
263 664 360 704 diem
383 673 559 706 accurate
584 664 791 704 observare
814 663 978 713 vellent,
1022 664 1119 716 quod
1147 663 1179 703 is
1200 664 1236 703 in
1261 664 1457 706 sabbatum
1479 666 1663 707 incurris-

152 739 226 781 set,
260 733 391 772 eodem
415 732 496 787 ipso
519 731 816 780 circumcidisse,
851 744 895 770 ac
917 729 1075 784 proinde
1096 731 1222 783 operis
1241 732 1381 785 aliquid
1404 734 1545 786 egisse,
1579 735 1665 774 sah-

151 799 353 853 batumque
385 800 566 840 violasse.
637 797 706 839 Sin
740 798 947 852 abrogandi
985 797 1129 838 sabbati
1166 806 1266 839 metu
1298 799 1519 852 differrent,
1564 817 1664 843 nono

153 867 301 908 demum
325 868 384 908 die
409 865 736 907 circumcisionem
762 865 996 915 adhibuisse,
1031 873 1143 919 atque
1163 866 1274 906 huius
1297 868 1392 908 adeo
1412 869 1535 922 legem
1557 885 1665 924 prae-

153 934 399 989 stitutumque
429 935 572 974 dierum
605 941 691 973 octo
723 947 922 973 numerum
952 933 1107 973 minime
1140 935 1325 975 tenuisse.

266 1001 342 1043 Sed
373 1017 420 1042 ne
453 1002 534 1056 ipsa
566 1000 714 1055 quidem
750 1001 870 1055 prima
905 1009 988 1041 erat
1022 1002 1193 1056 perfecta
1217 1002 1481 1054 circumcisio,
1527 1019 1660 1046 verum
1729 1012 1806 1054 Cap.

153 1070 250 1124 signi
284 1070 405 1110 instar
436 1070 482 1109 ad
514 1083 644 1110 eorum
677 1083 772 1123 quae
813 1077 947 1124 postca
986 1070 1322 1124 consequebantur
1357 1073 1661 1113 recordationem
1685 1058 1848 1090 XXXIII.

154 1151 357 1188 concessa,
390 1151 433 1177 ac
458 1138 684 1191 praesertim
721 1138 768 1178 ob
796 1137 1002 1189 Abraami,
1046 1138 1100 1177 uti
1127 1138 1319 1190 diximus,
1353 1139 1662 1192 haesitationem,

155 1220 236 1245 cnm
258 1205 358 1245 illum
387 1205 479 1245 deus
505 1205 716 1260 redarguit,
748 1213 826 1246 tum
851 1207 894 1245 ad
922 1206 1078 1246 maioris
1102 1206 1225 1257 illius,
1260 1214 1373 1261 atque
1396 1209 1608 1262 aequaliter
1628 1210 1666 1249 in

152 1273 198 1313 iis
225 1273 286 1326 qui
310 1272 459 1326 quidem
486 1273 629 1327 dignati
655 1274 796 1314 fuerint
822 1273 949 1313 omnia
976 1274 1223 1328 perficientis,
1257 1275 1553 1317 adumbrandam
1573 1278 1667 1317 ima-

153 1340 293 1394 ginem.
355 1339 508 1380 Etenim
539 1341 572 1380 si
598 1341 881 1395 ingenerandae
914 1342 1127 1382 sanctitatis
1152 1342 1383 1384 coelestisve
1416 1344 1527 1398 regni
1562 1345 1667 1385 velut

152 1408 378 1448 hereditatio
409 1408 493 1448 iure
519 1409 741 1449 conferendi
767 1410 891 1463 gratia
917 1417 1019 1450 esset
1043 1410 1239 1462 instituta,
1273 1426 1513 1466 consequens
1546 1420 1663 1464 esset,

154 1473 333 1526 Sarram,
365 1490 408 1516 ac
432 1475 671 1527 Rebeccam,
714 1485 752 1516 et
776 1476 884 1517 Liam
911 1492 954 1517 ac
982 1476 1214 1528 Rachelem,
1258 1486 1295 1519 et
1322 1478 1589 1532 lochabetam,
1623 1495 1666 1521 ac

151 1542 316 1584 Mariam
337 1542 489 1598 Moysis
515 1558 710 1595 sororem,
744 1552 970 1599 ceterasque
996 1553 1147 1586 sanctas
1167 1546 1348 1587 mulieres
1373 1562 1418 1588 eo
1440 1562 1525 1589 esse
1544 1562 1664 1602 regno

153 1612 343 1666 privatas,
378 1626 449 1652 nec
472 1613 678 1653 coelestem
707 1613 807 1653 illam
838 1614 1088 1654 hereditatem
1112 1628 1224 1668 posse
1252 1629 1479 1669 capessere,
1513 1623 1666 1671 propte-

152 1694 220 1720 rea
249 1681 346 1734 quod
372 1680 556 1720 Abraami
591 1681 882 1721 circumsionem
919 1695 1104 1736 usurpare
1138 1683 1404 1736 nequiverint,
1448 1699 1583 1738 quam,
1625 1692 1666 1725 ut

152 1748 214 1788 isti
240 1749 386 1799 volunt,
421 1749 514 1789 deus
537 1749 589 1788 illi
610 1749 770 1802 largitus
795 1757 867 1790 est.
916 1748 1028 1802 Quod
1053 1749 1083 1790 si
1113 1750 1271 1790 coelesti
1294 1751 1380 1791 illae
1406 1765 1540 1805 regno,
1569 1760 1663 1792 tam-

155 1815 226 1855 etsi
251 1816 500 1857 circumcisae
525 1831 600 1857 non
634 1817 796 1868 fuerint,
837 1817 991 1858 minime
1017 1825 1246 1869 caruerunt,
1290 1819 1382 1858 nihil
1414 1819 1530 1872 igitur
1552 1822 1664 1862 modo

154 1883 278 1924 carnis
302 1884 368 1924 illa
389 1884 629 1925 circumcisio
653 1886 822 1940 prodest.
884 1884 936 1925 Et
957 1900 1051 1926 vero
1071 1886 1157 1940 quid
1182 1894 1263 1937 est,
1297 1887 1395 1941 quod
1418 1887 1544 1928 Ebion
1571 1890 1665 1930 adeo

154 1952 199 1992 de
224 1951 514 1993 circumcisione
541 1967 609 1993 sua
629 1953 836 2007 glorietur,
869 1968 953 1993 cum
969 1960 1010 2002 ,et
1031 1954 1218 1994 idolorum
1239 1954 1407 1996 cultores
1428 1963 1466 1996 et
1486 1958 1666 1998 sacerdo-

155 2027 213 2061 tes
234 2020 417 2075 Aegyptii
447 2021 596 2076 seipsos
629 2035 777 2075 quoque
812 2021 1099 2062 circumcidant.
1163 2021 1275 2076 Quod
1306 2031 1344 2063 et
1378 2022 1587 2076 Saraceni,
1631 2033 1668 2066 et

154 2086 373 2129 Ismae'litae
405 2103 449 2129 ac
472 2087 727 2140 Samaritani,
761 2087 914 2140 Iudaei,
948 2088 1142 2141 Idumaei,
1187 2097 1225 2130 et
1251 2090 1473 2133 Homeritae
1505 2094 1664 2134 faciunt.

156 2155 328 2209 Quorum
353 2156 389 2196 id
417 2157 586 2212 plerique
609 2172 684 2197 non
709 2157 833 2211 aliqua
856 2158 963 2212 lege,
997 2158 1063 2198 sed
1087 2160 1362 2200 consuetudine
1387 2161 1546 2214 quadam
1572 2162 1666 2202 citra

155 2224 268 2264 ullam
298 2223 486 2265 rationem
517 2225 742 2280 suscipiunt.

265 2290 442 2346 Denique
461 2293 661 2347 plurimum
683 2307 704 2333 a
726 2307 785 2333 me
806 2294 987 2348 temporis
1007 2294 1147 2334 insumi
1175 2308 1334 2336 necesse
1360 2295 1431 2346 sit,
1474 2297 1505 2336 si
1537 2298 1574 2337 in
1606 2311 1666 2337 re-

158 2359 332 2400 fellendis
353 2360 453 2401 illius
476 2361 586 2415 nugis
616 2360 819 2401 inhaerere
843 2362 1019 2413 voluero,
1053 2363 1115 2416 qui
1145 2363 1216 2403 hoc
1238 2378 1315 2403 uno
1337 2363 1540 2405 salvatoris
1566 2366 1665 2406 dicto

157 2429 299 2468 frustra
324 2428 477 2469 nititur:
519 2429 668 2479 Suffi'cz‘t
686 2432 864 2481 dz'sczjmdo
888 2433 925 2469 .ςί
945 2434 998 2470 sit
1015 2433 1114 2469 sicut
1134 2434 1311 2482 magister
1332 2434 1430 2480 eius,-
1464 2439 1504 2472 ut
1525 2439 1563 2473 et
1582 2433 1662 2487 ipse
1699 2431 1815 2500 Ἀξιῖῐῖὲζ

158 2503 314 2551 propter
344 2510 427 2536 eam
460 2510 569 2550 quam
606 2496 643 2536 in
681 2510 723 2537 se
747 2499 883 2537 merito
906 2495 1084 2539 Christus
1113 2499 1306 2553 expressit
1337 2499 1666 2541 circumcisionem

161 2577 268 2603 suam
301 2571 527 2618 arroganter
552 2571 732 2604 ostentet.
790 2564 1068 2606 Verumtamen
1092 2567 1270 2620 quoniam
1296 2566 1342 2607 ob
1370 2564 1513 2608 Christi
1544 2568 1668 2608 imita-

160 2631 300 2672 tionem
325 2647 370 2673 ea
393 2646 435 2673 se
459 2632 645 2672 sententia
672 2646 787 2687 pecus
817 2633 878 2673 illa
906 2634 1097 2684 defendit,
1131 2635 1258 2675 dicere
1282 2634 1378 2674 haud
1407 2636 1571 2676 verebor
1600 2651 1666 2678 ne-

162 2714 348 2754 quaqnam
379 2700 479 2740 illam
506 2714 552 2740 eo
584 2700 791 2754 pertinere.
853 2699 991 2741 Statim
1021 2702 1120 2742 enim
1150 2702 1324 2742 dominus
1352 2703 1490 2742 adiecit
1519 2718 1594 2744 non
1625 2718 1666 2745 se

163 2767 233 2808 deo
258 2768 332 2808 ista
360 2768 529 2817 dixisse,
563 2768 630 2808 sed
659 2768 704 2808 ob
736 2768 959 2822 ingruentes
985 2770 1268 2823 exagitationes
1295 2768 1598 2826 ludaeorumque
1628 2773 1666 2812 in

205 2857 236 2889 2.
261 2858 371 2901 μιαροὶ
402 2858 500 2899 ἱερεῖς
535 2868 603 2890 mea
637 2862 678 2890 est
713 2861 890 2891 emendatio.
936 2859 1028 2903 gypti
1053 2859 1329 2891 circumcisionem
1353 2859 1484 2893 habent.

162 2903 304 2935 petavius
322 2906 440 2935 volebat
457 2904 555 2946 ἱερεῖς
577 2905 763 2943 simpliciter.
806 2906 891 2936 Libri
980 2905 1011 2938 3.
1037 2906 1134 2936 Verba
1156 2904 1211 2938 καὶ
1232 2901 1274 2939 δι’
1296 2902 1395 2939 αὐτοῦ
1417 2907 1667 2948 καταλυῇεἴσαν,

163 2947 270 2979 habent
310 2952 458 2990 μιαιρεῖς.
518 2951 683 2981 cornarius
727 2952 888 2981 convertit:
933 2960 1010 2990 quae
1038 2952 1131 2991 vulgo
1160 2952 1392 2992 desiderantur,
1423 2954 1522 2992 recepi
1543 2962 1580 2984 ex
1603 2954 1667 2984 cod.

164 2992 292 3033 quando
310 2993 407 3024 etiam
426 2993 585 3026 idolatrae
605 3000 638 3025 et
659 2993 808 3026 scelerati
820 2998 885 3026 Ae·
936 2996 1091 3028 Vaticano.
