2034 3267
498 177 673 209 PANARH
699 178 778 209 Lm.
800 180 822 209 Ῐ.
847 180 952 211 ΤΟΜ.
974 181 1011 211 Π.
1049 180 1173 211 ΗΑΕΡι.
1198 181 1326 213 XXXI.
1585 173 1662 211 345

152 257 367 299 vehementi
389 256 504 297 animi
525 270 668 311 angore
689 271 732 297 ac
753 258 900 299 consilii
924 259 1051 314 inopia
1075 259 1281 314 praeditam
1303 259 1443 300 sudore
1464 273 1656 300 manasse.

154 325 217 366 Ex
241 340 314 379 quo
335 338 574 378 consequens
598 332 657 365 est
680 326 836 366 sontium
860 340 903 366 ac
920 327 1112 366 fluminum
1138 327 1321 381 liquores,
1344 341 1387 368 ac
1406 328 1541 381 siquid
1565 327 1663 367 aliud

153 401 211 435 est
231 393 411 434 dulcioris
435 406 570 447 aquae,
598 393 750 433 minime
772 407 822 433 ex
845 394 927 433 eius
949 394 1128 448 lacrymis
1150 394 1322 435 fluxisse.
1368 394 1434 435 Est
1458 395 1558 435 enim
1580 409 1665 450 per-

152 461 371 511 absurdum,
406 476 487 501 cum
514 475 585 501 una
605 461 843 515 simplexque
867 461 915 500 sit
937 461 1191 515 lacrymarum
1216 463 1392 515 qualitas,
1427 464 1568 503 salsum
1589 477 1663 503 non

153 529 277 570 minus
297 529 490 570 humorem
513 543 624 584 quam
644 529 789 569 dulcem
811 529 855 568 ad
875 529 1032 567 eandem
1054 528 1239 582 originem
1258 531 1421 580 referre,
1445 545 1527 571 cum
1549 531 1665 571 multo

153 597 202 636 sit
220 597 474 650 probabilius,
508 598 688 651 quasdam
711 610 731 636 e
753 596 932 650 lacrymis
954 609 1096 649 aquaS,
1130 609 1150 635 e
1176 597 1315 637 sudore
1338 598 1430 637 alias
1455 598 1663 639 excitatas.

152 664 203 704 Et
227 665 402 718 quoniam
428 665 571 705 calidae
596 677 744 718 quoque
770 663 906 703 alicubi
934 670 1044 712 sunt,
1080 670 1117 702 et
1136 663 1289 714 acidae,
1324 665 1524 705 videndum
1550 681 1664 720 porro

153 733 239 786 quid
265 746 381 786 agens
402 733 478 783 illa,
513 745 634 786 quave
655 745 704 771 ex
728 738 850 785 parte,
884 731 1096 770 istiusmodi
1118 745 1234 784 aquas
1257 733 1481 785 profuderit.
1545 732 1665 773 Tales

153 801 251 841 enim
279 800 541 854 quaestionum
569 811 716 852 nugae,
761 798 866 838 velut
896 798 1105 852 dignissimi
1140 799 1283 839 fructus
1314 799 1465 839 illorum
1497 800 1665 841 inventis

153 869 462 922 argumentisque
493 873 720 920 congruunt.

264 934 340 977 Sed
366 943 403 976 ut
429 936 473 976 ad
498 933 662 975 Matrem
689 933 809 987 ipsam
835 934 1003 985 redeam,
1039 935 1163 975 serunt
1186 935 1303 985 illam,
1339 949 1421 975 cum
1444 936 1515 975 iam
1538 938 1664 976 omnia
1683 949 1865 992 Cap.X1X.

154 1003 474 1058 perturbationum
498 1015 641 1056 genera
664 1001 942 1056 percurrisset,
976 1016 1093 1056 aegre
1121 1003 1270 1043 tandem
1294 1017 1481 1043 emersam
1506 1005 1550 1044 ad
1576 1004 1666 1044 illud

154 1072 301 1121 lumen,
334 1086 355 1111 a
377 1085 449 1124 quo
474 1070 654 1110 destituta
683 1071 828 1120 fuerat,
862 1071 1100 1111 exorandum
1125 1085 1212 1111 sese
1236 1072 1498 1123 convertisse,
1534 1072 1665 1113 videli-

155 1147 215 1180 cet
237 1137 446 1180 Christum.
507 1136 544 1178 Is
569 1138 606 1178 in
631 1137 808 1179 Pleroma
834 1139 1121 1188 conscendens,
1164 1153 1209 1179 ac
1237 1140 1470 1181 descendere
1496 1140 1575 1195 ipse
1600 1141 1664 1181 de-

156 1222 229 1248 nuo
255 1213 457 1260 gravatus,
492 1206 676 1246 vicarium
701 1207 772 1247 sibi
796 1205 1038 1247 Paracletum
1064 1207 1260 1258 submisit,
1295 1222 1404 1261 quem
1429 1215 1468 1248 et
1490 1206 1667 1249 Salvato-

153 1289 231 1315 rem
260 1281 422 1324 vocant,
466 1289 548 1314 cum
581 1275 704 1315 omnis
735 1276 772 1315 in
796 1275 918 1329 ipsum
945 1275 1002 1314 vis
1026 1282 1130 1316 esset
1156 1283 1364 1329 congesta,
1408 1276 1667 1330 universaque

153 1342 320 1383 eiusdem
345 1343 524 1397 potestati
552 1350 625 1382 tam
654 1357 675 1383 a
698 1341 814 1383 Patre
839 1357 950 1396 quam
974 1343 1019 1383 ab
1044 1343 1241 1384 Aeonibus
1266 1344 1467 1384 commissa
1485 1376 1494 1394 ,
1539 1352 1579 1385 ut
1601 1359 1669 1400 per

152 1410 272 1466 ipsum
292 1417 366 1450 tam
389 1425 485 1465 quae
506 1411 625 1450 videri
647 1411 767 1451 oculis
787 1418 945 1465 possent
964 1425 1072 1465 quam
1095 1425 1191 1465 quae
1213 1412 1331 1452 aciem
1353 1412 1567 1466 effugerent
1585 1412 1668 1452 uni-

150 1492 264 1520 versa
289 1478 545 1519 conderentur
566 1478 740 1519 nimirum
765 1478 930 1529 Thmui,
959 1477 1208 1529 Divinitates,
1233 1478 1543 1521 Dominationes.
1587 1480 1665 1521 Ac·
1685 1498 1800 1525 0010&

150 1553 351 1588 cesserunt
377 1553 414 1586 et
437 1544 636 1586 Paracleto
664 1547 822 1587 comites
844 1547 1021 1601 aequales
1046 1548 1147 1587 illius
1171 1547 1326 1602 Angeli.
1390 1548 1448 1588 Ad
1471 1548 1578 1588 cuius
1602 1550 1666 1589 ad·
1704 1532 1726 1567 ¹³
1748 1533 1786 1559 ιδ’

152 1621 306 1655 ventum
333 1614 548 1655 Achamoth
579 1615 721 1669 pudore
752 1615 904 1669 perfusa
940 1615 1052 1670 capiti
1082 1615 1206 1655 velum
1240 1615 1414 1656 obduxit.
1477 1616 1579 1657 Tum
1606 1618 1667 1657 ubi

150 1682 254 1723 illum
280 1697 363 1723 cum
390 1682 491 1723 omni
515 1696 584 1722 suo
610 1690 798 1736 proventu
823 1684 1046 1737 conspexit,
1081 1697 1130 1723 ex
1154 1684 1264 1724 huius
1288 1684 1503 1738 praesentia
1531 1686 1668 1725 confir-

151 1757 252 1791 mata
274 1751 318 1791 ad
341 1764 425 1791 eum
447 1750 625 1791 accurrit.
679 1750 715 1790 A
737 1765 809 1804 quo
832 1750 1027 1791 elaborata
1050 1759 1087 1791 et
1107 1752 1226 1791 efficta
1250 1766 1332 1791 cum
1355 1752 1513 1792 formam
1537 1754 1669 1807 cogni-

153 1818 289 1870 tionis,
335 1825 408 1858 tum
435 1819 548 1858 animi
574 1818 791 1858 morborum
819 1819 984 1859 omnium
1012 1819 1180 1860 remedia
1207 1819 1390 1873 percepit.
1454 1819 1563 1874 Quos
1587 1822 1667 1875 qui-

151 1887 234 1926 dem
258 1886 411 1926 morbos
431 1886 484 1927 ita
505 1886 567 1926 ille
589 1887 771 1937 secrevit,
798 1893 837 1927 ut
856 1901 930 1927 non
954 1887 1104 1942 penitus
1126 1887 1353 1941 negligeret.
1405 1887 1544 1942 Neque
1567 1889 1666 1930 enim

150 1954 254 1994 velut
276 1953 417 2009 prioris
440 1954 541 1994 illius
563 1954 680 1994 deleri
707 1955 872 1995 funditus
897 1961 1094 2009 poterant,
1128 1955 1226 2009 quod
1253 1969 1322 1995 usu
1346 1957 1556 1996 confirmati
1582 1971 1667 1997 cor-

150 2022 395 2077 roboratique
421 2023 495 2063 iam
523 2022 807 2063 occalluissent.
869 2021 975 2076 Ergo
1001 2023 1086 2063 illos
1110 2030 1283 2063 secretos
1311 2023 1482 2064 confudit
1507 2039 1550 2064 ac
1576 2025 1666 2065 den-

150 2090 251 2130 savit
283 2097 320 2130 et
349 2091 394 2130 ab
423 2097 581 2144 experte
607 2089 778 2144 corporis
804 2090 1008 2131 affectione
1039 2091 1075 2131 in
1103 2105 1327 2146 corpoream
1353 2092 1551 2132 materiam
1576 2107 1667 2133 con-

149 2158 278 2198 vertit.
340 2157 490 2198 Deinde
520 2165 691 2198 naturam
721 2158 854 2198 indidit
878 2158 1130 2213 idoneamque
1157 2160 1270 2209 fecit,
1313 2166 1351 2199 ut
1375 2160 1529 2200 conflari
1554 2168 1665 2215 atque

151 2226 346 2280 corporari
376 2233 506 2280 posset
537 2232 766 2280 naturasque
792 2226 884 2266 duas
909 2228 1097 2277 efficeret,
1138 2228 1294 2267 alteram
1320 2228 1562 2268 affectionum
1587 2243 1665 2268 ma-

151 2293 240 2344 lam,
274 2294 539 2334 conversionis
562 2294 736 2343 alteram,
770 2307 927 2348 eamque
950 2295 1234 2350 perturbatione
1259 2295 1482 2350 praeditam.
1539 2295 1663 2350 Quam

150 2361 196 2401 ob
222 2375 396 2401 caussam
420 2359 636 2411 Salvatori,
671 2361 702 2400 si
726 2361 799 2401 vim
826 2362 1032 2403 functionis
1050 2363 1151 2404 illius
1175 2363 1420 2412 consideres,
1455 2364 1664 2406 conditoris

149 2435 275 2483 partes
297 2429 522 2469 attribuunt.
585 2427 662 2468 lam
686 2428 896 2470 Achamoth
920 2431 965 2471 ab
987 2431 1087 2471 omni
1111 2431 1395 2485 perturbatione
1415 2431 1549 2482 libera,
1579 2447 1661 2472 cum

147 2496 353 2548 luminum,
395 2510 492 2550 quae
516 2511 600 2536 cum
625 2496 707 2550 ipso
732 2505 863 2548 erant,
898 2498 967 2539 hoc
990 2507 1046 2539 est
1074 2499 1251 2539 comitum
1277 2499 1537 2552 Angelorum,
1572 2514 1662 2540 con-

150 2564 431 2619 templationem
455 2578 537 2604 cum
563 2564 705 2618 ingenti
730 2565 867 2618 gaudio
893 2567 1157 2622 concepisset,
1191 2574 1303 2621 atque
1329 2568 1373 2607 ad
1395 2566 1544 2607 illorum
1571 2582 1661 2609 con-

147 2722 187 2744 τα
207 2707 237 2746 δ’
257 2707 342 2745 αὐτὰ
360 2706 478 2753 αὐτῆς,
500 2715 531 2742 ιιι
551 2715 632 2743 extat
651 2713 681 2743 in
699 2715 764 2744 cett.
784 2722 882 2745 exem-
929 2720 962 2744 et
992 2714 1188 2757 coagulasse.
1234 2714 1291 2747 τοῦ
1326 2714 1482 2758 συγχέαι,
1518 2716 1546 2746 h.
1568 2725 1590 2746 e.
1620 2718 1661 2748 ad

147 2758 217 2796 plis.
927 2761 1190 2791 commiscendum.

190 2800 223 2832 6.
249 2803 296 2833 lta
313 2803 452 2841 rescripsi
471 2811 534 2833 meo
548 2803 691 2841 periculo.
726 2803 810 2834 Libri
825 2805 881 2835 ha·
971 2804 1000 2837 Τ.
1027 2804 1284 2846 εἰςτῑεποιηκέναι
1308 2807 1372 2836 cod.
1398 2807 1466 2836 Veri.

149 2846 213 2876 benc
233 2845 381 2889 χωρήσει
401 2847 459 2880 τοῦ
483 2845 626 2890 συγχέαι.
673 2848 800 2886 Bittius,
823 2851 879 2880 Pe·
969 2849 1000 2881 8.
1026 2850 1081 2882 τοῦ
1106 2848 1233 2887 πάῖους
1255 2851 1322 2881 cod.
1346 2852 1413 2882 Ven.

147 2892 246 2922 tavius
273 2893 384 2931 aliique
414 2893 616 2931 reponendum
642 2893 793 2924 duxerunt
814 2904 879 2936 χω·
969 2892 998 2926 9.
1025 2892 1082 2927 σὺν
1103 2891 1192 2927 oui-:ni
1212 2896 1333 2934 Bittius,
1354 2897 1522 2928 Massuetus
1536 2898 1658 2937 aliique,

150 2932 198 2974 ρὶς
230 2935 382 2979 συγχέαι,
420 2947 487 2967 cum
522 2939 581 2968 Vet.
613 2938 739 2976 Interpr.
771 2938 880 2970 habeat
923 2941 1087 2971 secundum
1116 2930 1322 2979 Vet.'1nterpr.

147 2977 204 3009 sed
219 2987 441 3022 segregantem
454 2980 628 3023 separatim
641 2981 877 3014 commiscuisse
