2034 3267
451 203 627 234 PANARII
653 204 752 237 ADv.
779 203 998 235 HAERESES
1024 204 1146 236 L18.1.
1172 204 1275 236 ΤΟΜ.
1295 204 1334 236 11.
1571 198 1645 237 '135

130 282 166 321 in
193 279 308 336 Syria
334 281 502 333 degens,
538 280 770 322 Antiochiae
794 281 942 322 scilicet
968 282 1014 323 ad
1040 280 1250 336 Daphnen,
1283 282 1473 336 ingentem
1500 283 1642 324 callidi-

132 355 245 388 tatem
278 363 322 389 ac
351 348 505 388 fallendi
537 347 708 402 peritiam
739 349 776 388 in
809 348 941 388 orbem
965 349 1129 389 invexit.
1189 348 1341 389 Etenim
1373 349 1446 390 duo
1472 349 1523 390 illi
1551 364 1641 391 con-

128 415 299 470 discipuli
328 417 458 465 fuere,
492 414 679 455 Basilides
704 429 748 455 ac
773 413 1006 455 Saturnilus.
1069 414 1240 468 Quorum
1266 417 1330 456 ille
1356 417 1394 456 in
1421 417 1640 473 Aegyptum

126 483 318 536 profectus
350 483 425 523 illic
450 482 654 522 altissimas
680 481 824 521 erroris
854 482 913 521 sui
944 483 1122 522 tenebras
1149 483 1307 535 vulgare
1337 484 1522 536 instituit,
1568 483 1641 526 Sa-

128 549 291 590 turnilus
317 563 362 589 eo
387 563 496 603 quem
521 549 599 588 dixi
622 549 658 587 in
680 548 764 586 loco
786 547 961 587 habitans
983 548 1140 602 perinde
1162 563 1206 589 ac
1224 548 1444 591 Menander
1462 553 1640 592 mundum

126 616 171 656 ab
194 616 357 670 Angelis
390 618 528 656 factum
561 627 647 654 esse
677 614 934 667 praedicabat.
995 612 1206 654 Praeterea
1232 630 1345 657 unum
1375 632 1461 658 esse
1484 617 1640 659 Patrem

126 683 322 736 ignotum,
356 684 418 737 qui
441 681 639 730 Virtutes,
671 678 916 734 principatus
947 686 985 720 et
1003 678 1224 721 Potestates
1249 685 1454 724 creaverit.
1515 683 1639 726 Porro

127 750 299 801 Angelos
333 765 352 789 a
380 748 566 802 superiori
592 747 732 786 virtute
758 747 991 796 descivisse,
1032 760 1084 787 ex
1108 747 1244 800 quibus
1271 758 1415 803 septem
1443 753 1636 802 mundum,

126 824 162 856 ct
187 831 283 870 quae
309 817 447 856 mundo
475 820 564 854 sunt
589 813 865 866 comprehensa
890 813 1152 864 condiderint,
1195 815 1351 868 eiusque
1379 819 1505 857 mundi
1531 833 1638 860 suam

128 897 313 937 quemque
345 881 532 935 Angelum
568 886 715 933 partem
749 880 939 920 divisione
972 881 1164 920 sortitum.
1234 881 1402 922 Eosdem
1437 891 1561 926 tamen
1600 887 1638 926 in

126 966 237 991 unum
266 949 537 990 convenientes
561 946 688 986 aiebat
713 961 795 986 cum
827 946 865 986 in
891 961 1023 987 eorum
1046 947 1192 988 animos
1219 948 1439 999 incidisset,
1473 965 1639 993 commu-

127 1019 228 1058 niter
251 1017 436 1057 hominem
457 1014 502 1053 ad
525 1013 624 1053 illius
647 1014 851 1067 imaginem
875 1015 1072 1054 effinxisse
1093 1016 1202 1055 vocis
1225 1030 1321 1069 quae
1340 1018 1466 1057 l'urtim
1491 1032 1512 1057 e
1531 1021 1638 1060 coelo

125 1084 328 1138 prodierat.
389 1079 511 1133 Quam
544 1080 669 1120 obiter
698 1088 965 1135 conspectam,
1012 1088 1050 1121 et
1079 1082 1239 1122 subinde
1265 1091 1528 1124 recurrentem
1556 1100 1639 1126 cum

127 1152 294 1191 detinere
325 1149 478 1188 minime
509 1148 746 1202 potuissent,
789 1149 931 1188 imitari
958 1149 1150 1199 voluisse3
1195 1164 1266 1190 nec
1290 1151 1401 1191 aliam
1431 1152 1639 1193 fabricandi

126 1217 284 1258 hominis
309 1216 550 1256 occasionem
579 1215 664 1256 illos
695 1216 890 1256 habuisse.
953 1213 1051 1256 Cum
1079 1217 1180 1256 enim
1204 1231 1370 1271 superne
1394 1219 1521 1259 lumen
1548 1220 1638 1260 illud

123 1283 362 1332 emicuisset,
405 1297 451 1323 ea
480 1296 544 1323 res
574 1283 749 1336 Angelos
779 1284 884 1338 ipsos
915 1284 1122 1334 excitavit,
1164 1285 1226 1338 qui
1258 1286 1439 1326 coelestis
1466 1286 1640 1327 similitu-

121 1351 217 1391 dinis
250 1349 524 1404 exprimendae
560 1351 772 1400 desiderio,
821 1351 984 1391 bominis
1023 1351 1240 1404 figmentum
1277 1353 1475 1393 elaborare
1513 1355 1638 1394 conati

120 1425 222 1458 sunt.
283 1416 537 1470 Posteaquam
569 1417 671 1457 enim
701 1418 881 1458 coelestis
915 1417 1068 1458 luminis
1097 1432 1228 1459 amore
1257 1420 1353 1474 capti
1385 1428 1497 1472 sunt,
1540 1422 1639 1475 quod

120 1484 268 1538 quidem
299 1484 360 1524 ubi
386 1485 561 1538 apparuit
590 1498 642 1524 ex
663 1485 813 1525 illorum
839 1493 996 1539 repente
1022 1485 1142 1525 oculis
1169 1494 1400 1537 evanuerat,
1444 1487 1470 1528 ii
1494 1502 1641 1528 summa

120 1551 220 1591 illius
251 1552 457 1605 cupiditate
489 1565 532 1591 ac
562 1552 758 1606 voluptate
790 1553 955 1606 perfusi,
1000 1567 1084 1593 cum
1115 1553 1214 1593 illius
1246 1554 1481 1595 iucunditate
1509 1555 1641 1596 satiari

122 1619 273 1658 minime
305 1626 483 1672 possent,
529 1633 574 1658 eo
611 1620 709 1672 quod
743 1626 902 1673 repente
934 1634 1087 1660 sursum
1121 1621 1336 1671 evolasset,
1382 1629 1458 1661 tum
1490 1623 1639 1663 demum

121 1686 305 1740 impostor
334 1686 396 1725 ille
425 1686 531 1726 velut
561 1686 596 1725 in
625 1700 742 1726 scena
773 1687 824 1726 ita
846 1686 1010 1727 invicem
1039 1688 1185 1728 locutos
1209 1688 1383 1741 Angelos
1407 1689 1637 1730 introducit:

119 1756 314 1793 Faciamus
345 1756 521 1792 hominem
561 1757 611 1792 ad
641 1757 834 1805 imaginem
873 1762 912 1792 et
937 1758 1225 1794 similitudinem.
1305 1755 1380 1798 Ubi
1415 1757 1639 1810 particulam
1658 1773 1835 1808 Gen.1‚2r„

119 1823 294 1859 Nostram
325 1836 436 1874 quam
467 1821 503 1860 in
532 1818 677 1860 Genesi
709 1821 802 1861 deus
832 1829 1013 1876 usurpat,
1054 1822 1139 1862 ideo
1172 1823 1408 1873 decurtavit,
1451 1831 1490 1863 ut
1516 1825 1638 1865 errori

120 1902 190 1928 suo
215 1888 323 1927 fidem
350 1888 591 1937 adstrueret,
625 1888 730 1941 qnasi
756 1889 819 1928 alii
842 1889 919 1928 sint
940 1889 1068 1943 operis
1093 1890 1284 1941 artifices,
1317 1891 1523 1944 imaginem
1548 1907 1641 1932 vero

119 1955 240 2009 ipsam
268 1956 314 1994 ad
341 1955 453 1995 alium
480 1956 618 1994 referri
645 1956 883 2009 significent,
917 1971 1000 1996 cum
1024 1956 1076 1996 ita
1099 1957 1329 2011 loquuntur:
1362 1962 1557 1998 Faciamus
1577 1963 1641 1998 lzo-

119 2025 247 2061 mz'nem
277 2025 327 2061 ad
354 2026 548 2074 imag-inem
575 2031 611 2061 et
635 2026 925 2075 similitudinem,
986 2022 1195 2065 Caeterum
1225 2026 1327 2066 edito
1359 2027 1396 2066 in
1426 2027 1547 2067 lucem
1575 2027 1641 2067 ho-

119 2089 221 2129 mine
245 2089 420 2142 Angelos
446 2091 499 2130 ait
524 2104 614 2144 prae
638 2090 896 2131 imbecillitate
925 2105 995 2132 sua
1019 2092 1205 2146 perficere
1230 2107 1323 2147 opus
1347 2107 1456 2134 suum
1486 2095 1639 2134 minime

102 2156 312 2210 quivisse,
357 2157 514 2210 proinde
544 2158 580 2197 in
613 2158 696 2198 solo
722 2157 911 2198 iacentem
936 2173 980 2207 ae
1004 2159 1282 2200 subsultantem
1308 2162 1494 2215 reptantis
1519 2162 1640 2201 instar

117 2223 339 2274 vermiculi,
382 2238 505 2278 neque
532 2225 682 2277 erigere
708 2238 773 2275 se,
815 2240 939 2279 neque
961 2227 1060 2267 aliud
1085 2226 1286 2280 quicquam
1311 2242 1429 2281 agere
1451 2228 1637 2282 potuisse,

118 2291 239 2330 donec
264 2289 399 2332 Virtus
429 2292 493 2332 illa
517 2292 696 2332 coelestis
725 2292 795 2332 hoc
820 2293 1056 2347 prospiciens
1087 2301 1199 2347 atque
1230 2295 1277 2334 ob
1301 2294 1505 2348 imaginem
1531 2309 1640 2335 suam

118 2364 231 2412 atque
263 2358 422 2411 effigiem
453 2359 615 2399 hominis
645 2359 802 2399 miserta
832 2360 891 2401 vis
921 2375 1014 2401 suae
1044 2361 1247 2401 scintillam
1278 2362 1457 2413 immisit,
1501 2377 1572 2416 qua
1604 2370 1640 2403 et

118 2425 222 2464 illum
255 2426 382 2466 erexit
412 2434 447 2466 et
479 2428 594 2466 vitam
626 2427 822 2481 impertiit.
881 2427 1074 2469 Nimirum
1104 2442 1173 2483 per
1201 2428 1403 2469 scintillam
1433 2430 1541 2470 istam
1571 2431 1640 2470 liu-

118 2506 267 2532 manam
291 2493 454 2532 animam
480 2493 711 2546 intelligunt.
771 2494 900 2549 Atque
923 2495 1010 2536 ideo
1035 2496 1208 2545 servari,
1251 2496 1325 2544 ait,
1360 2497 1515 2536 omnino
1538 2498 1639 2537 scin-

118 2559 234 2599 tillam
256 2559 351 2600 hanc
374 2568 539 2614 oportet,
567 2560 692 2614 perire
713 2575 808 2602 vero
828 2563 1004 2617 quicquid
1025 2564 1187 2604 bominis
1213 2562 1405 2617 proprium
1425 2571 1507 2614 est3
1540 2565 1638 2618 quod

118 2633 194 2666 tum
221 2627 360 2667 accidit
381 2641 465 2667 cum
485 2627 520 2666 id
545 2628 642 2681 quod
665 2641 685 2668 e
709 2629 817 2669 coelo
841 2630 1034 2685 delapsum
1059 2638 1118 2671 est
1140 2630 1296 2670 definito
1317 2632 1498 2686 temporis
1520 2632 1640 2672 inter-

118 2693 218 2733 vallo
243 2708 393 2735 sursum
420 2695 569 2745 evolat,
611 2695 861 2751 similiterque
887 2699 985 2751 quod
1012 2698 1182 2738 infimum
1207 2704 1267 2738 est
1290 2712 1336 2738 eo
1363 2699 1461 2738 unde
1486 2699 1638 2754 prodie-

125 2806 215 2836 tatic.
251 2807 353 2838 Omitc.
373 2807 420 2838 ed
437 2808 535 2845 princ.
554 2810 581 2837 et
599 2809 664 2837 cod.
684 2809 809 2848 Rhediy.
899 2813 987 2842 vertit
1009 2810 1123 2841 eadem
1145 2809 1209 2841 lux.
1256 2811 1342 2841 Libri
1362 2812 1471 2842 habent
1495 2807 1606 2844 αὐτοῦ.

119 2846 375 2926 maffia?
367 2848 505 2935 1312333-{3
521 2853 658 2948 ἷῗῑξειῂ
669 2854 787 2936 32:22¹?
805 2855 854 2942 ξὶἷς
899 2854 1367 2942 Ρεῗᾰυῗρὲἕὲᾄὲξὲἔζῗεέἓὲα.
1374 2857 1509 2941 2⁰32&
1521 2860 1553 2932 22
1566 2858 1638 2932 3255

121 2935 172 2978 (τὸ
197 2940 263 2970 cod.
284 2941 462 2992 Rhedig.)
453 2951 536 2981 προς
560 2937 689 2978 αυτοῦς.
898 2947 997 2984 princ.

163 2982 194 3014 5.
217 2979 296 3016 αὐτὸ
323 2993 394 3024 ego,
428 2987 608 3017 Cornarium
631 2990 769 3026 secutus,
803 2991 856 3028 qui
945 2989 975 3022 7.
1000 2990 1066 3029 „Et
1090 2992 1129 3021 in
1152 2990 1312 3022 homine
1335 2989 1465 3033 quidem
1489 2990 1521 3021 id
1551 2989 1636 3032 quod
