2034 3267
480 213 653 246 PANARII
678 214 776 246 ADV.
802 214 1020 247 HAERESES
1043 215 1124 248 LlB.
1149 217 1173 247 Ι.
1198 217 1300 249 ΤΟΜ.
1322 218 1345 248 Ῐ.
1615 212 1662 249 51

420 359 731 408 CONTRA
781 361 1390 423 PYTHAGOREOS,

344 454 449 500 quae
486 443 552 486 est
589 437 822 486 Gentilium
858 439 1049 487 haeresis
1079 441 1131 488 V.
1145 477 1157 500 ,
1196 442 1347 489 ordine
1373 441 1474 490 VH.

265 537 340 579 Sed
370 545 457 577 ante
486 538 582 578 hune
606 536 845 591 Pythagoras
877 552 920 578 ac
947 537 1195 593 Peripatetici
1224 556 1306 581 eum
1337 555 1379 582 se
1410 542 1519 582 deum
1546 557 1661 583 unum

154 606 311 646 definire
344 608 610 660 profiterentur
638 604 677 643 in
705 603 803 643 aliud
835 604 1093 659 philosophiae
1123 620 1267 659 genus,
1308 609 1455 662 aliaque
1487 611 1662 664 dogmata

151 680 241 714 sunt
269 673 448 728 prolapsi.
507 671 559 711 Et
589 677 664 710 tum
693 670 779 720 ille,
820 677 897 710 tum
931 672 1012 711 eius
1043 680 1254 713 sectatores
1287 675 1418 715 eadem
1458 691 1540 717 cum
1574 677 1662 719 Pla-

154 741 290 780 tonicis
322 740 511 788 sentiunt,
556 737 651 791 quod
690 737 734 776 ad
769 738 969 777 nefandam
1002 738 1228 792 impiamque
1256 742 1483 783 sententiam
1515 752 1662 799 spectat

152 809 197 847 de
230 808 436 847 mutatione
469 817 667 857 corporum
694 803 981 858 animarumque
1007 806 1256 857 transitione,
1298 821 1341 847 ac
1372 809 1418 849 de
1443 814 1661 853 eorumdem

151 874 393 928 corruptione
423 884 639 924 corporum.
698 869 758 910 Ac
788 869 1031 925 Pythagoras
1064 873 1212 926 quidem
1247 881 1440 928 postremo
1472 877 1585 918 vitam
1623 880 1661 919 in

150 940 279 981 Media
310 939 417 979 finiit.
478 935 555 989 Qui
586 937 741 991 insuper
772 937 882 978 deum
914 952 1001 978 esse
1033 953 1257 994 corporeum
1283 942 1442 993 asserit,
1485 944 1662 986 videlieet

151 1009 312 1048 coelum.
372 1001 493 1044 Cuius
518 1004 649 1044 oculos
674 1011 922 1059 caeterasque
949 1012 1124 1060 tanquam
1153 1008 1189 1046 in
1213 1008 1364 1048 homine
1387 1017 1516 1063 partes
1540 1012 1660 1052 solem

150 1083 188 1115 et
217 1075 340 1114 lunam
372 1071 590 1122 constituit,
623 1085 666 1111 ac
695 1072 862 1126 reliquas
893 1073 1023 1113 stellas
1055 1074 1319 1129 elementaque
1349 1076 1547 1118 coelestia.

581 1217 681 1267 DE
734 1219 1218 1281 EPIGUREIS,

307 1312 414 1359 quae
451 1301 517 1344 est
552 1297 630 1344 VI.
668 1296 905 1346 Gentilium
939 1299 1132 1347 haeresis
1145 1336 1157 1360 ,
1193 1301 1345 1348 ordine
1373 1302 1500 1350 VIII.

250 1396 303 1438 Ut
327 1410 348 1436 a
371 1396 562 1451 prioribus
589 1396 804 1447 discedam,
836 1397 1028 1452 Epicurus
1055 1399 1333 1454 providentiam
1357 1415 1378 1441 e
1405 1403 1544 1443 mundo
1573 1419 1657 1446 sus-

140 1465 239 1506 tulit.
294 1462 400 1505 Idem
429 1478 480 1504 ex
508 1464 642 1504 atomis
670 1465 851 1506 universa
880 1473 1080 1518 constare,
1120 1476 1232 1521 atque
1266 1468 1305 1508 in
1335 1476 1484 1510 atomos
1513 1473 1657 1513 resolvi

139 1531 314 1573 credidit.
380 1532 442 1572 Ad
483 1531 576 1572 haee
616 1531 770 1572 fortuito
806 1533 888 1572 fieri
930 1534 1080 1585 omnia,
1128 1535 1383 1589 mundumque
1425 1538 1654 1591 consistere,

139 1607 349 1655 generante
383 1607 520 1640 natura
552 1606 808 1653 pereunteque
838 1607 1041 1655 perpetuo,
1086 1602 1171 1641 dum
1204 1617 1339 1643 rursus
1372 1617 1422 1644 ex
1452 1607 1658 1660 semetipsa

139 1668 381 1717 renascitur,
428 1681 473 1707 ac
512 1666 653 1706 nullum
698 1667 929 1721 propagandi
973 1669 1032 1708 sui
1075 1669 1349 1723 occidendique
1390 1671 1503 1712 finem
1548 1674 1653 1715 facit.

139 1733 279 1775 Fuisse
307 1741 508 1789 praeterea
535 1734 596 1774 ovi
619 1734 741 1774 instar
767 1735 1056 1775 universitatem
1083 1750 1257 1786 omnem,
1292 1737 1394 1778 circa
1418 1739 1516 1792 quod
1541 1756 1655 1782 ovum

139 1802 306 1843 sinuosis
339 1801 503 1841 flexibus
534 1801 763 1854 implicatum
796 1802 983 1855 serpentis
1021 1817 1127 1843 more
1162 1803 1357 1858 spiritum,
1404 1806 1508 1846 velut
1543 1822 1656 1849 eoro-

138 1883 223 1909 nam
255 1883 299 1909 ac
329 1868 546 1922 cingulum,
588 1869 704 1922 ipsam
737 1869 991 1910 adstrinxisse
1022 1877 1213 1911 naturam.
1276 1869 1354 1912 Sed
1385 1874 1471 1913 dum
1501 1877 1652 1916 confer-

137 1943 212 1976 tam
234 1937 273 1976 in
295 1951 406 1976 unum
430 1936 625 1975 materiam
648 1936 890 1990 universique
914 1943 1086 1977 naturam
1109 1938 1373 1980 vehementius
1393 1949 1542 1982 arctare
1564 1942 1650 1983 niti-

138 2011 215 2054 tur,
249 2003 408 2043 subinde
433 2003 569 2042 molem
592 2017 740 2042 omnem
765 2004 802 2042 in
822 2003 1098 2058 hemisphaeria
1124 2005 1197 2045 duo
1218 2020 1433 2060 separasse,
1464 2009 1650 2050 indidem-

137 2084 210 2125 que
234 2069 522 2110 indivisibilium
549 2069 858 2124 corpusculorum
883 2069 1146 2111 excretionem
1173 2086 1260 2113 esse
1284 2075 1444 2126 factam,
1490 2078 1585 2117 adeo
1610 2085 1649 2118 ut

135 2137 282 2178 leviora
314 2137 588 2191 subtilioraque
621 2151 772 2177 sursum
803 2138 1023 2189 evolarent,
1067 2139 1245 2180 nimirum
1279 2141 1368 2193 lux,
1410 2143 1566 2194 aether,
1610 2152 1649 2185 et

136 2205 234 2259 quod
259 2212 342 2245 erat
366 2204 521 2259 spiritus
545 2204 828 2256 tenuissimum,
871 2220 967 2259 quae
992 2220 1086 2247 vero
1110 2207 1312 2260 graviora,
1353 2223 1397 2249 ac
1419 2210 1535 2250 veluti
1556 2226 1646 2266 pur-

134 2279 311 2326 gamenta
341 2272 490 2323 forent,
532 2285 684 2326 pessum
712 2272 974 2324 subsiderent,
1017 2273 1227 2314 cuiusmodi
1254 2282 1420 2326 terram,
1460 2277 1543 2318 sive
1570 2279 1645 2320 sic-

134 2353 218 2380 cum
248 2339 395 2393 ipsum,
436 2346 474 2379 et
507 2352 687 2392 aquarum
720 2338 904 2379 humidam
932 2347 1101 2381 naturam
1130 2341 1263 2382 fuisse.
1323 2343 1441 2383 Addit
1464 2358 1533 2398 per
1555 2360 1643 2387 sese

132 2407 315 2447 universa
344 2406 492 2446 moveri
521 2420 563 2446 ac
598 2405 766 2460 polorum
793 2407 1035 2462 siderumque
1062 2408 1253 2462 vertigine
1282 2410 1416 2463 raptim
1446 2412 1552 2452 velut
1576 2414 1642 2454 fle-

131 2474 247 2514 xuosi
268 2474 369 2514 illius
393 2474 546 2527 spiritus
570 2472 776 2526 agitatione
797 2475 951 2530 corripi.
1014 2474 1122 2516 Haec
1144 2490 1214 2516 nos
1237 2477 1281 2517 de
1305 2477 1464 2518 istorum
1485 2480 1640 2534 dogma-

131 2541 231 2581 tibus
262 2540 387 2581 obiter
415 2540 598 2581 duntaxat
627 2540 834 2594 attigimus.

129 2678 274 2708 sermonis
295 2678 396 2708 minus
418 2685 532 2715 ymarus
559 2678 584 2706 et
607 2676 783 2707 eruditionis
801 2686 860 2716 pa·
949 2677 966 2696 *
992 2679 1220 2718 Inscriptionem
1241 2689 1298 2711 om.
1319 2680 1385 2711 cod.
1405 2681 1531 2722 Rhediy.
1575 2684 1637 2715 Pro

128 2730 196 2752 rum
219 2722 334 2761 felicis,
369 2730 406 2752 ex
429 2730 499 2752 voce
521 2718 629 2751 inedia
657 2722 713 2751 sibi
735 2722 861 2760 effecerit
903 2719 1125 2764 Ἐπικούρειοι
1147 2725 1215 2754 edit.
1235 2726 1334 2763 princ.
1359 2735 1418 2764 pro
1446 2736 1528 2758 more
1550 2728 1639 2759 habet

128 2765 296 2797 Mediam?
345 2767 405 2797 Sed
428 2767 500 2797 haec
521 2774 568 2796 res
595 2767 626 2796 in
649 2766 748 2796 medio
769 2767 860 2798 relin-
901 2764 1115 2810 Ἐπικούριος.
1136 2770 1182 2800 Ita
1201 2779 1296 2808 supra
1312 2771 1403 2801 etiam
1421 2772 1487 2803 cod.
1506 2773 1634 2813 Rhediy.

128 2811 258 2849 quenda.
902 2822 966 2844 una
988 2823 1056 2844 cum
1078 2815 1147 2844 edit.
1165 2815 1263 2852 princ.
1287 2812 1502 2857 Hu‘mxyo'ptot.

172 2854 202 2886 5.
221 2857 301 2886 Male
318 2857 440 2887 vertisse
453 2856 614 2887 Petavium
630 2857 773 2896 στοιχεῖα
788 2855 858 2886 ele-
949 2857 1024 2899 Cap:
1047 2859 1070 2889 Ι.
1092 2876 1132 2881 —-
1160 2861 1186 2889 1.
1212 2853 1270 2899 ἥδ’
1291 2852 1334 2892 αὖ
1352 2858 1446 2894 πάλιν
1469 2863 1517 2893 ed.
1534 2864 1634 2901 princ.

129 2905 247 2938 menta,
265 2902 381 2932 ‘monuit
397 2901 529 2931 Salmas.
547 2901 583 2930 de
598 2901 674 2930 Arm.
691 2901 858 2932 Climacter.
902 2898 957 2944 ἧδ’
981 2901 1021 2935 αὖ
1046 2897 1138 2936 πάλιν
1162 2904 1208 2933 ed.
1232 2905 1338 2936 Petav.

126 2951 158 2980 p.
175 2942 248 2976 576.
295 2946 372 2976 Sunt
395 2947 474 2976 enim
499 2942 687 2986 μορφώσεις
714 2944 769 2977 τοῦ
796 2946 857 2985 ζω-
945 2947 976 2979 2.
997 2943 1053 2989 ἥδ’
1072 2940 1115 2979 αὖ
1132 2944 1226 2982 πάλιν
1243 2949 1290 2980 ed.
1302 2951 1402 2989 princ.
1437 2946 1493 2993 ἠδ’
1511 2943 1554 2984 αὖ
1570 2948 1633 2984 πά-

130 2987 254 3021 διακοῦ.
902 2992 946 3025 λιν
971 2993 1016 3024 ed.
1036 2994 1143 3025 Petav.

1305 3051 1367 3091 4*

1689 546 1764 590 Cap.
1791 550 1814 580 Ι.

1683 1412 1759 1456 Cap.
1790 1416 1811 1445 t.
