2034 3267
425 214 599 246 PANARn
625 215 724 246 ADV.
748 214 968 247 HAERESES
991 215 1072 247 Lm.
1092 216 1116 249 1.
1141 215 1245 248 ToM.
1266 216 1308 247 11.
1544 210 1621 248 137

112 301 171 334 rat
200 293 431 346 regreditur.
493 292 604 346 Quod
633 294 678 333 ad
706 290 899 333 Christum
923 295 1082 343 attinet,
1125 294 1295 334 eiusdem
1317 293 1537 349 impostoris
1564 303 1625 336 est

112 363 268 415 dogma,
302 374 387 400 cum
413 360 494 400 sola
520 361 622 400 illum
650 360 812 400 hominis
838 360 957 413 figura
983 368 1094 414 atque
1121 362 1242 414 effigie
1267 362 1444 413 venisse,
1477 362 1624 402 omnia-

112 441 184 482 que
214 428 260 468 ab
291 441 338 468 eo
369 428 496 482 specie
527 435 638 467 tenus
669 427 860 481 perfecta,
893 428 1104 468 cuiusmodi
1129 429 1218 480 suit,
1253 429 1379 480 nasci,
1412 429 1620 480 ambulare,

111 495 256 543 videri,
290 494 382 549 pati.

223 561 324 602 Hinc
351 562 414 601 illa
442 561 536 602 salso
560 560 745 615 appellata
773 558 1046 600 Gnosticorum
1070 569 1175 602 secta
1199 563 1243 603 ad
1268 564 1491 616 profundam
1514 563 1623 604 huius

113 636 242 669 sectae
272 628 477 682 nequitiam
505 628 702 682 plurimum
733 626 893 677 adiecit,
938 641 1034 680 quae
1059 642 1079 667 a
1105 627 1263 669 Simone
1285 630 1431 670 initium
1455 631 1625 670 occasio-

113 710 274 749 nemque
297 703 407 736 nacta
431 696 540 748 longe
562 694 725 734 maiores
747 707 868 746 nugas
889 695 1158 744 accumulavit,
1187 698 1499 748 quemadmodum
1519 704 1624 751 post-

114 777 158 803 ea
188 764 226 803 in
256 763 338 803 eius
369 762 595 802 refutatione
626 760 861 800 docebimus.
921 761 976 800 At
1001 759 1219 801 Saturnilus
1245 777 1359 802 unum
1384 777 1436 803 ex
1458 764 1504 804 iis
1529 779 1623 818 quos

113 830 311 871 constituit
339 828 499 882 Angelis
533 827 649 866 fuisse
682 825 910 866 ludaeorum
943 827 1051 866 deum
1085 828 1300 879 existimat,
1346 843 1389 869 ac
1419 837 1494 869 tam
1525 831 1624 871 bunc

113 913 222 951 quam
250 898 352 937 illum
382 910 403 935 a
432 909 500 935 sua
522 894 663 933 virtute
688 894 913 934 descivisse.
978 892 1221 934 salvatorem
1246 909 1338 935 vero
1364 896 1408 936 de
1434 898 1623 937 communi

112 964 306 1004 Virtutum
330 961 518 1002 sententia
544 974 564 999 a
592 958 708 1000 Patre
732 961 912 1010 missum,
947 968 986 1000 ut
1012 969 1049 1001 et
1072 960 1299 1001 Iudaeorum
1324 963 1433 1002 deum
1458 963 1497 1002 in
1523 965 1624 1003 ordi-

113 1046 198 1071 nem
222 1031 433 1082 redigeret,
468 1034 505 1066 et
526 1027 574 1067 iis
600 1027 662 1080 qui
687 1027 757 1067 sibi
781 1028 984 1068 crederent
1007 1029 1168 1068 salutem
1191 1030 1364 1070 afferret.
1425 1029 1625 1070 Eiusmodi

113 1112 200 1139 esse
227 1104 352 1137 sectae
376 1094 476 1134 illius
499 1094 693 1144 homiues,
727 1094 789 1148 qui
813 1095 991 1136 coelestis
1015 1095 1115 1136 illius
1139 1096 1307 1150 parentis
1332 1097 1532 1137 scintillam
1559 1097 1625 1138 ha·

112 1165 238 1206 beant.
297 1161 405 1202 Duos
436 1161 572 1215 quippe
599 1161 770 1201 homines
802 1162 988 1217 principio
1017 1177 1102 1202 esse
1134 1165 1277 1214 factos,
1318 1163 1456 1203 bonum
1489 1178 1621 1215 unum,

113 1233 268 1273 alterum
292 1229 453 1279 malum,
496 1242 518 1268 a
542 1228 677 1281 quihus
704 1229 845 1283 duplex
867 1230 956 1269 item
980 1243 1101 1283 genus
1128 1230 1344 1281 hominum,
1384 1231 1526 1271 bonum
1549 1231 1625 1271 sci-

110 1299 200 1339 licet
227 1311 270 1337 ac
301 1296 463 1345 malum,
508 1296 546 1335 in
573 1297 710 1335 mundo
734 1297 1032 1351 proseminatum
1062 1304 1135 1337 est.
1196 1296 1247 1337 Et
1271 1298 1446 1351 quoniam
1471 1299 1624 1338 daemo-

110 1379 177 1406 nes
202 1364 311 1404 malis
340 1363 643 1417 opitulabantur,
688 1363 773 1404 ideo
798 1364 1024 1418 postremis,
1066 1372 1106 1404 ut
1129 1371 1218 1404 ante
1245 1365 1347 1416 dixi,
1392 1366 1624 1420 temporibus

107 1433 153 1472 ad
187 1431 309 1471 bonos
340 1430 512 1470 homines
543 1444 614 1484 ope
648 1444 717 1470 sua
746 1431 1003 1471 sublevandos
1034 1432 1229 1485 malosque
1262 1446 1346 1471 cum
1377 1433 1625 1472 daemonibus

108 1498 365 1554 profligandos
386 1498 557 1538 salvator
581 1498 751 1538 advenit.
812 1497 893 1538 Iam
920 1513 1064 1539 uxores
1090 1500 1230 1539 ducere
1253 1499 1471 1554 liberosque
1491 1500 1624 1553 gigne-

107 1580 151 1607 re
184 1566 229 1606 ab
256 1563 401 1606 Satana
436 1579 522 1605 esse
555 1565 760 1604 circulator
787 1565 884 1605 idem
916 1566 1156 1620 pronunciat.
1218 1565 1478 1619 Quamobrem
1511 1567 1624 1621 pleri-

109 1648 182 1688 que
221 1647 273 1673 ex
303 1633 436 1672 horum
469 1632 667 1686 disciplina
700 1632 876 1673 animatis
912 1634 1085 1674 omnibus
1119 1634 1333 1685 abstinent,
1376 1642 1418 1674 ut
1447 1635 1624 1674 affectato

108 1702 172 1741 illo
203 1700 408 1741 sanctioris
439 1700 541 1739 vitae
575 1713 719 1753 genere
751 1700 954 1740 nonnullos
986 1714 1097 1740 suum
1134 1701 1172 1740 in
1209 1715 1382 1741 errorem
1413 1702 1619 1756 pelliciant.

108 1767 168 1809 De
205 1767 474 1822 prophetarum
503 1767 667 1807 oraculis
706 1767 758 1806 ita
793 1768 987 1808 veneficus
1020 1767 1084 1807 ille
1118 1766 1303 1822 disputat,
1350 1782 1395 1808 ea
1425 1769 1560 1822 partim
1601 1784 1623 1808 a

108 1835 235 1876 mundi
261 1834 456 1889 opificibus
480 1835 664 1887 Angelis,
707 1834 839 1887 partim
865 1849 885 1874 a
912 1833 1055 1875 Satana
1082 1836 1276 1889 profecta,
1316 1843 1355 1875 et.
1377 1836 1476 1876 hunc
1500 1837 1623 1890 ipsum

110 1902 289 1944 Satanam
315 1909 420 1956 putat
437 1902 630 1955 Angelum
652 1915 753 1952 esse,
787 1901 848 1955 qui
870 1902 997 1942 mundi
1021 1902 1280 1942 conditoribus
1304 1902 1480 1957 Angelis,
1514 1917 1624 1958 prae-

109 1970 293 2025 cipueque
326 1968 555 2009 Iudaeorum
586 1969 678 2018 deo,
715 1970 886 2009 resistat.

220 2036 332 2090 Quae
365 2051 448 2076 cum
479 2038 524 2076 ab
551 2037 612 2076 illa
640 2037 784 2090 pecude
809 2036 908 2076 hunc
926 2037 970 2077 ,in
997 2038 1148 2078 modum
1175 2038 1437 2089 disseruntur,
1479 2038 1541 2078 vel
1565 2038 1624 2078 in-

107 2104 210 2145 vitus
244 2104 485 2145 convincitur
519 2118 632 2144 unum
665 2103 836 2144 confiteri
866 2104 1000 2154 deum,
1049 2113 1162 2159 atque
1196 2106 1241 2146 ad
1274 2106 1424 2146 unicum
1458 2106 1624 2160 singula-

107 2185 264 2225 remque
288 2172 519 2212 dominatum
546 2172 725 2211 universa
750 2173 909 2212 referre.
970 2171 1125 2213 Etenim
1147 2173 1180 2213 si
1201 2174 1362 2213 mundus
1388 2173 1433 2212 ab
1458 2173 1622 2226 Angelis

108 2240 229 2279 factus
255 2246 334 2289 est,
369 2254 452 2279 cum
480 2239 632 2293 ipsimet
657 2246 744 2278 ante
771 2253 792 2278 a
815 2240 971 2280 coelesti
994 2241 1138 2280 virtute
1164 2240 1387 2295 principium
1412 2247 1524 2293 atque
1547 2240 1623 2280 ori-

108 2306 232 2360 ginem
260 2306 476 2357 habuerint,
510 2321 583 2346 non
610 2306 662 2345 illi
686 2306 850 2360 fingendi
873 2306 1035 2347 hominis
1059 2315 1237 2348 auctores
1262 2314 1365 2358 sunt,
1399 2309 1465 2347 sed
1489 2320 1622 2361 supre-

107 2387 169 2413 ma
190 2373 312 2414 virtus
335 2374 399 2414 illa
425 2374 572 2429 potius,
607 2386 701 2426 quae
726 2374 900 2426 Angelos
923 2375 1114 2427 condidit,
1147 2390 1169 2415 a
1192 2375 1328 2429 quibus
1352 2375 1464 2414 bomo
1487 2381 1621 2428 postea

107 2441 293 2481 formatus
317 2449 391 2481 est.
450 2440 552 2482 Nam
576 2454 646 2480 nec
670 2440 761 2480 artis
783 2440 1076 2483 instrumentum
1101 2457 1233 2483 eorum
1253 2456 1389 2482 caussa
1410 2449 1491 2493 est,
1524 2455 1620 2495 quae

108 2507 152 2547 ab
187 2507 269 2562 ipso
303 2511 417 2560 fiunt,
463 2509 530 2549 sed
563 2508 626 2548 ille
659 2508 782 2562 potius
815 2508 878 2563 qui
910 2525 995 2551 cum
1027 2511 1283 2551 instrumento
1316 2523 1398 2550 eam
1431 2509 1622 2549 actionem

151 2630 183 2663 3.
208 2630 293 2673 φησὶ
317 2634 383 2663 cod.
408 2634 501 2663 Vatic.
538 2628 585 2669 ὥς
605 2634 753 2673 προεῖπον
775 2634 841 2665 cod.
886 2637 948 2666 tav.
983 2629 1169 2675 οἷνῧρώποις
1190 2621 1302 2677 (ἀμοῖς
1322 2635 1387 2665 cod.
1407 2632 1552 2675 Rhediy.)
1574 2641 1622 2664 re-

108 2676 235 2716 Rhediy.
257 2680 282 2708 et
306 2678 378 2708 editi
398 2679 476 2708 libri.
886 2680 960 2719 liqui
984 2682 1060 2711 libri.

152 2719 183 2752 4.
212 2723 468 2763 προςποιητικῆς
500 2723 566 2752 cod.
593 2723 689 2753 Vatic.
749 2723 843 2762 Vulgo
934 2724 1010 2755 CAP.
1035 2725 1090 2756 111.
1114 2742 1156 2747 ——
1182 2724 1211 2756 1.
1235 2721 1450 2766 &affl-ficerat
1472 2723 1537 2755 cod.
1562 2724 1623 2753 Va-

108 2775 239 2805 προςποι
241 2777 278 2806 η
264 2766 337 2807 ἧς.
395 2768 456 2798 Sed
486 2767 551 2797 cod.
577 2767 704 2806 Rhediy.
734 2776 844 2799 manus
886 2770 936 2800 lic.
956 2773 983 2800 et
1003 2771 1073 2800 edit.
1095 2771 1199 2801 Petav.
1248 2767 1442 2810 σωῖἤσεται
1463 2769 1530 2800 cod.
1545 2768 1623 2799 Rhe-

110 2811 321 2843 emendatricis
343 2813 491 2842 indicium
511 2821 589 2850 prae
612 2821 641 2842 se
665 2812 730 2850 fert.
888 2814 952 2853 di9.
973 2817 999 2844 et
1021 2815 1090 2845 edit.
1113 2816 1210 2856 psinc.

153 2854 183 2885 5.
207 2856 502 2897 προπεφητεῦσὲαι
525 2857 592 2886 cod.
615 2857 709 2887 lulio.
749 2857 843 2896 Vulyo
931 2858 964 2890 2.
989 2860 1085 2898 Vul90
1118 2857 1192 2898 ἀρα.

112 2907 151 2929 πε
138 2900 423 2941 eupoemeSmt,
459 2904 492 2931 nt
523 2904 565 2931 est
594 2903 685 2932 etiam
715 2902 748 2932 in
778 2902 842 2932 cod.
932 2902 963 2935 3.
987 2900 1071 2936 efflet
1094 2905 1159 2934 cod.
1186 2904 1284 2935 Venet.

114 2942 236 2983 Rhedi9.
285 2946 330 2983 Cf.
351 2947 435 2976 haer.
455 2944 509 2983 42,
531 2943 561 2976 4.
932 2944 962 2979 4.
986 2950 1071 2979 Libri
1094 2950 1202 2979 hubent
1229 2947 1346 2981 πὶᾶσιε

154 2986 184 3018 o.
208 2984 288 3029 ἅγγε
282 2987 339 3021 70¹.
342 3001 357 3026 ς
376 2991 442 3021 cod.
462 2991 570 3029 tatic„
593 2993 618 3021 el
639 2991 707 3022 inde
726 2991 771 3022 ed.
786 2992 843 3022 Pe·
932 2992 963 3023 ὃ.
999 3018 1024 3034 4
1015 3004 1101 3034 meua
1105 3004 1164 3025 ami
1189 2995 1378 3024 cod.1enel.

1650 572 1726 615 Cap.
1755 573 1794 604 ll.

1649 2043 1725 2086 Cap.
1744 2044 1800 2076 ΙΙΙ.
