2034 3267
236 1766 303 1794 pag.
320 1760 377 1788 308.

406 174 485 214 562
961 178 1116 210 sANcT1
1142 179 1362 211 EP1PHAN11

407 274 531 311 σωμεν
560 262 627 309 τῆς
652 254 1003 309 ματαιοφροσύνης.
1062 256 1117 295 Εἰ
1143 253 1214 309 γάρ
1241 254 1338 303 ὅλως
1362 253 1384 296 ὁ
1407 256 1579 311 πονηρὸς
1600 257 1770 313 πονηρός
1790 255 1913 312 ύπάρ-

404 343 478 379 χει,
510 323 667 379 ἁρπάζει
687 324 726 364 δὲ
747 322 836 371 τοῦς
856 321 1032 378 άγαθοῦς
1053 321 1130 364 οἷπὸ
1153 327 1221 364 τοῦ
1242 320 1414 377 άγαθοῦ,
1445 325 1510 364 καὶ
1530 324 1621 373 τοῦς
1640 329 1813 374 δικαίους
1835 323 1911 366 ἆπὸ

405 398 473 434 τοῦ
505 395 677 442 δικαίου,
721 393 844 439 ἰδίους
873 391 913 431 δὲ
943 389 1010 443 οὐχ
1037 389 1193 443 ἁρπάζει
1219 389 1382 442 μόνους,
1422 388 1669 445 εὑρεθήσεται
1697 392 1719 435 ὁ
1741 391 1914 446 πονηρός

405 458 534 502 οὐκέτι
560 457 752 513 πονηρὸς,
792 463 868 500 τῶν
895 456 1053 513 ἀγαθῶν
1077 455 1302 512 ὀρεγόμενος
1330 458 1395 498 καὶ
1417 458 1726 512 ἐπιδικαζόμενος
1757 459 1808 508 ὥς
1831 463 1912 514 βελ-

402 527 551 569 τιόνων.
609 529 663 567 Εἰ
687 527 728 568 δὲ
749 528 815 568 καὶ
837 524 928 574 τούς
951 527 1074 573 ἰδίους
1098 527 1238 578 κρίνει,
1280 528 1464 579 τιμωρίαν
1487 526 1527 566 δὲ
1547 526 1636 574 τούς
1658 526 1912 582 ἀδικήσαντας

403 594 577 647 άπαιτεῖ,
621 593 749 636 οὐκέτι
779 592 950 648 πονηρὸς
982 594 1085 634 ἔσται
1119 590 1140 635 6
1173 597 1355 648 πονηρῶν
1387 592 1568 646 δικαστής
1600 591 1804 649 ὖπάρχων,
1847 597 1911 637 καὶ

404 662 648 719 εὑρεθήσεται
681 661 780 704 κατα
818 661 943 703 πάντα
977 660 1120 716 τρόπον
1153 659 1177 713 ἠ
1212 659 1331 701 αὐτοῦ
1363 659 1553 710 ὑπόθεσις
1585 661 1724 715 ἑαυτήν
1756 662 1908 717 ἀνατρέ-

400 747 538 774 πουσα.
599 730 737 773 Πόθεν
760 731 800 772 δὲ
822 729 1000 783 εἰλήφασι
1023 728 1064 771 τό
1089 727 1186 770 εἶναι
1208 731 1251 769 αἱ
1269 735 1369 783 τρεῖς
1390 727 1524 783 οἷρχαὶ,
1555 728 1669 771 πάλιν
1687 731 1779 784 λέγε.
1844 734 1911 780 Τίς

400 800 440 841 δὲ
472 798 495 841 ὁ
522 798 678 848 ταύταις
708 796 868 853 ὁρισμόν
900 796 1199 851 συστησάμενος;
1244 799 1298 838 Εἰ
1318 797 1387 849 μὲν
1411 795 1482 851 γάρ
1506 798 1663 846 ἕκαστος
1687 799 1726 838 έν
1747 803 1799 854 τῷ
1825 800 1909 855 ἰδίῳ

398 866 505 925 τόπῳ
538 869 807 923 περιορίζεται,
849 864 977 907 οὐκέτι
1006 867 1126 907 τέλεια
1153 864 1198 905 τά
1226 867 1312 917 τρία
1340 863 1587 919 εὑρεθήσεται
1617 871 1630 894 ¹
1648 863 1848 920 ὁριζόμενα
1871 867 1911 908 ἒν

397 950 472 977 τισι
491 941 742 991 περιεκτικοῖς
759 933 906 983 τόποις,
933 932 1175 988 εὑρεθήσεται
1199 933 1238 974 δὲ
1255 932 1296 973 τό
1318 931 1554 986 περιεκτικόν
1575 938 1701 986 μεῖζον
1719 938 1789 974 τοῦ
1809 949 1911 987 περι-

399 1005 602 1057 εχομένου,
641 1004 708 1044 καὶ
739 1000 867 1044 οὐκέτι
898 999 939 1043 τὸ
962 1000 1227 1056 περιεχόμενον
1248 998 1344 1048 θεός
1366 999 1412 1041 ὄέν
1432 1002 1612 1053 κληθείη,
1653 998 1744 1041 ἄλλα
1770 1005 1911 1053 μᾶλλον

399 1069 426 1124 ἡ
449 1071 667 1126 περιεκτική
695 1068 890 1125 ὁροθεσία.
950 1071 1005 1109 Εἰ
1030 1069 1070 1109 δὲ
1091 1070 1156 1110 καὶ
1180 1070 1232 1116 εἰς
1253 1066 1391 1109 ταύτόν
1414 1066 1586 1121 άλλήλοις
1607 1067 1804 1122 γενόμενοι
1824 1070 1908 1110 ἕκα-

400 1153 488 1188 στος
516 1137 613 1181 κατα
645 1141 761 1180 δίεσιν
791 1137 857 1179 τόν
886 1139 987 1178 ἴδιον
1013 1135 1217 1189 ἐκληρώθη
1243 1134 1382 1185 τόπον,
1423 1137 1489 1176 καὶ
1511 1137 1670 1184 ἕκαστος
1691 1137 1731 1177 ἐν
1750 1140 1802 1193 τῷ
1824 1138 1908 1193 ἰδίῳ

400 1205 455 1248 ὢν
479 1211 533 1264 τῷ
553 1208 667 1263 ἑτέρῳ
689 1204 760 1248 οὐκ
783 1207 1010 1259 ἐντρίβεται,
1042 1202 1131 1245 οὐδὲ
1152 1205 1365 1258 ἐπέρχεται,
1396 1201 1523 1244 οὐκέτι
1543 1205 1585 1244 αἱ
1603 1202 1714 1258 οἷρχαὶ
1733 1202 1910 1257 ἀλλήλαις

398 1275 583 1325 ἐναντίαι,
624 1273 714 1316 ούδέ
736 1291 793 1322 τις
818 1271 944 1314 αὐτῶν
968 1270 1096 1324 φαύλη
1121 1270 1388 1326 εὑρεθήσεται,
1428 1270 1491 1312 διά
1513 1270 1555 1312 τὸ
1577 1271 1674 1313 κατά
1695 1272 1737 1314 τὸ
1759 1275 1908 1314 δίκαιον

397 1343 463 1382 καὶ
492 1341 634 1395 ἥσυχον
662 1343 728 1383 καὶ
756 1340 942 1388 εὐσταθὲς
969 1344 1047 1381 τῶν
1077 1341 1185 1380 ἰδίων
1211 1340 1476 1392 ἐπιμέλεσθαι,
1519 1340 1584 1380 καὶ
1614 1338 1667 1392 μὴ
1696 1341 1906 1395 περαιτέρω

397 1412 542 1463 βαίνειν
567 1410 874 1462 ἐπιβαλλόμενον.
935 1409 990 1448 Εἰ
1018 1407 1058 1448 δὲ
1088 1405 1110 1448 ὁ
1139 1407 1206 1459 μὲν
1230 1405 1399 1460 πονηρός
1422 1404 1497 1448 ind
1519 1412 1588 1448 τοῦ
1613 1406 1693 1449 ἅνω
1714 1407 1906 1461 κατισχύε-

396 1495 458 1519 ται
479 1478 544 1519 καὶ
569 1476 736 1530 βιάφεται
759 1477 823 1518 καὶ
846 1481 1136 1525 καταπονεῑται,
1177 1476 1445 1528 μεμερισμένος
1469 1473 1522 1516 ὢν
1542 1476 1609 1515 καὶ
1630 1477 1670 1517 ἐν
1692 1477 1776 1533 ἰδίῳ
1798 1474 1905 1532 τόπῳ

397 1543 602 1600 ὑπάρχων,
633 1540 680 1587 οὗ
700 1543 824 1587 τόπου
844 1549 895 1601 τῷ
917 1542 996 1585 ἅνω
1017 1541 1155 1599 ἀγαθῷ
1176 1541 1290 1584 οὐδὲν
1308 1542 1510 1597 προςήκει,
1542 1541 1633 1585 οὐδέ
1651 1561 1686 1585 τι
1702 1542 1767 1584 ὑπ’
1785 1542 1905 1585 αὐτοῦ

396 1618 609 1667 κεκτῆσθαι
631 1618 707 1655 τῶν
732 1614 903 1655 ἐνταῦθα
922 1612 1016 1666 λέγω
1043 1613 1084 1652 ἐν
1106 1615 1157 1668 τῷ
1177 1615 1245 1652 τοῦ
1268 1615 1442 1664 πονηροῦ
1465 1610 1592 1668 τόπῳ,
1632 1611 1902 1666 τυραννικώτε-

397 1699 465 1736 ρος
492 1686 633 1734 μᾶλλον
661 1679 908 1736 εὑρεθήσεται
939 1677 962 1721 0‘
993 1678 1092 1729 ἅνω,
1133 1679 1198 1719 καὶ
1223 1675 1350 1720 ου’κέτι
1373 1676 1541 1732 άγαθός,
1583 1678 1649 1721 τόν
1678 1681 1777 1721 ἴδιον
1803 1678 1903 1731 υἷὸν,

398 1751 524 1790 εἴτουν
548 1747 735 1804 Χριστόν,
775 1746 1000 1795 ἀποστείλας
1027 1749 1092 1788 ἵνα
1122 1745 1168 1787 τοὶ
1193 1744 1368 1800 ἀλλότρια
1390 1745 1500 1804 λάβῃ.
1561 1748 1639 1788 Καὶ
1661 1752 1738 1789 ποῦ
1769 1745 1791 1789 ὁ
1813 1746 1904 1802 ὅρος

398 1814 419 1859 o‘
442 1819 615 1871 διορίζων
639 1816 706 1865 τοὶς
728 1822 826 1871 τρεῖς
849 1814 984 1870 άρχᾶς,
1022 1813 1118 1856 κατά
1140 1812 1206 1856 τόν
1227 1818 1296 1855 τοῦ
1318 1811 1484 1868 άγύρτου
1508 1819 1575 1867 τῆς
1595 1813 1822 1863 ὑποθέσεως
1841 1814 1900 1856 λό-

396 1901 464 1940 γον
472 1903 483 1935 3
518 1884 786 1937 Ζητηθήσεται
803 1883 875 1939 γάρ
894 1882 1070 1936 τέταρτός
1090 1900 1145 1931 τις
1164 1882 1441 1930 ἐπιεικέστατος
1458 1883 1523 1923 καὶ
1541 1887 1616 1923 τῶν
1636 1887 1753 1937 τριῶν
1773 1881 1900 1935 σοφώ-

396 1968 523 2007 τερος,
555 1950 801 2008 ὁριογνώμων
823 1967 861 1992 τε
882 1951 947 1992 καὶ
969 1948 1206 2003 ἐπιστήμων,
1242 1948 1286 1998 ὃς
1310 1948 1356 1990 τά
1377 1950 1491 2003 μέτρα
1511 1949 1657 2007 ἑκάστῳ
1680 1951 1843 2003 διένειμέ
1863 1966 1901 1991 τε

395 2022 462 2063 καὶ
490 2019 581 2069 τούς
610 2026 709 2074 τρεῖς
736 2021 1026 2072 εἰρηνοποίησεν
1057 2017 1187 2071 2ἤδη,
1233 2016 1284 2070 μή
1309 2016 1547 2059 στασιάσαιεν
1576 2017 1675 2072 πρὸς
1704 2016 1899 2071 άλλήλους,

397 2089 493 2142 μηδὲ
511 2090 565 2137 εἰς
581 2087 628 2129 τοὶ
646 2087 759 2129 ἄλλου
785 2086 894 2134 ἄλλος
920 2092 935 2115 3
950 2084 1180 2127 ἅποστέλλοι.
1234 2086 1312 2126 Καὶ
1335 2080 1449 2134 οὗτος
1471 2085 1538 2138 μὲν
1559 2088 1691 2134 πείσας
1711 2083 1778 2134 τάς
1800 2091 1900 2140 τρεῖς

397 2155 515 2210 οἷρχᾶς
538 2154 785 2211 εὑρεθήσεται
809 2155 984 2208 τέταρτος
1008 2155 1073 2195 καὶ
1094 2152 1312 2207 σοφώτερος
1334 2154 1398 2194 καὶ
1423 2154 1714 2207 ἐπιεικέστερος,
1744 2155 1809 2194 καὶ
1830 2152 1896 2194 αῦ-

396 2222 461 2273 τός
480 2225 520 2265 δὲ
538 2226 578 2266 ἐν
598 2225 681 2280 ἰδίῳ
700 2222 806 2279 τόπῳ
827 2221 942 2263 πάλιν
963 2221 1236 2274 ζητηθήσεται,
1267 2219 1333 2273 ἀφ’
1355 2216 1474 2276 οὗπερ
1496 2223 1548 2269 εἰς
1569 2222 1683 2273 μέσον
1705 2216 1801 2273 ἦλθε
1823 2225 1900 2262 τῶν

396 2297 532 2347 τριῶν,
562 2293 628 2333 καὶ
649 2290 795 2347 ἑκάστῳ
816 2289 858 2331 τὸ
878 2291 992 2343 μέρος
1011 2293 1144 2341 σοφῶς
1165 2288 1357 2343 διώρισεν,
1386 2292 1450 2330 ἵνα
1474 2288 1524 2342 μὴ
1544 2290 1597 2337 εἰς
1617 2287 1797 2341 ἀλλήλους
1817 2287 1898 2330 οἷδι-

394 2366 509 2402 κοῖεν.
568 2361 623 2400 Εἰ
642 2359 681 2400 δὲ
706 2360 745 2400 ἐν
767 2364 847 2406 τοῖς
867 2362 934 2399 τοῦ
959 2356 1062 2407 ἕνὸς,
1102 2358 1195 2412 λέγω
1220 2356 1268 2410 δή
1292 2362 1360 2399 τοῦ
1380 2359 1634 2411 δημιουργοῦ,
1674 2358 1716 2396 αἱ
1734 2356 1805 2397 δύο
1831 2355 1896 2411 ἄρ-

395 2431 457 2481 χαί
478 2430 571 2469 εἰσιν
591 2425 936 2480 ἐμπολιτευόμεναι,
967 2424 989 2466 δ’
1010 2441 1047 2465 τε
1067 2423 1237 2479 πονηρὸς
1255 2426 1294 2466 ἐν
1315 2431 1396 2473 τοῖς
1415 2429 1481 2466 τοῦ
1503 2427 1739 2478 δημιουργοῦ
1757 2423 1897 2478 χώραις

396 2512 436 2537 τε
463 2497 529 2537 καὶ
555 2495 713 2550 χώροις,
754 2495 818 2534 καὶ
849 2491 870 2534 ὁ
898 2497 966 2534 τοῦ
995 2491 1148 2547 ἀγαθοῦ
1178 2491 1343 2547 Χριστός
1368 2490 1623 2544 ἐπιδημήσας,
1665 2489 1793 2533 οὐκέτι
1821 2490 1896 2547 ἄρα

396 2561 527 2617 κριτὴς
549 2564 614 2604 καὶ
637 2559 871 2615 δημιουργός
895 2559 1012 2612 μόνον
1037 2557 1303 2614 εὑρεθήσεται,
1343 2558 1434 2600 ἀλλὰ
1456 2561 1520 2600 καὶ
1543 2557 1710 2613 άγαθὸς,
1752 2573 1893 2614 συγχω-

399 2635 478 2686 ρῶν
499 2636 580 2679 τοῖς
599 2631 709 2671 δυσὶν
730 2631 783 2678 εἰς
802 2627 848 2669 τά
868 2630 947 2669 ἴδια
968 2633 1092 2668 ποιεῖν
1110 2627 1131 2668 ὃ
1151 2627 1369 2680 βούλονται·
1400 2627 1427 2680 ἢ
1449 2625 1616 2681 ἀδρανής
1635 2623 1893 2680 εὑρεθήσεται,

397 2700 462 2741 καὶ
491 2697 544 2752 μὴ
574 2697 714 2752 ἰσχύων
739 2701 905 2738 κωλῦσαι
935 2700 1009 2737 τῶν
1037 2697 1143 2736 ἰδίων
1171 2695 1260 2744 τούς
1287 2695 1503 2750 ἀλλοτρίους
1529 2693 1714 2749 ἅρπαγας.
1771 2696 1826 2735 Εἰ
1851 2695 1893 2736 δὲ

441 2848 518 2878 Cn.
539 2848 609 2878 vn.
632 2865 675 2871 -
712 2845 740 2877 1.
763 2843 935 2887 ὁριζόμενοι
956 2847 1063 2884 scripsi
1086 2854 1122 2876 ex
1210 2844 1241 2876 2.
1265 2839 1334 2887 ἥδη
1356 2845 1463 2884 scripsi
1488 2853 1545 2883 pro
1574 2841 1602 2876 εἰ
1629 2839 1685 2883 δὲ,
1719 2844 1798 2884 quod
1824 2845 1891 2876 libri

397 2894 600 2924 emendatione
632 2893 771 2923 Cornarii
801 2895 890 2930 atque
917 2892 1045 2922 Pelavii.
1089 2892 1123 2921 ln
1165 2891 1282 2921 habent.
1327 2890 1470 2921 Petavius
1492 2889 1703 2927 suspicabatur
1724 2887 1785 2921 ἵνα.

398 2939 480 2969 libris
499 2939 578 2970 enim
601 2940 642 2969 est
664 2933 857 2979 ὁριζόμενος.
1207 2934 1239 2968 3.
1260 2929 1451 2967 ἀποστέλλει
1468 2942 1520 2973 εςο
1536 2935 1687 2973 rescripsi.
1730 2934 1815 2966 Libri
1833 2934 1889 2966 lia·

1163 2981 1229 3011 benc
1251 2976 1450 3013 ἀποστέλλει.
