2034 3267
524 183 580 214 An
608 183 852 216 ErisToLAM
878 184 1022 216 AcAcn
1044 185 1102 217 ET
1127 185 1270 218 PAULI.
1599 179 1650 218 25

142 260 422 315 discreparunt‚
457 261 553 314 quod
577 261 765 302 neminem
784 269 964 303 aeternae
989 262 1091 305 vitae
1117 271 1327 319 compotem
1352 277 1438 304 esse
1462 278 1575 319 posse
1596 265 1652 304 di-

141 334 275 367 cerent
305 327 378 367 nisi
409 328 576 381 quotidie
606 328 767 369 lavaret.

248 392 408 434 XVttl.
453 393 610 445 Osseni,
644 410 802 449 quorum
825 409 962 436 nomen
988 397 1282 451 procacissimos
1308 398 1509 452 significat.
1573 397 1649 452 Qui

140 474 192 501 ex
213 462 450 516 praescripto
477 462 571 516 legis
597 463 721 502 onmia
746 461 958 512 faciebant,
992 464 1057 502 sed
1081 471 1280 517 praeterea
1309 466 1517 520 scripturas
1546 466 1651 506 adhi-

139 527 308 577 bebant,
342 536 379 568 et
410 543 459 568 ex
490 528 764 583 posterioribus
797 529 991 582 prophetis
1022 530 1224 583 plerosque
1254 533 1493 573 reiiciebant.

251 594 373 636 XIX.
415 595 661 636 Nassaraeos
685 593 938 634 Extinctores
968 595 1211 649 interpretari
1244 599 1391 651 possis,
1434 600 1494 654 qui
1523 600 1650 641 carnis

139 676 211 702 usu
238 677 396 717 prorsus
421 663 665 703 interdicunt.
725 661 788 701 Ab
813 661 988 701 animatis
1015 662 1228 714 abstinent,
1261 665 1494 718 patriarchas
1516 681 1650 708 omnes

140 730 201 783 qui
226 730 263 769 in
286 728 547 770 Pentateucho
567 729 611 768 ad
635 726 789 782 Moysis
815 735 853 767 et
879 726 968 768 lesu
990 729 1055 768 filii
1075 728 1190 769 Nave
1214 736 1383 785 tempora
1406 735 1652 776 continentur

139 797 381 847 adsciscunt,
414 803 451 836 et
472 796 518 836 iis
543 795 651 834 fldem
675 795 877 845 adhibent,
912 795 1122 835 cuiusmodi
1146 805 1236 836 sunt
1258 798 1444 850 Abraam,
1479 799 1587 842 Isaac
1612 810 1650 843 et

138 862 270 914 Iacob,
303 865 424 917 iisque
448 862 666 916 superiores
691 876 850 912 omnes,
883 876 954 902 nec
979 876 1054 902 non
1078 861 1239 918 Moyses
1262 865 1344 919 ipse
1367 880 1451 906 cum
1472 868 1646 920 Amne,

139 938 253 984 atque
284 929 388 971 Iesu.
450 927 655 969 Caeterum
689 929 853 983 quinque
879 930 940 969 illa
960 930 1152 970 volumina
1171 930 1324 987 Moysis
1356 947 1443 974 esse
1476 949 1552 975 non
1582 950 1650 991 pu-

139 1005 241 1048 tant,
275 1006 310 1036 et
340 995 410 1036 alia
441 996 486 1035 ab
518 996 563 1034 iis
594 996 747 1036 diversa
779 1010 896 1050 penes
928 1010 970 1037 se
1002 1011 1089 1037 esse
1115 999 1311 1053 jactitant.

246 1061 346 1104 XX.
381 1061 609 1113 Herodiani,
635 1078 718 1103 eum
737 1062 902 1104 Iudaeos
926 1064 962 1104 in
987 1065 1162 1106 omnibus
1185 1080 1272 1106 sese
1293 1075 1551 1121 praestarent,
1570 1069 1650 1111 He-

137 1132 265 1174 rodem
290 1127 483 1170 Christum
508 1144 594 1170 esse
622 1131 922 1185 profitebantur,
956 1131 1067 1185 eique
1098 1130 1243 1173 Christi
1266 1135 1488 1188 dignitatem
1514 1151 1559 1176 ac
1581 1151 1649 1177 no-

137 1213 222 1240 men
250 1197 496 1249 affingebant.

241 1262 394 1304 Primus
417 1264 491 1304 iste
520 1271 643 1304 tomus
667 1271 747 1316 est,
782 1265 844 1319 qui
873 1265 1055 1307 haereses
1083 1265 1170 1307 XX
1200 1269 1385 1310 continet.
1444 1268 1488 1310 ln
1513 1271 1648 1311 eodem

135 1332 180 1372 de
203 1331 468 1372 incarnatione
498 1329 644 1372 Christi
679 1347 722 1372 ac
745 1333 921 1373 veritatis
953 1334 1196 1388 professione
1228 1343 1423 1390 postremo
1456 1338 1542 1379 loco
1573 1338 1649 1380 dis-

135 1400 291 1440 seritur.

178 1533 231 1566 85.
259 1535 353 1574 Vulgo
378 1534 414 1567 οἱ.
959 1533 1013 1568 86.
1039 1538 1164 1577 Corriyo
1187 1536 1347 1582 περιέχων
1371 1537 1411 1573 τοὶ
1436 1539 1521 1574 κατὰ
1544 1544 1609 1575 cett.
