2034 3267
104 749 434 798 INDICULUS
486 745 704 796 EORUM
757 744 920 805 QUAE
973 745 1036 792 IN
1089 744 1257 792 ΤΟΜΟ
1303 745 1364 792 ΙΙ.
1420 746 1537 794 LIB.
1583 748 1620 795 I.

174 836 630 894 CONTINENTUR‚
669 834 774 895 QUI
807 833 1141 882 HAERESES
1180 834 1556 883 COMPLEGTI-

486 925 616 973 TUR
649 924 793 983 XIII,
828 923 950 972 HOC
990 924 1239 972 ORDINE.

216 1082 248 1123 l.
310 1081 522 1123 Simoniani
554 1096 574 1121 a
597 1079 757 1122 Simone
777 1079 897 1134 Mago
927 1080 1209 1134 cognominati,
1242 1081 1304 1134 qui
1329 1082 1490 1135 apostoli
1513 1080 1619 1122 Petri

107 1150 334 1206 temporibus
356 1149 481 1199 vixit,
515 1163 535 1188 e
561 1147 704 1189 Gitthis
728 1148 814 1188 vico
838 1148 999 1202 quodam
1028 1148 1228 1188 oriundus.
1290 1146 1369 1189 Iste
1397 1162 1480 1188 cum
1517 1159 1622 1190 esset

105 1218 381 1266 Samaritanus,
412 1214 610 1257 Christum
634 1215 788 1256 nomine
811 1223 920 1256 tenus
943 1217 1141 1269 professus
1165 1223 1239 1266 est,
1273 1223 1408 1255 auctor
1432 1217 1620 1257 nefandae

104 1283 348 1324 obscenitatis
371 1291 408 1323 et
428 1283 725 1337 inquinatissimi
747 1283 989 1323 concubitus.
1034 1281 1243 1322 Praeterea
1265 1285 1503 1337 promiscuas
1524 1299 1621 1324 uxo-

101 1366 163 1392 res
178 1357 273 1391 'esse
296 1353 432 1392 voluit.
496 1350 669 1405 Corpora
698 1358 814 1404 negat
842 1364 1072 1403 resurgere,
1106 1364 1176 1390 nec
1201 1364 1222 1390 a
1256 1351 1326 1390 deo
1353 1352 1532 1392 mundum
1567 1354 1621 1392 fa-

99 1419 285 1459 bricatum
322 1433 408 1459 esse
443 1418 592 1459 statuit.
661 1416 871 1471 Imaginem
905 1432 1020 1471 porro
1054 1432 1162 1457 suam
1200 1418 1394 1472 scortique
1425 1419 1508 1469 sui,
1552 1435 1621 1460 no-

99 1485 199 1526 mine
222 1486 419 1537 Helenae,
453 1486 522 1526 sub
550 1484 757 1525 Minervae
794 1485 922 1539 specie
955 1485 1149 1539 discipulis
1175 1485 1405 1525 adorandam
1438 1486 1617 1528 obtrusit.

96 1553 210 1608 Apud
232 1552 444 1594 Samaritas
468 1568 536 1608 pro
559 1554 630 1592 deo
653 1559 761 1607 patre
783 1566 824 1592 se
850 1552 1052 1593 venditans
1071 1551 1223 1593 Iudaeis
1244 1551 1441 1594 Christum
1464 1569 1506 1596 se
1531 1570 1618 1597 esse

98 1621 263 1661 dicebat.

209 1687 263 1728 ll.
297 1687 570 1728 Menandriani
587 1687 632 1728 ab
650 1688 783 1727 eodem
804 1687 868 1727 illo
887 1685 1046 1728 Simone
1064 1702 1132 1742 per
1146 1687 1404 1728 Menandrum
1429 1691 1617 1743 quendam

97 1755 287 1809 originem
314 1763 538 1804 traxerunt,
573 1755 842 1808 nonnullisque
866 1754 904 1794 in
932 1755 1047 1795 rebus
1071 1769 1091 1795 a
1121 1753 1357 1796 Simonianis
1382 1756 1614 1811 discrepant.

94 1821 314 1863 Menander
335 1837 450 1877 porro
481 1825 658 1863 mundum
685 1822 729 1862 ab
753 1822 898 1875 angelis
926 1822 1046 1862 fuisse
1070 1824 1295 1876 productum
1321 1824 1503 1864 asseruit.

207 1889 281 1930 lll.
318 1889 570 1931 Saturniliani
594 1891 630 1930 in
648 1888 764 1944 Syria
783 1887 1094 1930 Simonianorum
1114 1890 1384 1944 turpitudinem
1406 1900 1614 1933 auxerunt.

95 1956 294 1998 Nonnulla
319 1972 467 2012 quoque
493 1958 537 1998 ad
565 1958 748 1997 maiorem
777 1957 1052 1997 conciliandum
1080 1964 1275 2012 stuporem
1302 1959 1347 1998 ad
1370 1959 1520 1999 illorum
1553 1961 1618 2000 ad-

94 2024 222 2065 iecere
254 2026 447 2079 dogmata.
511 2025 658 2065 Horum
693 2025 868 2078 princeps
898 2023 1119 2078 Saturnilus
1158 2026 1248 2076 fuit,
1290 2026 1351 2080 qui
1384 2027 1540 2081 perinde
1572 2042 1617 2068 ac

94 2090 312 2132 Menander
333 2093 460 2133 mundi
489 2093 707 2133 conditores
731 2093 910 2146 angelos,
944 2093 1015 2133 hoc
1045 2100 1104 2133 est
1126 2100 1308 2148 septenos
1334 2108 1386 2134 ex
1409 2094 1471 2144 iis,
1508 2095 1613 2147 facit,

95 2159 208 2213 idque
240 2160 344 2214 ipsos
376 2161 421 2200 de
453 2159 620 2215 supremi
652 2160 820 2214 parentis
852 2161 1041 2200 sententia
1073 2160 1292 2215 suscepisse
1325 2162 1471 2202 statuit.

207 2226 280 2267 IV.
315 2226 537 2268 Basilidiani
559 2227 749 2267 foeditatis
769 2228 937 2268 eiusdem
960 2228 1054 2268 socii
1074 2229 1118 2268 ad
1134 2226 1330 2268 Basiliden
1348 2229 1535 2282 originem
1555 2243 1615 2269 re-

95 2295 238 2345 ferunt,
272 2295 333 2349 qui
357 2310 441 2335 cum
467 2294 664 2335 Saturnilo
682 2293 914 2335 Simonianis
933 2309 977 2335 ac
1000 2294 1293 2335 Menandrianis
1318 2310 1473 2349 operam
1494 2297 1611 2346 dedit,

94 2376 140 2402 ac
159 2363 310 2404 tametsi
335 2363 467 2403 eadem
490 2364 571 2402 fere
593 2362 757 2412 sentiat,
789 2362 827 2402 in
848 2363 1070 2416 quibusdam
1094 2370 1221 2403 tamen
1245 2363 1449 2417 discrepat.
1512 2363 1614 2404 Nam

94 2430 284 2471 coelestes
307 2431 421 2471 orbes
442 2428 671 2471 CCCLXV
691 2430 901 2481 coustituit,
929 2445 1023 2484 quos
1045 2430 1227 2484 angelicis
1247 2431 1463 2472 nominibus
1482 2432 1611 2482 afficit,

93 2496 255 2551 ideoque
280 2498 436 2538 totidem
458 2498 591 2538 diebus
614 2511 754 2536 anuum
775 2505 954 2537 constare
979 2505 1127 2538 censet.
1170 2498 1288 2538 Addit
1312 2505 1350 2538 et
1366 2498 1612 2539 Abrasaxam

95 2564 288 2604 cuiusdam
311 2565 465 2606 virtutis
489 2577 645 2615 nomen,
678 2578 774 2618 quae
796 2562 1025 2607 CCCLXV
1046 2579 1247 2606 numerum
1270 2565 1393 2605 literis
1415 2567 1611 2621 exprimit,

94 2631 206 2686 idque
238 2632 413 2686 spiritum
446 2646 532 2672 esse
563 2638 736 2671 sanctum
767 2632 920 2673 asserit.

204 2698 256 2739 V.
290 2699 509 2740 Nicolaitae
532 2698 730 2739 aNicolao
751 2699 815 2739 illo
839 2700 1001 2741 derivati
1019 2707 1108 2741 sunt
1128 2700 1188 2740 cui
1210 2701 1255 2740 ab
1279 2701 1463 2755 apostolis
1481 2702 1614 2743 vidua-

96 2778 176 2805 rum
203 2781 295 2807 cura
319 2767 522 2807 commissa
546 2768 684 2807 fuerat.
732 2766 805 2807 Hic
829 2768 1021 2822 zelotypia
1042 2768 1088 2808 ob
1110 2781 1274 2808 uxorem
1298 2775 1496 2819 aestuans,
1528 2784 1613 2809 cum
1660 2823 1662 2825 v

138 2898 168 2930 6.
195 2901 488 2944 μεμαὲτητευμένου
513 2904 579 2934 cod.
595 2904 691 2933 ratic.
710 2905 830 2933 etAna-
920 2903 950 2935 ⁵³.
974 2901 1010 2936 τὸ
1045 2905 1144 2935 adieci
1174 2913 1210 2934 ex
1235 2905 1300 2934 cod.
1330 2905 1424 2936 Vatic.
1450 2908 1476 2935 et
1498 2907 1613 2936 Anace-

96 2945 176 2983 ceph.
225 2948 320 2989 ναις-0
345 2946 639 2989 μεμαὲςητευμέυοι.
872 2950 959 2988 phal.
1018 2951 1087 2980 Voc.
1122 2944 1224 2990 ὄνομα
1257 2950 1450 2980 desideratur
1483 2951 1514 2980 in
1547 2949 1613 2981 cod.

139 2988 169 3020 7.
195 2988 252 3030 μὲν
275 2990 329 3023 οὖν
352 2993 416 3022 rod.
443 2995 537 3023 Valle.
879 2995 1004 3033 Rhedz‘y.
