2034 3267
352 181 404 219 98
909 184 991 214 SAN
999 183 1068 214 οτι
1092 183 1317 216 EPIPHANH

355 267 423 320 ρὸν
447 265 506 306 ἀεὶ
528 264 593 304 καὶ
614 260 711 313 πρὸς
730 258 885 310 άπάτην
905 259 1071 310 ἕτοιμον.
1135 257 1292 309 Τυφλόν
1313 258 1384 314 γάρ
1401 258 1427 313 ἦ
1445 265 1573 313 κακία,
1604 263 1667 304 καὶ
1692 260 1874 304 άσύνετον

356 333 381 387 ἡ
399 331 534 384 πλάνη.
582 329 661 368 Καὶ
686 328 758 374 ἕως
777 330 855 367 ποῦ
875 328 1151 379 κατατρίβομαι
1169 323 1216 366 τά
1236 326 1326 378 περὶ
1346 331 1415 366 τοῦ
1435 326 1573 381 γόητος
1590 328 1731 371 τούτου
1752 335 1873 383 φθεγ-

357 399 530 455 γόμενος,
556 395 627 437 ὅσα
647 410 686 434 τε
705 391 803 434 κατὰ
822 397 892 445 τῆς
908 391 1093 445 ἀληθείας
1114 391 1397 444 κατεψεύσατο,·
1423 399 1575 446 πρῶτον
1595 397 1663 448 μὲν
1682 395 1875 438 διδάσκων

357 465 690 517 ἐπαρυησιθεΐαν,
731 458 824 501 καθ’
846 458 1054 513 ’ὑπόκρισιν
1076 462 1272 513 βδελυρῶν
1296 464 1451 500 θυσιῶν
1474 465 1545 513 τῆς
1569 465 1877 517 εἰδωλολατρείας

358 534 521 585 μετέχειν
544 530 684 583 λέγων,
714 529 842 568 ἔπειτα
864 527 906 568 δὲ
931 525 1087 568 άπατῶν
1110 526 1200 575 τούς
1222 525 1440 574 ἀκούοντας
1463 525 1663 579 ἀρνεῖσθαι
1683 530 1752 584 τήν
1775 533 1877 572 ἰδίαν

359 603 486 640 πίστιν
506 595 679 649 στόματι,
714 596 780 636 καὶ
808 593 862 648 μὴ
883 596 977 648 ἔχειν
1001 592 1189 647 ἁμαρτίαν
1208 593 1383 645 φάσκων,
1416 591 1468 642 ὥς
1489 592 1586 636 εἶναι
1608 595 1877 653 ἀθεράπευτον

360 665 402 708 τὸ
433 663 562 706 αὐτῶν
592 662 747 713 πάθος,
777 663 845 703 καὶ
873 661 925 715 μὴ
956 661 1172 715 δυνάμενον
1201 664 1488 717 διορθωθῆναι.

183 882 271 923 Κεφ.
296 875 337 919 γ’.
476 869 531 909 Εἰ
557 866 630 922 γάρ
657 864 699 907 τό
731 863 852 917 στόμα
881 862 924 905 τὸ
951 861 1164 918 ὁμολογοῦν
1184 862 1252 917 τὴν
1277 862 1466 917 ἀλήθειαν
1488 863 1795 918 προετοιμάζεται
1826 867 1879 913 εἰς

360 938 530 989 ψεῦδος,
571 929 646 987 ἆρά
676 933 718 988 γε’
741 949 798 980 τις
824 929 958 980 αὐτοῖς
979 930 1236 983 ἐμπιστεύσειε
1261 930 1330 984 τὴν
1353 934 1516 986 καρδίαν
1538 931 1589 985 μή
1614 933 1711 985 ἔχειν
1733 930 1878 984 ἠπατη-

361 1005 497 1057 μένην,
541 999 658 1044 ὁπότε
687 998 900 1054 διαρρήδην
927 997 1135 1049 ἕκφάσκων
1162 996 1185 1040 ὁ
1208 1004 1319 1047 θεῖος
1339 998 1473 1053 λόγος,
1513 1001 1553 1040 ἐν
1575 998 1760 1052 πνεύματι
1784 997 1880 1056 άγίῳ

361 1070 575 1119 διδάσκων,
617 1067 677 1110 ὅτι
705 1069 847 1122 καρδίᾳ
874 1064 1090 1106 πιστεύεται
1115 1067 1168 1114 εἰς
1192 1064 1462 1117 δικαιοσύνην,
1504 1065 1662 1118 στόματι
1683 1066 1724 1107 δὲ
1745 1064 1880 1119 ὁμολο-

361 1145 482 1194 γεῖται
507 1139 559 1185 εἰς
581 1137 784 1189 σωτηρίαν.
836 1131 945 1173 'Anci
965 1133 1030 1173 καὶ
1050 1131 1163 1174 πάλιν
1184 1135 1307 1186 δῆθεν
1332 1133 1398 1184 μὲν
1420 1132 1588 1186 Χριστόν
1609 1132 1770 1185 ὀνόματι
1790 1131 1880 1186 ὄμο-

362 1211 484 1260 λογεῖ,
513 1204 632 1258 λέγων
651 1201 731 1251 ὅτι,
766 1199 933 1255 Χριστὸς
955 1198 978 1240 ὁ
1002 1200 1118 1254 μέγας
1142 1198 1329 1252 βασιλεύς.
1393 1198 1451 1240 Ού
1473 1199 1548 1252 μὴν
1569 1199 1674 1241 πάνυ
1698 1217 1737 1254 γε
1759 1203 1880 1242 κατεί-

362 1279 467 1326 ληφα
488 1273 530 1312 ἐκ
549 1275 616 1322 τῆς
637 1266 758 1310 αὐτοῦ
777 1271 935 1320 δολερᾶς
956 1267 1022 1307 καὶ
1040 1267 1411 1320 παραπεποιημένης
1429 1266 1643 1316 συντάξεως
1662 1272 1731 1320 τῆς
1746 1270 1882 1320 βίβλου

362 1345 432 1393 τῆς
454 1337 573 1379 αὐτοῦ
592 1338 805 1389 ληρωδίας,
845 1335 879 1374 εἰ
900 1334 988 1387 περὶ
1009 1337 1078 1374 τοῦ
1098 1335 1235 1385 κυρίου
1256 1331 1368 1385 ἡμῶν
1387 1331 1513 1386 Ἰησοῦ
1539 1338 1711 1389 Χριστοῦ
1731 1333 1883 1390 ὑφηγή-

364 1422 468 1448 σατο.
530 1402 629 1444 Οὔτε
648 1401 721 1457 γάρ
743 1405 857 1442 τοῦτο
880 1398 1018 1454 ὁρίζει,
1052 1398 1222 1453 Χριστόν
1246 1400 1287 1441 δὲ
1308 1397 1439 1449 άπλῶς
1457 1401 1574 1455 λέγει,
1605 1399 1657 1450 ὥς
1680 1403 1718 1450 ἐξ
1740 1397 1795 1443 ῶν
1815 1420 1879 1442 κα-

222 1497 277 1523 μῃμ
306 1484 346 1511 42.
365 1471 596 1524 τειλήφαμέν
619 1487 706 1511 τινα
730 1470 858 1522 ἕτερον
880 1470 1078 1520 σημαίνων
1101 1465 1127 1519 ἢ
1149 1470 1387 1521 προςδοκῶν.
1448 1467 1599 1510 Κωλύει
1622 1467 1692 1523 γάρ
1717 1468 1770 1517 εἰς
1791 1467 1881 1509 ἄνα-

362 1539 478 1588 τολάς
500 1537 708 1588 εὔξασθαι,
739 1535 901 1588 φάσκων
921 1534 973 1588 μὴ
998 1537 1079 1575 δεῖν
1102 1535 1297 1589 προςέχειν
1317 1533 1461 1585 οὕτως,
1490 1536 1554 1576 ἐπὶ
1575 1535 1620 1576 τά
1639 1534 1881 1590 Ἱεροσόλυμα

365 1609 406 1650 δὲ
436 1610 532 1660 ἔχειν
561 1604 603 1647 τὸ
629 1603 840 1659 πρόςωπον
865 1604 908 1644 ἐκ
931 1601 1085 1643 πάντων
1106 1606 1182 1643 τῶν
1206 1606 1352 1656 μερῶν,
1391 1600 1482 1650 τούς
1507 1602 1575 1654 μὲν
1597 1601 1661 1643 ἄπ’
1684 1601 1881 1644 ἀνατολῶν

365 1679 418 1725 εἰς
443 1674 554 1717 δύσιν
576 1673 771 1726 προςέχειν
797 1675 842 1728 τῇ
863 1668 1130 1724 Ἰερουσαλὴμ,
1170 1668 1262 1717 τούς
1285 1669 1326 1711 δὲ
1348 1667 1423 1710 dmi
1449 1669 1594 1718 δύσεως
1619 1672 1672 1718 εἰς
1692 1668 1881 1722 άνατολήν

364 1748 413 1801 τῇ
436 1741 556 1799 αὐτῇ,
594 1738 685 1787 τοῦς
708 1739 749 1780 δὲ
772 1736 849 1780 άπὸ
872 1737 990 1779 νότου
1012 1738 1078 1778 καὶ
1105 1739 1341 1792 μεσημβρίας
1364 1738 1416 1785 εἰς
1437 1735 1597 1790 ἄρκτον,
1637 1737 1729 1786 τούς
1750 1738 1791 1779 δὲ
1815 1735 1879 1778 ἄπ’

369 1810 513 1865 ἄρκτου
545 1809 598 1856 εἰς
628 1808 890 1860 μεσημβρίαν,
934 1803 986 1853 ὥς
1014 1803 1256 1857 πανταχόθεν
1282 1803 1325 1845 τό
1349 1803 1555 1859 πρόςωπον
1578 1803 1759 1858 ἄντικρυς
1784 1803 1882 1846 εἶναι

366 1883 434 1931 τῆς
452 1873 710 1930 Ἰερουσαλήμ.
770 1874 851 1913 Καὶ
880 1871 954 1925 ὅρα
977 1870 1045 1925 τὴν
1068 1876 1138 1913 τοῦ
1161 1870 1380 1920 άπατεῶνος
1402 1871 1714 1925 φρενοβλάβειαν.
1770 1870 1878 1913 Ἀνα-

367 1946 561 1998 θεματίζει
583 1942 652 1995 μὲν
672 1939 744 1996 γάρ
767 1942 910 1988 θυσίας
927 1940 993 1981 καὶ
1014 1941 1244 1994 ἱερουργίας,
1276 1937 1328 1987 ὦς
1347 1937 1541 1993 ἀλλοτρίας
1561 1938 1681 1987 οὔσας
1697 1944 1796 1982 θεοῦ
1813 1942 1880 1981 καὶ

369 2011 461 2066 μήτε
490 2010 589 2058 ὅλως
616 2013 698 2066 θεῷ
727 2010 770 2050 ἐκ
795 2012 873 2049 τῶν
894 2007 1072 2061 πατέρων
1100 2007 1165 2047 καὶ
1192 2010 1262 2047 τοῦ
1286 2005 1409 2059 νόμου
1431 2006 1522 2047 ποτὲ
1547 2010 1880 2060 προςενεχθείσας,

367 2081 434 2122 καὶ
454 2079 551 2134 λέγει
571 2079 652 2119 ε’κεῖ
667 2079 748 2117 δεῖν
769 2073 948 2128 εὔχεσθαι
971 2076 1024 2122 εἰς
1043 2071 1310 2128 Ἰερουσαλὴμ,
1341 2072 1440 2115 ὅπου
1461 2068 1511 2126 ἦν
1532 2072 1574 2114 τό
1596 2073 1882 2128 θυσιαστήριον

368 2148 436 2189 καὶ
457 2148 500 2187 αἱ
518 2148 675 2194 θυσίαι,
705 2141 943 2195 ἀρνούμενος
964 2140 1033 2194 τὴν
1053 2139 1158 2195 παρά
1179 2147 1261 2190 τοῖς
1279 2139 1477 2189 Ἰουδαίοις
1495 2144 1783 2196 σαρκοφαγίαν,
1814 2143 1880 2183 καὶ

369 2213 415 2255 τά
437 2212 551 2263 ἅλλα,
580 2209 707 2254 καὶτὸ
729 2208 1031 2264 θυσιαστήριον,
1061 2207 1105 2249 τό
1129 2224 1167 2249 τε
1192 2213 1270 2262 πῦρ
1296 2206 1382 2257 &gez
1400 2211 1496 2249 θεοῦ
1518 2206 1732 2262 ἆλλότριον·
1772 2207 1815 2250 τὸ
1841 2210 1882 2250 δὲ

370 2281 475 2335 ὕδωρ
501 2278 599 2321 εἶναι
617 2276 762 2327 δεξιόν,
791 2282 870 2331 πῦρ
895 2276 936 2317 δὲ
957 2274 1153 2328 ἀλλότριον
1176 2273 1274 2316 εἶναι
1293 2274 1453 2327 φάσκων
1477 2273 1541 2316 διά
1561 2273 1707 2316 τούτων
1728 2280 1805 2317 τῶν
1824 2277 1880 2318 λε’-

372 2351 483 2398 ξεων’
519 2348 663 2397 Τέκνα,
694 2343 911 2399 πορεύεσθε
935 2341 987 2396 μὴ
1009 2341 1107 2397 πρός
1127 2341 1168 2384 τὸ
1191 2340 1294 2391 εἶδος
1312 2347 1383 2384 τοῦ
1407 2341 1550 2396 πυρός,
1580 2340 1639 2383 ὅτι
1661 2348 1878 2385 πλανᾶσθε·

372 2414 496 2467 πλάνη
518 2412 591 2468 γάρ
617 2415 693 2455 ε’στι
716 2411 758 2454 τὸ
782 2416 970 2453 τοιοῦτον.
1027 2408 1142 2466 Ὁρᾷς
1163 2409 1256 2465 γάρ,
1287 2411 1426 2462 φησὶν,
1456 2407 1548 2451 αὐτὸ
1570 2408 1786 2464 ἐγγυτάτω,
1815 2412 1882 2452 καὶ

372 2485 475 2524 ἔστιν
500 2479 577 2522 άπὸ
601 2480 829 2535 πόρρωθεν·
869 2477 921 2531 μή
942 2476 1156 2532 πορεύεσθε
1177 2476 1275 2531 πρὸς
1296 2476 1338 2519 τὸ
1362 2475 1463 2525 εἶδος
1486 2474 1626 2527 αὐτοῦ,
1665 2476 1881 2531 πορεύεσθε

372 2551 414 2591 δὲ
435 2553 578 2603 μᾶλλον
600 2549 665 2590 ἐπὶ
684 2546 755 2601 τὴν
773 2544 912 2600 φωνὴν
929 2549 999 2587 τοῦ
1018 2543 1170 2593 ὕδατος.
1215 2546 1294 2586 Καὶ
1316 2543 1436 2586 πολλά
1456 2545 1533 2585 ἐστι
1551 2542 1598 2584 τά
1616 2541 1736 2585 αὐτοῦ
1756 2551 1881 2598 μυθο-

371 2616 579 2672 λογήματα.

197 2819 284 2861 Κεφ.
310 2815 349 2851 δ’.
487 2804 589 2847 Εἶτα
613 2807 654 2847 δὲ
675 2804 880 2860 διαγράφει
910 2800 1078 2858 Χριστόν
1097 2820 1182 2843 τινα
1207 2800 1303 2844 εἶναι
1328 2801 1510 2855 δύναμιν,
1541 2795 1591 2843 οὗ
1609 2801 1675 2842 καὶ
1695 2797 1741 2841 τά
1764 2801 1881 2855 μέτρα

376 2877 570 2928 σημαίνει,
600 2871 916 2927 εἰκοσιτεσσάρων
947 2870 1015 2924 μὲν
1043 2873 1219 2923 σχοινίων
1247 2869 1290 2912 τὸ
1310 2875 1452 2923 μῆκος,
1493 2865 1546 2917 ὥς
1567 2869 1700 2921 μιλίων
1729 2867 1877 2920 ε’ννενη·

374 2941 551 2991 κονταὲξ,
589 2938 631 2981 τὸ
656 2939 698 2980 δὲ
722 2938 864 2988 πλάτος
884 2939 1060 2991 σχοινίων
1082 2939 1144 2988 ἓξ,
1189 2942 1202 2966 ¹
1220 2939 1352 2990 μιλίων
1379 2934 1711 2991 εἰκοσιτεσσάρων,
1740 2935 1806 2976 καὶ
1833 2933 1877 2977 vd

419 3032 493 3063 CAP.
517 3032 570 3063 IV.
595 3050 636 3055 —
663 3032 691 3063 1.
717 3029 830 3072 μιλίων
849 3040 909 3061 om.
931 3030 997 3062 cod.
1024 3030 1121 3060 Venet.
