2034 3267
202 1011 288 1051 Κεφ·
315 1002 350 1046 ς’·

237 1094 304 1122 pag.
322 1085 365 1111 80.

208 2019 295 2062 Κεφ.

324 2016 360 2059 {K

373 180 449 218 130
920 181 1078 213 8ΛΝΟΤΙ
1107 181 1327 214 EPIPHANH

372 264 466 316 ἐμοῦ
503 263 659 315 ἔγραψε.
718 258 798 298 Καὶ
832 255 925 297 ἄλλα
955 254 1075 297 πολλοὶ
1110 257 1189 296 ἔστι
1215 255 1315 310 πρὸς
1345 255 1539 302 ἀντίθεσιν
1564 265 1632 313 τῆς
1659 264 1727 302 τοῦ
1748 259 1889 315 γόητος

374 328 597 382 ἀντιλογίας.
658 328 754 372 Πῶς
776 325 817 366 δὲ
846 325 950 365 ἔσται
971 322 1018 364 τοὶ
1050 322 1186 377 αι’σχρά
1210 321 1368 374 ζωτικά,
1410 327 1444 365 εἰ
1474 326 1525 379 μή
1553 345 1586 369 τι
1617 327 1664 369 ἂν
1691 327 1888 380 δαιμόνων

376 388 434 448 εἴη
464 393 504 435 τὸ
535 391 739 445 φρόνημα;
781 390 901 434 ὁπότε
935 389 1052 438 αὐτὸς
1077 388 1100 431 ὁ
1121 390 1258 444 κύριος
1279 391 1374 445 λέγει
1404 393 1444 432 ε’ν
1473 398 1525 449 τῷ
1557 393 1758 452 εὐαγγελίῳ
1789 393 1889 448 πρὸς

376 461 467 509 τούς
486 460 662 514 λέγοντας
687 457 814 516 αὐτῷ,
856 461 911 499 Εἰ
937 458 1061 506 οὕτως
1084 455 1108 511 ἦ
1129 459 1231 499 αἰτία
1257 463 1326 499 τοῦ
1352 457 1493 512 ἀνδρὸς
1514 461 1580 500 καὶ
1600 466 1668 514 τῆς
1690 460 1886 517 γυναικὸς,

376 526 423 569 οὐ
446 527 634 581 συμφέρει
656 532 843 581 γαμῆσαι·
883 524 905 568 ὁ
933 526 973 567 δὲ
1000 523 1099 580 πρὸς
1121 523 1262 573 αὐτοῦς
1282 527 1381 578 ἔφη,
1425 524 1483 566 Οὐ
1513 526 1651 576 πάντες
1674 535 1787 570 τοῦτο
1818 546 1887 581 χω-

378 599 533 649 ροῦσιν·
567 595 639 635 εἰσὶ
662 593 734 649 γάρ
766 592 962 646 εὐνοῦχοι,
992 595 1130 641 οἵτινες
1159 590 1383 646 εὐνούχισαν
1405 591 1568 641 ἑαυτούς
1597 594 1660 635 διὰ
1686 595 1756 648 την
1781 598 1886 649 βασι·

377 664 479 703 λείαν
500 665 576 703 τῶν
598 659 792 716 οὐρανῶν·
831 662 896 702 καὶ
925 662 1064 709 ἔδειξεν
1087 657 1140 708 ῶς
1166 659 1207 701 τὸ
1235 659 1351 711 φύσει
1375 657 1586 712 ἀπέχεσθαι
1616 665 1792 717 συζυγίας
1821 666 1887 715 βα-

379 731 518 777 σιλείας
537 728 716 783 οὐρανῶν
737 730 810 770 ἐστι
835 731 980 782 δῶρονς
1023 726 1148 768 Πάλιν
1172 727 1213 769 δὲ
1237 728 1278 769 ἐν
1306 726 1404 784 ἄλλῳ
1434 726 1541 785 τόπῳ
1575 729 1672 782 λέγει
1700 729 1796 771 κατά
1824 728 1889 771 τὸν

379 794 518 849 σεμνόν
538 795 675 851 γάμον,
707 795 753 838 ὃν
775 794 892 844 αὐτὸς
911 793 934 836 ὅ
953 797 1089 847 Σίμων
1106 798 1392 849 παραφθείρων
1413 797 1576 848 αἰσχρῶς
1596 795 1799 847 μεθοδεύει
1821 795 1891 849 την

379 865 520 905 ἑαυτοῦ
546 865 779 917 ἐπιθυμίαν,
820 862 901 914 ὅτι,
944 860 1026 910 Οὓς
1055 860 1078 903 ὁ
1109 860 1205 910 θεός
1231 864 1463 913 συνέζευξεν,
1494 861 1709 916 ἄνθρωπος
1739 862 1792 916 μὴ
1822 881 1890 916 χω-

379 932 519 987 ριζέτω.

493 1002 588 1047 Πῶς
617 998 658 1039 δὲ
681 997 796 1039 πάλιν
820 995 843 1039 ὁ
867 995 1009 1045 πλάνος
1032 995 1312 1049 ἐπιλαθόμενος
1332 1001 1401 1049 τῆς
1424 998 1524 1045 ἰδίας
1543 1000 1736 1052 ληρωδίας
1755 996 1893 1038 ἑαυτὸν

384 1068 537 1122 ἐλέγχει,
578 1064 703 1117 ὥςπερ
726 1063 877 1119 ἀγνοῶν
900 1063 925 1105 ἃ
945 1065 1137 1118 προλέγεις
1178 1063 1313 1116 Φήσας
1336 1063 1408 1118 γάρ
1430 1063 1488 1105 ὅτι
1510 1062 1575 1105 ὐπ’
1597 1064 1717 1106 αὐτοῦ
1739 1063 1892 1120 γεγόνα-

381 1149 441 1176 σιν
462 1136 503 1175 οἱ
518 1131 667 1188 ἄγγελοι
686 1132 750 1174 διοὶ
769 1137 836 1184 τῆς
853 1129 973 1172 αὐτοῦ
991 1130 1164 1179 Ἐννοίας
1182 1130 1296 1171 πάλιν
1317 1133 1415 1186 ἔλεγε
1435 1136 1784 1185 μεταμορφοῦσθαι
1802 1130 1893 1173 καθ’

378 1203 538 1243 ἕκαστον
561 1199 747 1254 οὐρανόν,
788 1199 896 1247 ὅπως
915 1198 1034 1240 λα’θοι
1054 1197 1145 1246 τούς
1170 1195 1313 1246 αὐτούς
1342 1200 1382 1239 ἐν
1411 1203 1463 1255 τῷ
1486 1200 1664 1240 κατιέναι.
1711 1198 1813 1253 ”Apa
1835 1201 1893 1240 δε-

380 1267 474 1316 διῶς
496 1267 694 1309 ἐλάνθανε.
755 1267 833 1306 Καὶ
854 1270 937 1314 πῶς
958 1267 1081 1306 δέδιεν
1100 1263 1121 1305 ὁ
1140 1264 1347 1319 ληρολόγος
1366 1264 1435 1313 οὓς
1454 1264 1570 1314 αὐτὸς
1591 1268 1769 1318 ἐποίησεν
1787 1264 1894 1320 ἀγγέ-

379 1342 488 1385 λουςς
513 1339 597 1382 πῶς
616 1334 656 1374 δὲ
677 1331 726 1375 οὐ
745 1334 861 1373 παντὶ
885 1337 899 1361 1
917 1330 1191 1386 εὖθυέλεγκτος
1212 1330 1332 1372 αὐτοῦ
1351 1338 1431 1380 τοῖς
1452 1340 1622 1382 συνετοῖς
1644 1332 1668 1386 ἦ
1687 1332 1893 1386 ὖποσπορά

380 1408 448 1455 τῆς
472 1400 620 1453 πλάνης
642 1398 915 1454 εὑρεθήσεται,
956 1397 1072 1440 ὁπότε
1095 1401 1135 1440 ἐν
1158 1397 1254 1456 ἀρχῇ
1280 1401 1457 1452 ἐποίησεν
1480 1398 1501 1441 ὁ
1522 1400 1615 1449 θεὸς
1638 1399 1706 1442 τὸν
1728 1399 1895 1454 οὐρανὸν

378 1471 445 1511 καὶ
466 1467 534 1522 τήν
555 1473 638 1523 γῆν,
671 1468 791 1520 φησὶν
811 1465 837 1520 ἡ
857 1465 1002 1521 γραφὴ,
1032 1467 1096 1507 καὶ
1118 1465 1363 1522 συνᾳδόντως
1383 1465 1507 1523 τούτῳ
1525 1472 1577 1523 τῷ
1598 1467 1698 1525 λόγῳ
1720 1465 1742 1508 ὁ
1760 1466 1895 1522 κύριος

382 1539 421 1579 ἐν
447 1541 500 1593 τῷ
524 1533 726 1592 εὐαγγελίῳ
750 1535 891 1587 φησὶν,
932 1532 985 1582 ῶς
1005 1532 1105 1588 πρὸς
1126 1531 1192 1575 τὸν
1213 1532 1309 1575 θεόν
1329 1535 1474 1588 πατέρα
1496 1533 1563 1576 τὸν
1585 1537 1706 1585 ἴδιον,
1749 1533 1894 1589 Πάτερ,

380 1603 489 1658 κύριε
517 1607 585 1645 τοῦ
615 1601 786 1656 οὐρανοῦ
815 1592 892 1643 καὶ·
909 1605 978 1654 τῆς
1002 1606 1092 1656 γῆς,
1137 1603 1193 1641 Εἰ
1210 1604 1341 1643 τοίνυν
1363 1600 1523 1654 ποιητής
1544 1600 1716 1656 οὐρανοῦ
1737 1603 1803 1643 καὶ
1825 1606 1897 1656 γῆς

381 1670 542 1725 ὑπάρχει
569 1668 590 1712 ὁ
618 1669 712 1718 θεὸς
735 1667 757 1710 ό
779 1668 905 1723 πατὴρ
928 1673 996 1710 τοῦ
1021 1671 1159 1723 κυρίου
1182 1666 1293 1722 ἡμῶν
1313 1667 1438 1721 Ἰησοῦ
1467 1673 1660 1723 Χριστοῦ,
1701 1668 1825 1722 μάτην
1848 1668 1894 1709 τοὶ

1284 1735 1292 1749 ἱ
1331 1734 1341 1748 P

381 1737 506 1779 πάντα
533 1742 584 1794 τῷ
610 1736 839 1794 συκοφάντῃ
863 1739 1014 1789 Σίμωνι
1045 1738 1210 1789 εἴρηται,
1250 1753 1292 1776 το
1316 1734 1380 1777 υπ’
1403 1734 1571 1791 ἀγγέλων
1593 1735 1659 1778 τόν
1679 1735 1829 1788 κόσμον
1854 1737 1896 1777 ἐν

382 1805 612 1858 ἐλαττῶματι
630 1809 874 1859 γεγενῆσθαι,
897 1804 964 1845 καὶ
993 1802 1039 1844 τά
1061 1802 1154 1844 ἄλλα
1177 1802 1304 1845 πάντα
1327 1802 1397 1845 ὅσα
1418 1806 1614 1857 δαιμονῶν
1639 1801 1661 1845 ὁ
1679 1802 1823 1852 πλάνος
1842 1808 1895 1859 τῷ

380 1872 514 1930 κόσμῳ
547 1875 777 1925 παραλαλῶν
807 1869 1040 1926 ἐξηγήσατο,
1084 1872 1151 1912 καὶ
1182 1869 1334 1924 ἀπάτην
1362 1872 1460 1913 τισὶν
1492 1872 1690 1924 ἐνεποίησε
1719 1875 1795 1912 τῶν
1828 1868 1895 1912 ὐπ’

383 1938 504 1983 αὐτοῦ
533 1938 802 1993 ἠπατημένων.

496 2008 576 2048 Καὶ
593 2004 714 2047 ταῦτά
735 2023 800 2058 μοι
818 2007 857 2048 ἒν
876 2007 1037 2063 ἐπιτομῇ
1058 2005 1158 2059 πρὸς
1176 2005 1247 2058 τήν
1266 2004 1404 2048 τούτου
1423 2007 1567 2059 αἵρεσιν
1584 2007 1764 2060 εἰρημένα
1784 2004 1895 2061 ἀρκέ-

382 2090 438 2117 σει
459 2080 542 2123 τοῖς
565 2073 862 2129 ἐντυγχάνουσιν
885 2075 938 2121 εἷς
958 2072 1157 2125 πρόφασιν
1183 2072 1367 2126 ἀληθείας
1394 2089 1433 2114 τε
1464 2074 1530 2113 καὶ
1554 2073 1710 2123 ἰάσεως,
1750 2074 1816 2114 καὶ
1841 2075 1896 2122 εἰς

381 2144 531 2197 ἔλεγχον
559 2146 637 2183 τῶν
666 2140 730 2183 διά
759 2145 829 2194 τῆς
851 2139 1031 2193 τοιαύτης
1051 2140 1276 2194 θηριώδους
1300 2144 1456 2194 φθορᾶς
1480 2141 1728 2194 πειρωμένων
1749 2139 1896 2182 ἀδικεῖν

382 2208 474 2258 τούς
499 2207 743 2264 ἀγνοοῦντας.
799 2206 1090 2262 ’Τπερβήσομαι
1119 2209 1178 2259 δὲ,
1219 2209 1286 2249 καὶ
1316 2205 1375 2259 ἐφ’
1394 2208 1522 2261 ἑτέρας
1550 2206 1663 2248 πάλιν
1682 2210 1895 2261 βαδιοῦμαι

383 2278 564 2331 αἱρέσεως
583 2278 742 2331 ἔλεγχον.
791 2274 899 2316 ’Ἐστι
919 2273 991 2330 γάρ
1012 2276 1052 2316 ἐν
1073 2274 1175 2332 αὐτῷ
1199 2273 1388 2328 μεταβολὴ
1408 2276 1473 2316 καὶ
1493 2273 1717 2326 ε’νδυασμός,
1744 2274 1894 2316 πλάνου

383 2344 452 2397 μὲν
480 2343 591 2393 ὄντος
619 2342 762 2394 αὐτοῦ,
803 2341 959 2396 μορφὴν
988 2343 1030 2383 δὲ
1059 2340 1249 2395 ὀνόματος
1274 2346 1447 2397 Χριστοῦ
1470 2343 1747 2393 ἒνδυσαμένου,
1789 2340 1842 2391 ῶς
1869 2341 1896 2395 ἦ

384 2416 461 2453 τῶν
485 2411 740 2465 ἒκτρωμάτων
765 2409 983 2465 ἕρπετώδης
1005 2411 1042 2458 ἐξ
1064 2408 1206 2463 οὕρίων
1230 2409 1317 2451 ῶῶν
1340 2408 1512 2450 ἀσπίδων
1533 2409 1766 2461 κυϊσκομένη
1791 2416 1895 2461 φθο-

385 2477 454 2534 ρά,
483 2480 548 2519 καὶ
573 2477 695 2520 ἄλλων
717 2479 896 2530 ἐχιδνῶν,
928 2476 981 2525 ὥς
1002 2492 1120 2529 φησιν
1142 2476 1164 2518 ὁ
1185 2476 1404 2531 προφήτης,
1432 2474 1502 2517 Ώά
1526 2474 1698 2516 ἀσπίδων
1719 2477 1894 2530 ἔρρηξαν,

385 2547 453 2588 καὶ
475 2543 498 2587 ὅ
517 2547 661 2598 μέλλων
681 2550 759 2587 τῶν
783 2543 871 2586 οἰῶν
894 2542 1023 2585 αὐτῶν
1047 2550 1184 2598 φαγεῖν
1206 2540 1314 2600 εὗρεν
1335 2543 1489 2598 οὔριον,
1518 2544 1582 2584 καὶ
1604 2543 1644 2583 ἐν
1664 2540 1767 2598 αὐτῷ
1787 2546 1895 2595 βασι-

385 2616 527 2655 λίσκον.
583 2611 691 2654 Ἀλλά
719 2617 766 2670 τῇ
789 2611 970 2664 δυνάμει,
1012 2609 1066 2660 ῶς
1087 2613 1206 2664 ἔφην,
1245 2617 1313 2654 τοῦ
1341 2615 1510 2666 Χριστοῦ
1532 2614 1668 2651 τοῦτον
1693 2612 1897 2658 παίσαντες

389 2679 453 2722 διὰ
476 2685 554 2722 τῶν
575 2685 644 2734 τῆς
665 2679 850 2734 ἀληθείας
871 2677 1014 2734 λόγων,
1055 2680 1122 2720 καὶ
1143 2677 1212 2732 τὴν
1236 2678 1355 2721 αὐτοῦ
1375 2678 1500 2732 λύμην
1518 2676 1789 2730 ἀφανίσαντες,
1831 2679 1896 2720 ε’πὶ

389 2746 457 2796 τὰς
486 2749 571 2800 ἑξῆς
601 2750 719 2801 ἰ’ωμεν
748 2746 948 2803 ἀγαπητοί.

435 2839 512 2871 Cap·
531 2840 587 2872 VI.
611 2858 654 2864 --
679 2841 708 2874 1.
731 2841 815 2872 Edici
837 2841 907 2871 libri
929 2839 1067 2870 mendose
1091 2834 1338 2881 εὐὲυέλεγχξτος.
