2034 3267
473 152 646 183 PANARH
671 151 752 183 [ΑΒ.
767 152 789 184 1.
814 153 918 184 ToM.
938 153 979 185 u.
1003 153 1263 185 masxxvi.
1546 147 1621 186 187

116 232 339 280 iunxerunt,
366 230 489 270 eidem
514 228 681 270 Sabaoth
710 230 866 284 capillos
890 244 975 271 esse
1006 231 1233 281 muliebrcs;
1266 231 1362 285 quod
1386 231 1534 271 scilicet
1555 246 1624 272 vo-

117 313 203 347 cem,
224 297 326 338 illam
349 296 519 338 Sabaoth
544 296 732 351 Principis
758 296 917 337 alicuius
940 312 1028 338 esse
1054 312 1191 337 nomen
1218 299 1464 349 arbitrentur,
1498 313 1622 353 neque

115 365 204 406 illud
227 364 464 418 intelligant,
497 365 722 418 ubicumque
749 364 800 404 ita
828 365 988 415 dicitur,
1020 369 1121 404 Haec
1144 369 1237 405 dicit
1256 369 1422 406 dominus
1440 368 1618 413 Sabaoth,

115 447 190 472 nou
216 432 423 486 cuiuspiam
448 431 483 471 id
511 445 597 471 esse
626 430 815 485 proprium
841 445 1002 480 nomen,
1035 433 1100 472 sed
1130 434 1383 486 praedicando
1408 434 1533 488 potius
1554 448 1623 473 nu-

115 499 203 539 mini
230 500 334 539 velut
360 499 543 552 quoddam
570 498 797 538 laudationis
824 498 1050 537 vocabulum
1073 500 1257 539 adhiberi.
1320 499 1468 555 Quippe
1503 501 1622 541 domi-

114 580 184 607 nus
206 564 375 607 Sabaoth
398 567 495 606 idem
516 564 704 605 Hebraice
731 564 830 616 quod
853 565 1090 604 exercituum
1125 566 1329 619 significat.
1390 567 1443 608 Et
1470 567 1620 622 quidem

112 633 338 687 ubicumque
366 647 445 673 vox
467 633 532 672 illa
553 630 719 672 Sabaoth
746 631 782 669 in
807 638 939 670 vetere
966 638 1194 672 testamento
1220 633 1375 686 legitur,
1408 635 1621 676 exercitum

114 708 243 741 sonat.
305 699 434 754 ltaque
460 713 527 754 pro
550 712 596 737 eo
620 697 716 750 quod
744 696 935 737 Hebraice
956 699 1137 752 scriptum
1159 706 1234 751 est,
1266 704 1421 741 Adonai
1440 704 1617 751 Sabaoth,

112 769 252 822 Aquila
281 775 484 822 perpetuo,
515 767 690 804 Dominus
710 767 937 802 exercituum
960 765 1099 805 reddit.
1161 764 1238 806 Sed
1262 767 1325 806 isti
1348 770 1478 808 furore
1508 777 1620 823 atque

113 835 277 874 amentia
302 833 432 889 perciti
458 833 503 871 ad
530 830 669 870 domini
703 830 760 871 sui
793 830 969 871 iniuriam
1002 845 1086 871 eum
1111 833 1172 886 qui
1200 847 1384 887 nusquam
1412 842 1472 875 est
1497 836 1621 889 inqui-

113 909 224 952 runt,
257 909 295 942 et
316 915 398 941 eum
423 899 482 951 qui
510 904 569 937 est
587 899 735 950 reipsa,
770 898 830 938 vel
854 899 1082 952 semetipsos
1102 900 1249 954 potius,
1284 902 1543 955 perdiderunt.

223 967 322 1009 Sunt
346 974 383 1006 et
410 965 507 1005 aliae
531 965 749 1004 eorumdem
772 965 1070 1006 innumerabiles
1096 980 1242 1019 nugae,
1284 982 1355 1008 nec
1378 968 1461 1009 sine
1494 971 1618 1011 taedio

113 1043 238 1090 potest
264 1034 383 1075 omnis
406 1032 565 1072 istorum
591 1030 741 1071 insania
767 1034 1073 1073 commemorari.
1137 1032 1216 1074 Sed
1248 1036 1335 1075 illud
1370 1039 1620 1088 praetermitti

114 1117 187 1142 non
213 1107 346 1157 potest,
378 1099 559 1153 quosdam
585 1111 637 1138 ex
660 1098 792 1139 horum
820 1114 906 1140 esse
935 1116 1109 1151 numer0‚
1143 1101 1204 1155 qui
1232 1102 1284 1141 ita
1308 1103 1504 1143 mulierum
1529 1119 1620 1144 con-

113 1169 309 1210 suetudine
329 1167 536 1214 abstinent,
569 1172 610 1205 ut
630 1166 778 1220 seipsos
801 1167 975 1207 manibus
997 1169 1076 1208 suis
1097 1176 1370 1223 conspurcent‚
1392 1169 1516 1224 iisque
1539 1173 1618 1211 foe-

112 1235 301 1277 dissimum
325 1233 489 1273 libidinis
513 1232 620 1272 virus
646 1234 840 1287 excipiant
863 1242 975 1288 atque
1008 1250 1054 1276 eo
1081 1244 1311 1288 vescantur,
1355 1239 1401 1277 ad
1435 1239 1532 1292 quod
1564 1246 1619 1279 te-

1645 982 1720 1024 Cap.
1738 983 1797 1013 Xl.

111 1301 323 1343 stimonium
362 1301 451 1340 illud
491 1314 557 1353 per
589 1315 772 1341 summam
807 1303 1034 1342 calumniam
1064 1304 1314 1358 detorquent:
1356 1308 1493 1345 Manus
1526 1309 1619 1345 istae
1637 1320 1696 1346 Act.
1714 1320 1758 1354 20,
1775 1320 1817 1346 31.

111 1371 389 1420 suppeditarunt
410 1383 480 1407 nou
505 1370 597 1406 mila·
612 1370 743 1416 solum,
776 1372 842 1408 sed
862 1378 899 1408 et
919 1373 964 1408 iis
983 1374 1051 1422 qui
1069 1386 1205 1410 meeum
1227 1380 1327 1410 suut.
1373 1371 1468 1412 Item
1491 1373 1614 1414 istud:

110 1439 306 1488 Operautes
334 1437 500 1474 manibus
527 1439 713 1487 propriis,
760 1444 803 1475 ut
826 1441 979 1488 possitis
1008 1441 1054 1477 iis
1074 1441 1232 1490 quinon
1254 1441 1391 1479 habent
1418 1444 1616 1480 eommum'-
1633 1454 1799 1490 Eph.4‚2ss.

107 1518 205 1543 care.
266 1501 324 1542 De
348 1503 482 1556 quibus
509 1503 603 1542 adeo
635 1502 725 1542 milii
749 1512 959 1544 commotus
983 1505 1133 1545 videtur
1164 1506 1202 1546 in
1229 1507 1402 1561 apostolo
1427 1507 1515 1548 Iuda
1540 1508 1617 1562 spi-

105 1570 201 1611 ritus
225 1577 403 1620 sanctus,
448 1570 517 1610 hoc
545 1577 604 1609 est
632 1570 669 1609 in
702 1571 888 1612 catholica
921 1572 1020 1612 illius
1052 1573 1212 1627 epistola
1250 1573 1384 1625 (ludas
1411 1575 1473 1615 ille
1501 1590 1616 1629 porro

107 1637 248 1691 estqui
274 1635 420 1688 lacobi,
462 1645 573 1691 atque
606 1639 716 1677 etiam
751 1639 891 1678 domini
926 1641 1042 1680 frater
1075 1641 1285 1694 appellatus
1311 1645 1404 1694 est).
1467 1641 1510 1682 In
1542 1657 1617 1696 qua

108 1718 174 1759 per
199 1705 356 1758 apostoli
382 1719 514 1745 vocem
548 1705 724 1759 spiritus,
757 1705 932 1758 inquam,
965 1715 1145 1758 sanctus,
1189 1717 1388 1763 corruptos
1415 1709 1500 1749 illos
1531 1724 1616 1749 cor-

107 1778 282 1825 ruptores
309 1785 394 1812 esse
418 1773 676 1822 demonstrat,
721 1780 761 1812 ut
791 1774 927 1813 ibidem
958 1774 1147 1828 loquitur:
1195 1778 1294 1826 Quae
1321 1781 1414 1816 euim
1447 1781 1617 1816 nesciunt

108 1842 320 1890 tgnorantes
350 1842 387 1878 iu
414 1842 490 1878 illis
512 1843 732 1891 capiuntur:
777 1855 868 1892 quae
889 1856 973 1880 vero
993 1850 1150 1889 norunt,
1185 1846 1222 1882 iu
1246 1847 1292 1882 iis
1318 1852 1488 1896 tanquam
1514 1853 1614 1884 muta

107 1908 279 1944 animalia
300 1916 598 1958 corrumpuntur.
661 1905 856 1960 Siquidem
880 1922 1014 1948 canum
1041 1910 1163 1950 instar
1185 1924 1229 1950 ac
1253 1925 1453 1964 porcorum
1481 1926 1550 1953 sua
1570 1926 1612 1952 se

107 1973 322 2027 corruptela
358 1974 599 2027 turpitudinis
632 1974 844 2027 inquinant.
915 1975 998 2015 Hoc
1033 1977 1132 2017 enim
1167 1979 1279 2018 modo
1317 1987 1392 2018 tam
1422 1994 1537 2020 canes
1569 1994 1613 2020 ac

105 2039 211 2094 porci
238 2055 346 2094 quam
379 2049 530 2081 caetera
556 2055 597 2081 se
621 2042 826 2082 animantia
853 2050 1120 2098 corrumpunt,
1153 2052 1190 2085 et
1211 2046 1460 2100 profluentem
1484 2061 1505 2087 e
1527 2061 1612 2087 cor-

106 2107 259 2160 poribus
293 2109 372 2148 suis
395 2109 560 2148 libidinis
583 2109 776 2149 humorem
806 2110 1013 2164 delingunt.
1070 2112 1198 2166 Atque
1220 2113 1271 2152 illi
1297 2128 1435 2155 revera
1456 2129 1611 2155 carnem

105 2189 210 2215 suam
235 2184 455 2231 erumpente
482 2177 585 2216 velut
616 2190 683 2230 per
705 2177 892 2217 somnium
927 2178 1097 2219 fluxione
1134 2181 1426 2221 commaculant.
1487 2185 1611 2221 Domi-

1644 1787 1700 1822 Ep.
1718 1786 1782 1813 Iud.

1673 1829 1701 1848 v·
1722 1823 1762 1848 1⁰.

104 2246 283 2282 nationem
310 2251 428 2282 autem
452 2252 651 2295 spernunt,
685 2248 903 2284 maiestatem
924 2255 1044 2285 autem
1068 2248 1341 2298 blasphemant.-
1383 2257 1426 2287 at
1443 2253 1805 2296 Muhaelssp.1u‹1.v.e.

105 2311 352 2361 archangelus
377 2326 458 2349 cum
480 2312 623 2349 diabolo
645 2314 835 2362 disputans
861 2316 905 2352 de
923 2316 1052 2365 ,Moysi
1078 2329 1231 2365 eor-pore
1261 2317 1503 2367 blasphemiae
1530 2332 1609 2356 ser·-

104 2391 239 2416 monem
261 2392 333 2417 uon
359 2381 465 2425 tulit,
498 2381 564 2416 sed
586 2381 703 2426 deurit,
737 2382 906 2432 Increpet
925 2389 959 2420 te
979 2385 1169 2420 domiuus.-
1210 2384 1253 2421 Ιιί
1273 2391 1392 2422 aulem
1416 2399 1608 2435 quaecum-

104 2459 172 2495 que
192 2447 367 2496 egnorant
388 2447 611 2485 naturaliter
624 2446 895 2497 blasphemam,-
927 2449 1012 2488 dum
1038 2450 1296 2490 sacrosanctis
1318 2450 1391 2491 illis
1414 2452 1608 2505 mysteriis

104 2525 199 2564 quae
220 2526 303 2551 cum
330 2511 580 2552 sanctissimis
608 2512 853 2566 religionibus
887 2516 1083 2556 nobiscum
1117 2517 1446 2558 communicantur
1475 2526 1609 2558 contu-

103 2579 261 2619 meliose
293 2579 474 2629 illudunt,
518 2586 555 2619 et
589 2580 634 2619 ad
665 2581 945 2634 spurcissimam
978 2583 1387 2639 flagitiosissimamque
1412 2585 1605 2626 libidinem

106 2653 346 2686 convertunt.
407 2645 514 2685 Haec
537 2654 626 2686 sunt
647 2661 742 2700 quae
772 2649 956 2689 adversus
981 2651 1174 2705 apostolos
1206 2651 1354 2691 effutire
1388 2660 1476 2693 sunt
1505 2653 1603 2705 ausi,

105 2714 415 2764 quemadmodum
445 2714 577 2753 beatus
601 2715 793 2768 apostolus
822 2717 976 2757 scribit:
1017 2721 1123 2757 Adeo
1148 2726 1190 2757 ut
1211 2722 1356 2770 quidam
1383 2722 1472 2759 haec
1494 2735 1516 2759 a
1538 2736 1603 2760 no·
1621 2726 1706 2754 Rom·
1719 2727 1745 2760 ³,
1761 2727 1785 2753 8·

107 2779 160 2817 bis
179 2783 255 2819 diei
275 2784 414 2820 iactare
443 2784 621 2828 audeant,
666 2784 859 2822 Faciamus
885 2787 1001 2832 mala,
1035 2794 1076 2824 ut
1105 2789 1274 2826 eveniant
1295 2788 1410 2836 bona;
1452 2803 1605 2840 quorum

106 2848 236 2886 iustum
268 2856 324 2887 est
346 2851 530 2887 ualet-ium.
594 2848 717 2901 Quam
750 2864 842 2890 vero
872 2852 987 2892 multa
1021 2853 1239 2893 testimonia
1269 2862 1474 2909 suppetunt
1507 2870 1605 2909 quae

107 2920 237 2953 contra
261 2914 499 2970 blasphemos
530 2915 614 2956 illos
647 2917 684 2956 in
719 2917 879 2958 medium
906 2919 1043 2960 afferre
1077 2921 1289 2975 possimus!
1352 2920 1428 2963 Sed
1457 2922 1510 2962 illi
1541 2922 1603 2976 qui
