2034 3267
247 1447 313 1476 pag.
331 1437 374 1465 95.

222 2053 310 2095 Κεφ.
333 2047 383 2094 ιγ’.

391 201 467 239 190
944 200 1104 232 SANCTI
1126 200 1346 232 ΕΡΙΡΗΑΝΠ

389 283 596 330 κώδωνας,
634 278 683 321 ἵν’
712 278 806 320 ὅταν
836 278 1044 333 εἷςέρχήται
1074 278 1308 331 ἷερατεῦσαι,
1347 276 1415 318 τόν
1435 277 1615 320 7κτύπον
1636 276 1794 321 ἀκούων
1823 281 1900 318 τῶν

388 349 581 393 κωδώνων
603 345 820 401 κρύπτηται
843 343 865 387 o‘
893 343 1251 399 προςκυνούμενος,
1290 346 1355 385 ἵνα
1379 343 1430 397 μή
1459 351 1630 404 φωραθῇ
1662 345 1704 388 τὸ
1742 347 1899 386 Βῖνδαλ-

388 414 548 471 ματικὸν
569 418 638 467 τῆς
661 418 817 468 μορφῆς
839 412 960 454 αὐτοῦ
983 412 1202 467 πρόςωπον.
1250 410 1368 452 ”Εστι
1394 412 1435 452 δὲ
1456 410 1498 453 τό
1525 418 1602 454 πᾶν
1629 418 1696 467 τῆς
1716 412 1901 466 εὐηθείας

386 482 514 526 αὐτῶν
537 481 770 534 ἐπιτήδευμα
790 479 1067 536 εὐθυέλεγκτον
1088 481 1155 522 καὶ
1176 478 1310 533 χλεύης
1332 481 1506 532 ἔμπλεον.
1565 483 1619 521 Εἰ
1637 480 1707 535 γάρ
1729 477 1779 534 ἦν
1799 480 1898 528 ὅλως

386 549 526 605 ὁρατός
549 547 571 591 ὁ
593 547 933 604 ἱερουργούμενος,
964 547 1055 590 οὐδὲ
1077 551 1268 603 κρυβῆναι
1289 546 1478 600 ἠδύνατο·
1511 548 1545 587 εἰ
1561 548 1602 588 δὲ
1631 547 1730 597 ὅλως
1751 551 1897 603 κρυβῆ-

385 636 446 660 ναι
462 616 630 671 ἠδύνατο
641 651 651 668 ,
681 615 809 658 οὐκέτι
832 611 883 669 ἧν
915 614 1064 670 ὁρατός.
1125 617 1204 657 Καὶ
1230 617 1365 669 ἑτέρως
1395 613 1509 655 πάλιν
1537 613 1636 669 πρὸς
1662 614 1806 665 αὐτοῦς
1836 619 1901 670 ῥη-

386 688 474 728 τέον
504 685 563 728 ὅτι
592 686 626 726 εἰ
657 683 797 737 ὁρατός
829 679 902 736 ἦν,
943 688 1054 736 σῶμα
1083 682 1158 737 ἄρα
1187 678 1260 736 ἦν,
1299 684 1366 724 καὶ
1397 680 1469 723 οὐκ
1498 675 1549 735 ἦν
1576 687 1752 735 πνεῦμα,
1803 685 1838 725 εἰ
1863 683 1905 724 δὲ

389 759 542 807 πνεῦμα
561 748 624 807 ἦν,
655 750 787 794 οὐκέτι
807 753 848 793 ἐν
869 749 1023 806 ὁρατοῖς
1045 750 1260 801 ἐξετάζεται.
1312 754 1408 798 Πῶς
1431 744 1504 791 οὖν
1525 748 1567 791 vd
1590 747 1662 791 οὐκ
1686 752 1727 792 ἐν
1751 749 1904 806 ὁρατοῖς

389 820 652 874 ἐξεταζόμενον
689 818 764 862 άπὸ
799 824 870 860 τοῦ
899 818 1048 860 κτύπου
1087 823 1165 860 τῶν
1203 816 1398 859 κωδώνων
1435 822 1504 869 τῆς
1541 818 1681 858 ἑαυτοῦ
1721 823 1905 871 συστολῆς

386 895 632 944 προενοεῖτος
651 887 770 940 ’Έχον
789 886 860 943 γάρ
885 886 928 928 τὸ
962 886 1128 942 άόρατον
1156 885 1253 927 κατά
1283 887 1402 937 φύσιν
1430 883 1501 926 οὐκ
1536 883 1584 926 ἂν
1615 883 1832 936 ω’πτάνετο,
1872 887 1907 926 εἰ

390 956 442 1011 μὴ
466 956 613 1010 ἤθελεν.
676 957 764 996 9Εἶ
787 956 854 997 καὶ
889 953 1011 1007 ὤφθη
1036 955 1096 1005 δὲ,
1127 952 1254 995 οὐκέτι
1283 951 1380 994 κατά
1409 951 1580 1007 άνάγκην
1604 954 1803 1004 ἐφαίνετο,
1835 958 1904 1005 τῆς

390 1024 546 1077 φύσεως
565 1022 683 1065 αὕτὸν
713 1021 883 1078 άγούσης
908 1024 962 1070 εἰς
987 1020 1029 1063 τὸ
1055 1024 1283 1073 φαίνεσθαι,
1314 1019 1407 1062 ἄλλα
1435 1019 1531 1061 κατά
1553 1020 1684 1074 χάριν,
1715 1018 1762 1061 οὐ
1788 1018 1903 1076 φόβῳ

388 1094 453 1134 καὶ
475 1090 691 1147 προλήψει,
732 1089 838 1144 παρά
860 1092 1100 1144 προςδοκίαν
1127 1087 1276 1129 10ὀίνευ
1305 1086 1456 1129 κτύπου
1483 1089 1535 1136 εἰς
1565 1086 1607 1129 vd
1639 1091 1757 1140 δῆλον
1788 1094 1904 1128 καθι-

391 1165 556 1208 στῶντος
578 1157 648 1211 τὴν
677 1156 799 1199 αὐτοῦ
828 1155 1027 1199 ὀπτασίαν.
1086 1157 1165 1197 Καὶ
1195 1156 1319 1204 οὕτως
1345 1154 1442 1196 κατά
1470 1154 1595 1196 πάντα
1615 1155 1761 1209 τρόπον
1781 1156 1906 1197 διέπε-

391 1243 454 1270 σεν
485 1225 507 1270 ὁ
536 1224 665 1268 αὐτῶν
698 1224 850 1277 ψευδὴς
877 1226 942 1266 καὶ
978 1224 1348 1277 παραπεποιημένος
1375 1221 1497 1275 λόγος.
1558 1223 1637 1262 Καὶ
1661 1222 1781 1264 πολλά
1806 1224 1907 1264 ἔστιν

391 1295 482 1336 ἅλλα
511 1294 535 1335 ἃ
556 1295 707 1347 λέγουσι
730 1291 903 1345 ληρώδη·
933 1294 998 1331 καί
1026 1293 1087 1331 τοί
1115 1307 1157 1344 γε
1183 1294 1252 1330 τοῦ
1277 1292 1474 1342 Ζαχαρίου
1509 1287 1560 1342 μὴ
1592 1288 1907 1339 άποκτανθέντος

392 1361 534 1411 εὐθυς,
576 1358 667 1401 άλλοὶ
690 1361 757 1400 καὶ
787 1360 1053 1411 ἒπιμείναντος
1083 1355 1228 1411 ἡμέρας
1258 1354 1350 1409 μετά
1380 1355 1450 1409 τήν
1475 1361 1543 1397 τοῦ
1562 1355 1752 1399 Ἰωάννου
1773 1359 1904 1413 γέννη-

393 1445 474 1478 σιν,
503 1429 569 1470 καὶ
590 1425 935 1481 προφητεύσαντος
960 1427 1049 1480 περὶ
1075 1429 1145 1465 τοῦ
1174 1422 1358 1465 Ἰωάννου
1381 1425 1446 1465 καὶ
1476 1425 1563 1477 περὶ
1590 1430 1659 1477 τῆς
1691 1428 1908 1479 παρουσίας

391 1500 528 1551 κυρίου
555 1497 621 1537 καὶ
647 1493 836 1549 ε’νσάρκου
858 1493 1071 1548 γεννήσεως
1098 1491 1173 1534 άπό
1203 1496 1271 1545 τῆς
1294 1489 1404 1546 ἁγίας
1429 1492 1632 1545 παρθένου
1657 1496 1820 1546 Μαρίας
1843 1492 1907 1534 διά

390 1564 612 1617 πνεύματος
631 1561 763 1619 άγίου,
796 1560 848 1610 ὦς
876 1562 992 1617 λέγει,
1033 1562 1113 1601 Καὶ
1143 1559 1190 1601 σύ
1212 1562 1368 1600 παιδίον
1397 1558 1604 1613 προφήτης
1628 1557 1799 1611 ’ὑψίστου
1820 1566 1906 1614 κλη-

391 1632 518 1690 θήσῃ·
548 1630 797 1686 προπορεύσῃ
817 1629 888 1685 γάρ
912 1628 989 1683 πρὸ
1010 1627 1224 1682 προςώπου
1246 1630 1384 1681 κυρίου
1406 1626 1604 1679 ἑτοιμάσαι
1629 1625 1746 1676 ὁδούς
1771 1626 1907 1679 αὐτοῦ,

397 1701 625 1752 ἐπιστρέψαι
647 1701 808 1753 καρδίας
830 1698 1008 1749 πατέρων
1032 1698 1095 1738 ε’πὶ
1115 1697 1242 1746 τέκνα,
1264 1696 1331 1736 καὶ
1352 1692 1528 1743 άπειθεῖς
1551 1697 1591 1736 ἐν
1612 1694 1813 1748 φρονήσει,
1842 1696 1909 1736 καὶ

391 1767 438 1809 τοὶ
462 1769 558 1820 ἑξῆς.
620 1766 734 1808 Πόσα
755 1766 796 1807 δὲ
822 1764 912 1806 ἄλλα
934 1766 1036 1807 ἔστιν
1059 1766 1180 1805 εἰπεῖν
1206 1764 1296 1818 περὶ
1316 1767 1383 1816 τῆς
1408 1761 1535 1804 αὐτῶν
1555 1765 1822 1817 ψευδηγορίας
1841 1764 1907 1805 καὶ

395 1841 464 1877 τοῦ
495 1833 624 1876 αὐτῶν
654 1838 843 1887 μιασμοῦ,

511 2041 559 2080 Οἱ
587 2038 628 2080 δὲ
661 2043 824 2078 Λευῖται
856 2033 944 2090 παρ’
978 2033 1110 2083 αὐτοῖς
1141 2034 1376 2087 καλούμενοι
1412 2031 1458 2075 οὗ
1491 2035 1688 2088 μίσγονται
1717 2035 1907 2088 γυναιξὶν,

396 2106 487 2149 αλλά
512 2105 686 2159 ἀλλήλοις
712 2108 920 2159 μίσγονται.
979 2104 1058 2143 Καὶ
1088 2097 1196 2145 οὗτοί
1223 2105 1317 2144 εἰσιν
1348 2103 1389 2144 οἵ
1411 2102 1629 2155 προκριτέοι
1659 2099 1748 2156 παρ’
1775 2099 1910 2150 αὐτοῖς

396 2178 519 2228 δῆθεν
542 2175 608 2215 καὶ
631 2174 834 2214 ε’παινετοί,
866 2175 1110 2225 Καταγελῶσι
1133 2171 1174 2212 δὲ
1196 2169 1334 2212 λοιπόν
1354 2173 1430 2210 τῶν
1451 2167 1520 2221 τὴν
1535 2171 1728 2209 πολιτείαν
1743 2167 1907 2210 άσκούν-

396 2260 491 2293 των,
531 2242 597 2283 καὶ
619 2239 790 2296 άγνείαν,
829 2240 896 2280 καὶ
917 2241 1156 2292 παρθενίαν,
1199 2236 1251 2286 ὥς
1282 2239 1336 2286 εἰς
1360 2235 1484 2290 μάτην
1514 2235 1581 2277 τὸν
1612 2235 1787 2288 κάματον
1817 2234 1908 2276 άνα-

397 2310 641 2364 δεδεγμένων.
693 2307 970 2362 Προςφέρουσι
996 2305 1037 2346 δὲ
1061 2307 1113 2354 εἰς
1135 2304 1259 2358 ὄνομα
1285 2308 1481 2346 Φιλίππου
1502 2307 1571 2344 τοῦ
1592 2301 1703 2357 άγίου
1725 2308 1908 2357 μαθητοῦ

397 2376 614 2432 εὐαγγέλιον
633 2376 920 2427 πεπλασμένον,
950 2373 1008 2415 ὅτι
1031 2375 1168 2425 φησὶν,
1207 2371 1452 2424 Ἀπεκάλυψέ
1472 2388 1536 2424 μοι
1565 2368 1588 2412 ὅ
1612 2369 1747 2424 κύριος
1775 2374 1810 2412 τί
1839 2370 1908 2424 τὴν

396 2443 528 2498 ψυχήν
561 2446 621 2485 δεῖ
645 2444 764 2498 λέγειν
785 2444 826 2484 ἐν
850 2446 902 2498 τῷ
926 2439 1071 2482 οἷνιέναι
1098 2443 1151 2489 εἷς
1175 2440 1243 2482 τόν
1264 2439 1449 2495 οὐρανὸν,
1478 2440 1544 2480 καὶ
1563 2443 1648 2486 πῶς
1670 2438 1809 2496 ἑκάστῃ
1830 2443 1909 2479 τῶν

398 2512 478 2554 ἅνω
505 2510 719 2563 Δυνάμεων
740 2508 1043 2563 ἀποκρίνεσθαι·
1074 2508 1132 2550 ὅτι
1157 2509 1328 2564 ἐπέγνων
1352 2505 1533 2561 ἐμαυτήν,
1564 2507 1680 2558 φησὶ,
1710 2507 1777 2547 καὶ
1798 2507 1907 2547 συνέ-

1555 2572 1605 2587 eun

396 2583 483 2630 λεξα
506 2578 677 2632 ἐμαυτὴν
700 2576 963 2630 πανταχόθεν,
1002 2577 1069 2617 καὶ
1097 2575 1168 2618 οὐκ
1200 2578 1355 2630 ἔσπειρα
1384 2576 1497 2616 τέκνα
1519 2591 1571 2630 τῳ
1599 2579 1786 2627 Αρχοντι,
1816 2571 1908 2615 άλλοὶ

399 2649 622 2702 ε’ξερρίζωσα
644 2644 714 2694 τας
741 2648 845 2699 ῥίζας
867 2642 1007 2693 αὐτοῦ,
1036 2645 1100 2685 καὶ
1121 2645 1296 2693 συνέλεξα
1319 2641 1365 2684 τά
1387 2644 1479 2695 μέλη
1499 2640 1546 2683 τά
1573 2642 1907 2695 διεσκορπισμένα,

398 2716 465 2756 καὶ
489 2713 578 2756 οἶδά
600 2727 640 2755 σε
669 2716 726 2761 τίς
749 2711 797 2754 εἶ·
837 2710 910 2766 ἐγώ
937 2710 1027 2766 γάρ,
1068 2712 1185 2765 φησὶ,
1223 2716 1300 2752 τῶν
1331 2709 1486 2752 α’νωθέν
1515 2711 1601 2762 εἰμι.
1663 2709 1741 2748 Καὶ
1772 2707 1908 2760 οὕτως,

400 2783 539 2834 φησὶν,
571 2779 788 2822 ἀπολύεται.
843 2778 934 2820 Ἐάν
955 2779 1016 2829 δὲ,
1047 2780 1186 2831 φησὶν,
1218 2776 1361 2836 εὑρεθῇ
1379 2776 1591 2833 γεννήσασα
1619 2773 1728 2826 υἷόν,
1758 2776 1908 2829 κατέχε-

444 2906 476 2940 7.
500 2904 620 2939 κτύπον
640 2908 728 2938 codd.
751 2908 846 2938 Vatic.
867 2906 994 2945 Rhediq.
1030 2901 1129 2937 τύπον
1219 2902 1249 2936 9.
1275 2903 1304 2936 εἰ
1326 2902 1383 2936 καὶ
1405 2898 1505 2944 ὤφῇη
1525 2899 1564 2935 δὲ·
1584 2902 1649 2932 cod.
1675 2902 1769 2932 Vatic.
1818 2899 1847 2933 εἰ
1872 2898 1910 2934 δὲ

402 2953 447 2983 ed.
469 2954 567 2991 princ.
1176 2947 1234 2982 καὶ
1257 2943 1357 2991 ὤφὲη
1386 2946 1424 2982 δὲ
1445 2948 1510 2979 οοά.
1531 2947 1657 2986 Rhediy.
1670 2969 1680 2985 ,
1714 2949 1741 2978 et
1762 2947 1910 2978 editorum

447 2998 478 3031 ὅ.
504 2993 681 3030 ἰνδαλτικὲν
703 2996 767 3027 cod.
794 2997 887 3027 Vatic.
1176 2998 1308 3034 uterque.
