2034 3267
518 212 695 245 PANARH
717 212 800 244 Lm.
819 213 845 244 1.
868 211 975 244 ToM.
993 212 1048 244 111.
1071 210 1202 243 HAER.
1217 210 1339 243 XLVI.
1610 200 1689 239 717

170 290 360 331 calvariae
389 291 576 332 vocabulo
601 290 840 342 nominetur,
874 289 1086 331 cuiusmodi
1111 290 1244 345 capitis
1270 290 1307 329 in
1335 287 1500 329 humano
1525 301 1687 342 corpore

168 359 281 399 sedes
315 366 396 410 est,
440 373 564 414 neque
595 360 752 413 figuram
786 359 900 398 habet
928 359 1052 399 editae
1080 357 1286 412 cuiuspiam
1319 355 1520 410 speculae,
1565 370 1608 396 ac
1640 369 1688 396 ne

170 427 311 467 ceteris
343 427 492 481 quidem
525 426 882 468 circumiacentibus
911 426 1006 466 locis
1039 426 1151 466 altius
1183 425 1396 478 consurgit.
1458 422 1608 479 Quippe
1640 437 1691 463 ex

169 494 333 535 adverso
360 503 420 535 est
444 493 589 536 Oliveti
614 509 723 535 mons
749 495 910 545 editior3
954 494 1020 534 sed
1049 493 1223 547 inprimis
1247 493 1386 533 arduus
1411 499 1470 532 est
1493 491 1690 533 Gabaonis

168 577 278 603 mons
308 570 445 604 octavo
475 563 563 603 inde
590 562 712 617 lapide
740 562 901 602 distans.
962 560 1167 601 Postremo
1189 561 1310 600 clivus
1337 561 1451 600 etiam
1475 560 1538 600 ille
1566 560 1627 613 qui
1653 559 1689 599 in

169 629 289 671 Sione
320 631 508 685 quondam
542 630 692 680 extitit,
735 630 801 670 sed
831 629 989 670 excisus
1019 628 1130 669 hodie
1159 635 1240 679 est,
1285 628 1354 668 suit
1379 626 1596 682 Golgothae
1627 627 1690 667 illo

169 698 253 739 loco
284 699 496 740 sublimior.
559 697 757 740 Undenam
790 697 906 752 igitur
931 695 1134 737 Calvariae
1162 709 1301 736 nomen
1331 695 1520 736 obtinuit?
1579 693 1690 748 Quod

170 767 346 808 nimirum
381 767 490 821 primi
528 766 691 806 hominis
722 765 798 806 illic
831 765 996 805 calvaria
1023 771 1177 819 reperta
1207 763 1277 813 sit,
1322 764 1479 818 eiusque
1507 763 1690 818 reliquiae

169 835 368 885 defossae,
403 835 449 874 ob
473 834 509 874 id
534 832 738 875 Calvariae
765 833 872 873 locus
894 833 1102 887 appellatus
1125 840 1197 873 est.
1260 830 1302 872 In
1329 847 1401 886 quo
1422 831 1597 872 dominus
1623 846 1690 871 no—

169 911 251 944 ster
273 901 383 944 lesus
408 899 586 943 Christus
610 901 781 942 sublatus
805 904 842 941 in
864 915 1017 941 crucem
1038 915 1106 956 per
1126 915 1262 955 aquam
1286 901 1384 941 illam
1407 907 1446 941 et
1464 900 1689 954 sanguinem

170 985 220 1011 ex
245 971 326 1011 eius
353 971 549 1025 perforato
573 969 693 1009 latere
719 969 991 1023 profluentem,
1035 969 1140 1009 velut
1163 968 1367 1023 imaginem
1393 969 1602 1023 quandam,
1635 975 1691 1008 to-

169 1047 248 1080 tum
283 1037 416 1079 salutis
448 1044 602 1078 nostrae
633 1037 827 1091 negotium
853 1036 1115 1087 adumbravit,
1159 1037 1246 1077 dum
1273 1037 1382 1092 primi
1408 1037 1578 1092 parentis
1604 1037 1691 1076 reli-

170 1108 278 1162 quias
301 1106 347 1147 ab
371 1104 455 1160 ipso
480 1118 629 1145 massae
655 1105 842 1160 principio
873 1105 1000 1159 rigare
1023 1104 1169 1159 coepit,
1206 1113 1246 1145 ut
1269 1105 1313 1145 ad
1341 1105 1611 1159 detergendam
1638 1105 1692 1144 la-

170 1174 257 1215 bem
281 1174 576 1228 foeditatemque
603 1180 774 1213 nostram
800 1187 844 1213 ac
871 1172 1103 1228 poenitentis
1128 1174 1277 1214 animae
1301 1173 1609 1227 repurgationem
1633 1173 1691 1213 sui

168 1242 367 1297 sanguinis
401 1242 662 1297 aspersionem
698 1242 941 1291 ostenderet,
990 1249 1102 1296 atque
1134 1243 1178 1282 ad
1211 1241 1474 1282 subactionem
1506 1242 1690 1296 quandam

169 1310 550 1364 commistionemque
572 1309 873 1364 significandam,
908 1324 952 1350 ac
978 1318 1196 1350 nostrarum
1218 1310 1404 1360 sordium,
1438 1309 1509 1350 hoc
1533 1317 1590 1350 est
1609 1324 1689 1350 sce·

168 1379 314 1429 lerum,
355 1378 638 1433 expiationem,
671 1392 805 1432 aquam
830 1377 929 1417 illam
956 1378 994 1418 in
1021 1377 1234 1418 subiectum
1262 1377 1452 1418 hominem
1476 1377 1692 1432 ibidemque

168 1446 356 1502 sepultum
376 1445 590 1487 destillasse
609 1452 857 1497 monstraret,
882 1460 926 1486 ac
948 1453 1022 1486 tam
1039 1445 1162 1501 ipsum
1186 1460 1296 1500 quam
1320 1461 1389 1487 nos
1412 1446 1494 1486 eius
1516 1452 1693 1501 posteros

167 1515 213 1555 ad
235 1528 339 1570 spem
363 1514 656 1568 consequendae
681 1513 814 1554 salutis
839 1514 1021 1568 erigeret.
1085 1513 1278 1567 Quocirca
1300 1514 1378 1555 illic
1400 1514 1613 1569 scripturae
1637 1513 1692 1554 di-

168 1589 269 1623 ctum
292 1582 382 1622 illud
406 1581 600 1635 impletum
623 1588 701 1622 est:
735 1585 860 1634 Surge
881 1586 948 1635 qui
967 1585 1124 1629 dormis,
1159 1590 1195 1621 et
1214 1586 1379 1622 excitare
1400 1597 1422 1621 α
1445 1586 1619 1630 mortuis,
1655 1590 1692 1621 et
1709 1590 1819 1628 Eph.5‚
1835 1595 1872 1622 14.

168 1651 395 1689 illuminabit
423 1657 457 1688 te
488 1652 670 1689 Cllrektus.
733 1648 848 1691 Licet
877 1651 977 1690 enim
1011 1650 1056 1690 ad
1088 1664 1158 1690 nos
1186 1650 1286 1690 istud
1313 1650 1523 1705 pertineat,
1567 1650 1629 1704 qui
1655 1657 1693 1690 ct

168 1718 279 1758 malis
305 1717 413 1758 factis
439 1718 577 1758 mortui
600 1731 730 1758 sumus
745 1750 755 1769 ,
789 1725 826 1758 et
849 1718 1035 1759 altissimo
1060 1719 1305 1773 ignorantiae
1327 1733 1463 1759 somno
1486 1717 1692 1773 consopiti,

168 1785 414 1826 nihilominus
436 1785 540 1826 illinc
566 1786 748 1840 figuratae
773 1786 884 1827 huius
908 1787 1125 1828 sententiae
1146 1787 1421 1828 arcessendum
1444 1792 1502 1826 est
1525 1786 1689 1835 initium,

166 1860 209 1894 ut
242 1868 319 1894 non
349 1861 494 1895 temere
529 1868 601 1895 nec
631 1854 755 1895 otiose
783 1855 1028 1910 pronuntiata
1058 1855 1248 1896 videatur.
1310 1858 1571 1894 Surresrerunt
1597 1857 1691 1894 enim
1710 1867 1819 1912 matth.

167 1924 283 1962 multa
305 1937 461 1974 corpora
485 1930 696 1962 sanctorum
718 1924 779 1975 (ut
800 1923 837 1963 in
863 1924 1064 1978 evangelio
1081 1924 1264 1978 scriptum
1287 1926 1382 1976 est),
1415 1931 1453 1963 et
1471 1926 1694 1962 introierunt
1717 1903 1759 1936 ιζ
1777 1903 1820 1930 ⁰²⁵

167 2005 248 2029 cum
278 1993 356 2042 ipso
387 1994 423 2030 iu
453 1999 616 2030 sunctum
648 1994 829 2030 civitatem
859 2000 929 2031 etc.

279 2056 377 2099 Cum
403 2058 518 2113 igitur
543 2059 675 2099 culicis
698 2059 809 2099 istius
835 2073 986 2100 morsus
1011 2059 1163 2100 divinae
1188 2058 1476 2100 misericordiae
1502 2059 1611 2108 olen,
1648 2073 1691 2099 ac

170 2125 310 2166 domini
343 2126 464 2167 nostri
497 2126 701 2167 salvatoris
728 2127 917 2178 adventu,
961 2135 999 2168 et
1023 2126 1199 2168 veritatis
1223 2127 1471 2181 evangelicae
1495 2127 1580 2167 luce
1604 2141 1691 2182 pro-

167 2193 425 2248 pulsaverim,
459 2194 504 2234 ad
532 2194 626 2235 alias
652 2194 857 2246 haereses,
891 2195 1044 2247 divina,
1077 2210 1145 2250 pro
1170 2209 1216 2236 eo
1240 2209 1285 2235 ac
1307 2195 1438 2246 soleo,
1474 2196 1594 2235 fretus
1619 2208 1690 2249 ope

167 2261 456 2316 patrocinioque
512 2262 723 2316 rogrediar.

478 2375 593 2407 LIBRI
627 2376 750 2408 PRlMI
782 2377 933 2409 TOMUS
966 2377 1156 2410 TERTIUS
1191 2376 1378 2409 DESINIT.

167 2511 371 2551 diphthonyus
386 2517 420 2541 ov.
437 2515 464 2543 et
480 2513 595 2544 vocalis
612 2514 629 2544 ’ἐ
649 2514 681 2544 in
700 2515 847 2546 veteribus
867 2515 903 2545 li·
948 2523 1020 2546 vcro
1041 2515 1245 2546 necessarium
1266 2516 1327 2552 est,
1360 2514 1467 2552 repetii
1486 2521 1524 2545 ex
1543 2514 1691 2545 vocabulo

168 2557 230 2588 bris
254 2559 464 2589 commutatae.
948 2568 1128 2600 praegresso
1150 2554 1252 2601 ἀρχή.

212 2599 242 2634 4.
265 2596 289 2643 ἦ
300 2626 309 2643 ,
333 2602 415 2642 quod
438 2604 471 2633 in
493 2603 578 2634 libris
600 2613 659 2635 non
681 2605 803 2644 legitur,
827 2605 908 2645 quod
