2034 3267
473 155 650 188 PANARn
674 156 797 188 Ln3.1.
821 156 926 189 ToM.
947 157 1004 188 111.
1029 155 1336 188 HAER.XXX1V.
1585 147 1665 190 469

143 231 288 274 Decem
311 234 469 289 insuper
491 234 677 289 apostoli,
710 235 845 290 quibus
869 235 1028 276 absente
1050 234 1201 275 Thoma
1227 235 1400 276 dominus
1425 243 1510 290 post
1530 250 1662 277 resur·
1682 249 1781 294 ioann.

143 302 353 342 rectionem
378 302 574 357 apparuit,
618 302 654 342 hi
684 303 838 357 inquam
870 317 1003 343 omnes
1027 301 1224 343 Decadem
1249 302 1375 354 illam,
1418 318 1515 358 quae
1543 304 1664 345 videri
1684 283 1782 318 20‘24'

144 369 296 423 nequit,
331 383 383 409 ex
412 370 563 410 illorum
595 370 774 425 opinione
806 371 1063 411 declararunt.

252 438 306 477 At
329 451 423 477 vcro
449 436 689 488 Dodecadis,
724 439 760 478 in
783 453 854 492 qua
876 439 1046 478 defectus
1071 438 1133 477 illa
1157 438 1351 478 calamitas
1374 453 1417 479 ac
1439 441 1662 495 mysterium
1675 448 1865 492 Cap.XV11.

140 504 322 558 contigit,
357 520 430 559 qua
450 519 502 546 ex
524 505 737 546 calamitate
763 506 930 545 omnium
956 519 1054 559 quae
1076 506 1256 545 videntur
1278 506 1464 560 originem
1488 522 1664 549 manasse

140 572 346 623 definiunt,
397 573 533 627 ubique
573 573 673 613 clara
713 587 757 613 ac
797 573 998 613 manifesta
1035 573 1196 625 vestigia
1232 574 1394 627 reperiri
1426 575 1660 629 praedicant.

141 636 366 680 Cuiusmodi
393 647 481 681 sunt
504 641 701 681 duodecim
728 639 854 680 iacobi
883 640 971 690 filii,
1005 654 1025 680 a
1047 639 1182 693 quibus
1210 641 1406 681 duodecim
1434 651 1664 697 propagatae
1682 655 1865 701 Exogl,28‚4

138 715 228 747 suut
251 708 394 759 tribus,
429 715 466 748 et
489 708 675 748 rationale
699 721 815 762 opere
838 706 947 747 vario
975 714 1223 758 contextum,
1269 709 1327 748 cui
1349 709 1545 750 duodecim
1571 711 1662 765 lapi·
1682 691 1862 771 Εξζέᾆέξ,

139 774 205 814 des
229 775 366 826 assuti,
401 790 444 816 ac
467 775 716 816 tintinnabula
740 775 912 814 totidem.
959 775 1068 814 Adde
1092 775 1235 830 lapides
1257 776 1454 817 duodecim
1481 791 1500 817 a
1524 776 1663 833 Moyse

138 843 207 883 sub
229 850 356 883 monte
379 843 610 892 collocatos,
644 843 800 897 parique
823 856 982 883 numero
1004 842 1138 897 partim
1162 843 1286 883 medio
1307 844 1344 884 in
1367 844 1542 896 flumine,
1577 859 1862 900 par-los.4‚3ete.

139 910 202 950 tim
225 911 262 950 in
284 911 467 951 ulteriore
487 910 566 964 ripa
588 910 633 949 ab
657 907 771 949 losue
794 911 961 964 positos3
996 911 1134 964 quique
1157 912 1375 952 testamenti
1399 927 1525 953 arcam
1547 915 1662 954 susti-

137 986 324 1028 nuerunt,
369 985 482 1032 atque
504 977 589 1017 illos
614 977 792 1032 insuper,
828 992 922 1032 quos
947 978 984 1018 in
1010 979 1116 1018 vituli
1141 979 1365 1021 holocausto
1392 979 1499 1021 Elias
1521 995 1660 1036 suppo-
1678 990 1795 1053 {engi}-

137 1047 262 1087 suisse
292 1046 447 1098 legitur.
510 1043 661 1097 Quibus
693 1052 733 1085 et
759 1046 1016 1100 apostolorum
1046 1061 1229 1088 numerus
1258 1049 1419 1089 accedit.
1481 1047 1659 1103 Denique
1720 1045 1727 1060 ’
1781 1043 1788 1051 ’

136 1114 364 1168 ubicumque
392 1112 614 1153 duodenarii
643 1114 790 1153 numeri
823 1128 982 1169 aspersa
1014 1115 1157 1156 mentio
1189 1123 1270 1167 est,
1314 1116 1349 1157 id
1379 1124 1556 1171 tanquam
1582 1116 1660 1157 Do-

135 1182 286 1222 decadis
317 1195 410 1221 suae
441 1182 600 1235 liguram
630 1182 832 1236 arripiunt.
895 1180 972 1222 lam
1006 1181 1299 1233 Tricenarium‚
1333 1185 1394 1240 qui
1427 1199 1474 1226 ex
1507 1186 1658 1227 illorum

135 1250 300 1290 omnium
328 1249 598 1289 coniunctione
623 1251 814 1300 nascitur,
849 1250 931 1291 eius
956 1265 1093 1301 arcae,
1128 1266 1238 1306 quam
1262 1251 1439 1294 Noe'mus
1465 1255 1654 1305 extruxit,
1678 1263 1788 1298 Gen-6,
1805 1264 1843 1292 15.

133 1317 317 1358 tricenum
342 1318 554 1357 cubitorum
579 1318 738 1358 altitudo
761 1318 1012 1359 demonstrat.
1062 1318 1212 1360 Deinde
1237 1319 1393 1362 Samuel
1416 1323 1477 1376 qui
1499 1322 1655 1364 Saulem
1672 1332 1859 1369 1.Reg.9‚22.

131 1399 246 1440 snpra
271 1386 450 1439 triginta,
494 1400 588 1440 quos
612 1387 656 1426 ad
685 1387 834 1441 epulum
860 1387 1065 1438 invitarat,
1108 1388 1219 1428 iussit
1246 1390 1488 1430 accumbere.
1552 1391 1652 1432 Tum
1674 1401 1697 1427 1·
1715 1400 1789 1443 Rege.

130 1452 288 1508 insuper
315 1452 461 1504 David,
507 1461 693 1507 qnatenus
725 1454 882 1509 triginta
915 1462 1015 1496 totos
1047 1456 1126 1496 dies
1152 1456 1188 1496 in
1217 1471 1309 1511 agro
1334 1458 1503 1510 delituit3
1545 1466 1587 1499 ut
1618 1468 1655 1500 et
1678 1435 1720 1471 20,
1742 1437 1781 1464 ω’

129 1521 181 1561 illi
203 1522 265 1576 qui
288 1522 332 1561 ad
356 1522 478 1577 ipsum
502 1536 544 1562 se.
565 1523 603 1562 in
625 1522 841 1577 speluncam
866 1531 1140 1577 aggregarunt.
1191 1523 1314 1579 Quam
1341 1527 1453 1566 etiam
1476 1527 1523 1567 ob
1546 1542 1655 1568 cans-

130 1603 211 1630 sam
236 1590 393 1644 triginta
419 1590 567 1630 cubitos
593 1590 825 1631 tabernaculi
849 1592 1046 1645 longitudo
1070 1593 1211 1647 patuit3
1245 1608 1288 1634 ac
1314 1594 1345 1634 si
1371 1609 1443 1648 qna
1466 1603 1555 1636 sunt
1580 1597 1654 1637 alia

129 1657 210 1713 pari
234 1658 509 1713 comprehensa
534 1673 715 1709 numero,
749 1674 858 1700 suum
881 1660 927 1700 ad
952 1659 1197 1701 tricenarium
1220 1664 1543 1705 accommodanda
1566 1679 1653 1706 esse

129 1727 317 1766 acerrime
348 1726 598 1766 contendunt.

240 1793 389 1848 Quibus
415 1794 590 1834 omnibus
616 1794 856 1848 adiungenda
884 1796 1097 1851 scripturae
1122 1797 1340 1838 testimonia
1373 1800 1524 1853 putavi,
1570 1802 1650 1857 qui·
1696 1813 1772 1856 Cap.

126 1862 196 1903 bus
219 1876 288 1902 sua
310 1862 375 1902 illa
397 1862 442 1901 de
462 1876 641 1917 supremo
664 1860 831 1902 Parente
852 1864 1000 1904 somnia
1023 1865 1192 1905 stabilire
1215 1874 1419 1916 conantur,
1454 1868 1515 1923 qni
1540 1878 1649 1910 ante·
1671 1857 1792 1892 Xvffl.

128 1944 239 1985 quam
263 1928 443 1971 Christus
466 1930 690 1981 adveniret,
725 1931 899 1971 omnibus
922 1939 1004 1972 erat
1028 1933 1197 1986 ignotus.
1260 1933 1345 1974 Hoc
1371 1935 1469 1975 enim
1494 1937 1650 1978 demon-

125 2005 251 2038 strare
278 1998 454 2049 student,
500 1996 656 2038 Patrem
688 1997 799 2038 alium
832 2014 942 2053 quam
974 2000 1142 2042 universi
1171 2002 1409 2043 conditorem
1441 2018 1460 2044 a
1492 2002 1648 2047 Christo

126 2065 278 2106 domino
301 2066 418 2106 fuisse
442 2066 722 2120 praedicatum:
758 2080 866 2120 quein
894 2068 1023 2120 etiam,
1048 2076 1087 2109 ut
1108 2077 1196 2110 ante
1216 2070 1398 2121 diximus,
1426 2086 1476 2113 ex
1497 2074 1648 2115 defectu

125 2140 303 2187 tanquam
334 2134 495 2174 fructum
520 2133 731 2175 effloruisse
754 2136 1001 2176 contendunt.
1067 2135 1178 2191 Quod
1204 2139 1302 2178 enim
1326 2138 1442 2179 isaias
1465 2141 1646 2195 propbeta

124 2200 243 2241 dixit:
284 2205 408 2241 Israel
431 2217 513 2241 vero
539 2217 594 2240 me
619 2217 690 2241 non
715 2207 905 2254 cognovit,
948 2213 986 2243 et
1002 2209 1162 2257 populus
1186 2222 1242 2246 me
1265 2223 1337 2247 non
1359 2211 1562 2257 intellexit,
1605 2210 1640 2251 id
1661 2223 1732 2253 Esai
1760 2227 1784 2262 1,
1802 2228 1827 2255 ³.

124 2269 169 2309 ad
194 2269 292 2310 illius
315 2268 454 2325 Bythi‚
497 2270 559 2324 qni
586 2270 749 2310 discerni
778 2272 898 2312 oculis
925 2273 1077 2327 nequit,
1122 2275 1401 2327 ignorationem
1428 2291 1642 2319 accommo-
1661 2270 1769 2307 ⁰⁵⁰·4‘
1787 2273 1809 2301 ¹·

123 2338 227 2377 dant.
289 2336 388 2378 Tum
414 2338 526 2387 illud,
568 2339 664 2391 quod
692 2345 751 2378 est
775 2340 870 2394 apud
898 2337 1065 2392 Oseam,
1109 2344 1194 2381 Non
1224 2352 1280 2382 est
1308 2347 1345 2383 in
1376 2348 1464 2397 ipsis
1490 2350 1637 2396 vere'taS,
1655 2361 1842 2402 Psalm.13‚3.

121 2420 237 2458 neque
264 2409 425 2457 cognitio
455 2409 532 2453 dei,
579 2406 712 2446 eodem
738 2408 981 2449 referendum
1009 2410 1246 2451 existimant.
1308 2411 1427 2461 Item,
1471 2417 1555 2454 Non
1586 2424 1644 2455 est
1658 2431 1781 2471 Roma,
1801 2436 1840 2464 11.

122 2476 189 2526 qui
207 2476 414 2526 intellegat,
447 2482 515 2513 aut
536 2477 705 2526 requirat
726 2478 852 2515 deum:
887 2492 1008 2517 omnes
1030 2481 1326 2527 declinaverunt,
1359 2484 1472 2520 simul
1491 2486 1638 2523 inutiles
1719 2467 1758 2495 ¹²⁹

117 2543 333 2594 sactisunt,
368 2542 412 2582 ad
437 2542 594 2582 eandem
617 2540 732 2597 Bythi
754 2543 1033 2598 ignorationem
1059 2549 1308 2588 transferunt.
1371 2547 1464 2589 Illud
1485 2550 1641 2606 insuper

123 2622 169 2649 eo
190 2610 383 2664 pertinere
406 2617 581 2660 censent,
615 2611 713 2664 quod
737 2613 832 2666 apud
855 2611 1022 2668 Moysen
1045 2614 1199 2669 legitur,
1231 2618 1346 2655 Nemo
1365 2619 1502 2657 videbit
1517 2622 1635 2668 deum,

121 2684 156 2715 et
187 2680 291 2716 vivet.
355 2676 508 2717 Etenim
543 2678 779 2719 conditorem
813 2680 866 2720 illi
897 2682 1086 2722 duntaxat
1115 2698 1135 2722 a
1166 2684 1360 2738 prophetis
1391 2694 1635 2742 conspectum

124 2743 240 2785 fuisse
265 2759 464 2800 perperam
491 2745 637 2786 volunt.
701 2744 804 2786 Istud
836 2762 953 2789 vero:
996 2753 1110 2789 Nemo
1140 2753 1276 2790 videbit
1297 2755 1423 2801 deum,
1466 2762 1502 2793 et
1525 2759 1631 2804 vivet,

122 2811 166 2852 de
190 2811 387 2853 maiestate
410 2812 473 2853 illa
496 2827 591 2868 quae
617 2826 686 2853 nec
709 2814 827 2868 aspici
851 2817 969 2871 possit
995 2824 1033 2858 et
1055 2818 1184 2872 ignota
1204 2820 1254 2858 sit
1275 2821 1448 2862 omnibus
1468 2837 1634 2875 pronun-

166 2911 240 2944 CAP.
258 2915 382 2947 xvnt.
402 2932 445 2939 —
471 2915 496 2947 1.
524 2916 585 2946 Vct.
605 2917 754 2954 Interpres
769 2918 853 2948 vide·
898 2920 952 2952 hoc
975 2921 1180 2959 reponendum
1204 2925 1300 2954 suasit
1323 2924 1478 2956 Petavius.

119 2960 168 2988 tur
186 2959 290 2999 legisse
308 2956 501 3002 Ἀναγκαῖον
522 2957 552 2995 δ’
573 2957 769 3003 ἦγησάμην.
814 2963 853 2994 Et
942 2965 972 2997 2.
998 2964 1036 2999 δὲ
1058 2976 1119 2998 non
1142 2967 1230 2998 habet
1251 2968 1317 3000 cod.
1343 2970 1438 3001 Venet.
