2034 3267
451 145 629 176 PANARII
653 146 736 176 LIB.
757 146 778 176 1.
806 145 913 177 TOM.
932 145 990 176 111.
1015 144 1142 175 HAER.
1164 143 1272 175 XLII.
1549 133 1624 173 591

103 237 262 264 munere
286 224 389 263 illum
412 237 500 264 esse
523 224 706 264 locutum.
763 227 836 262 Pro
850 226 1078 275 purgatione
1098 231 1174 270 tua,
1201 225 1298 260 είς-ιιι
1313 224 1505 273 praecepit
1521 223 1629 271 Moy—

100 306 170 330 ses.
235 290 348 344 Quod
380 291 410 331 si
436 290 590 346 Moysis
616 299 821 346 praecepto
848 291 953 330 iubet
975 289 1253 344 obtemperari,
1301 289 1396 343 legis
1422 290 1532 329 deum
1561 289 1629 328 mi-

101 358 201 398 nime
224 360 466 408 condemnat,
501 367 566 399 aut
589 360 622 398 ei
647 359 853 398 maledicit.
918 356 994 397 Sed
1017 364 1088 396 tam
1115 357 1361 411 semetipsum
1385 370 1494 410 quam
1517 356 1628 396 deum

100 434 246 480 patrem
276 440 384 467 suum
413 428 535 481 legem
560 425 689 481 Moysi
715 425 918 466 tradidisse
944 425 1159 464 confirmat.
1219 423 1280 464 Tu
1307 438 1424 473 vero,
1457 422 1625 473 Marcio,

99 494 314 548 scripturae
341 495 458 534 verba
483 494 716 549 depravasti.
779 492 879 533 Nam
907 506 974 546 pro
1001 505 1048 531 eo
1072 492 1170 544 quod
1195 498 1275 540 est,
1319 495 1362 530 In
1385 495 1626 531 testimonium

99 564 209 612 ejvszls,
244 565 288 601 In
312 565 556 601 testimonium
577 563 698 608 vobis,
733 574 848 601 ausus
873 574 915 600 es
942 558 1175 599 rescribere.
1239 556 1351 611 Quod
1374 559 1410 598 in
1437 566 1540 599 tuum
1566 573 1628 598 ca-

100 635 166 682 put
187 630 387 684 perspicue
408 630 590 669 mentitus
614 643 670 668 es.
733 626 776 668 Si
802 628 903 667 enim
926 630 970 666 Iu
992 629 1234 665 testz'motzimn
1257 628 1358 665 vobis
1379 626 1537 676 dixerit,
1572 634 1627 666 te-

98 696 327 737 stificatione
349 697 412 737 illa
433 696 717 751 comprobavit,
751 710 822 734 non
845 698 985 734 venisse
1003 709 1043 733 se
1063 696 1179 745 legem
1198 696 1360 741 solvere,
1395 696 1454 733 vel
1466 697 1627 745 prophe-

101 771 180 811 tas,
214 767 281 804 secl
308 768 520 816 adimplere.

212 831 396 873 Scholion
420 831 472 872 ll.
522 834 570 871 Ut
588 838 707 870 aulem
729 833 857 869 sciatis
880 833 966 882 qnia
982 838 1201 881 potestatem
1222 831 1452 880 habetfilius
1472 832 1626 869 lzome'm's

99 903 310 939 dimittenda·
331 908 486 952 peecata
516 902 553 938 ill
585 907 699 937 terra.

212 967 344 1007 Resut.
372 966 425 1007 ll.
472 964 570 1006 Cum
604 965 734 1019 itaque
766 966 879 1005 filium
914 979 956 1005 se
989 965 1153 1005 hominis
1180 965 1345 1019 appellet
1372 964 1536 1017 unigena
1568 965 1626 1004 dei

98 1035 220 1086 filius,
254 1035 444 1074 hominem
468 1048 509 1074 se
532 1048 620 1074 esse
645 1048 720 1074 non
744 1040 875 1086 negat,
908 1033 1127 1086 frustraque
1151 1033 1248 1088 apud
1273 1040 1308 1072 te
1332 1032 1483 1072 canitur
1500 1031 1628 1086 specie

98 1102 201 1143 illum
229 1110 338 1142 tenus
364 1102 603 1157 apparuisse.
669 1100 763 1142 item
785 1101 818 1141 si
842 1108 1070 1156 potestatem
1096 1100 1210 1141 habet
1231 1101 1268 1141 in
1293 1107 1420 1151 terra,
1455 1114 1531 1139 nou
1557 1101 1629 1139 erit

101 1177 205 1211 terra
238 1171 284 1210 ab
315 1170 415 1210 illius
447 1185 490 1210 ac
524 1170 643 1224 patris
675 1170 795 1224 ipsius
827 1169 1008 1223 operibus
1039 1169 1180 1209 aliena.

212 1236 346 1278 Scllol.
372 1237 444 1277 lli.
491 1241 669 1277 Dominus
700 1246 757 1276 est
774 1239 887 1289 filius
918 1240 1096 1284 hominis,
1130 1240 1239 1276 etiam
1269 1237 1426 1275 sabbati.

208 1305 344 1346 Resut.
368 1304 441 1345 ΙΙΙ.
488 1304 576 1346 Duo
599 1305 712 1346 simul
738 1305 809 1345 lioc
831 1305 868 1345 in
891 1306 976 1345 loco
997 1304 1168 1349 salvator
1191 1305 1236 1344 de
1259 1304 1388 1358 scipso
1412 1305 1626 1359 profitetur,

99 1373 276 1413 nimirum
305 1373 418 1413 lilium
447 1373 611 1413 hominis
638 1387 679 1413 se
708 1387 819 1423 esse,
853 1373 1076 1426 sabbatique
1102 1372 1320 1422 domiuum,
1356 1385 1403 1412 ne
1429 1371 1626 1412 sabbatum

96 1454 118 1481 a
142 1441 339 1481 molitione
361 1455 430 1481 sua
453 1441 662 1481 abliorrere
684 1441 932 1491 crederetur3
967 1440 1137 1490 etiamsi,
1171 1440 1269 1493 quod
1294 1446 1528 1494 postremum
1551 1447 1625 1489 est,

98 1509 196 1549 filius
229 1509 392 1549 hominis
425 1509 472 1549 ob
503 1516 736 1563 assumptam
768 1522 923 1548 carnem
956 1508 1180 1563 appelletur.

211 1574 345 1617 Scliol.
374 1575 445 1617 IV.
490 1580 618 1616 ludam
644 1580 868 1624 Iseare'oten,
913 1579 980 1628 qm·
994 1578 1081 1629 suit
1101 1579 1288 1627 proditor.
1352 1573 1429 1614 Pro
1457 1588 1504 1615 eo
1535 1589 1626 1615 vero

99 1645 197 1698 quod
230 1652 312 1695 est,
345 1648 545 1684 Descendit
572 1660 652 1683 eum
684 1647 793 1696 ἡυεῖς,
831 1647 1030 1683 Descendit
1056 1648 1092 1683 ile
1123 1647 1262 1695 ipsum,
1298 1642 1405 1696 legit.

210 1711 345 1753 Ret'ut.
374 1711 447 1752 IV.
494 1716 606 1752 ladas
639 1716 837 1752 Iseare'otes
868 1715 935 1764 qui
951 1714 1038 1765 suit
1058 1714 1241 1763 proditor.
1314 1708 1526 1750 Cuiusnam
1561 1712 1627 1751 ob-

99 1781 238 1820 secro?
294 1779 487 1821 Nimirum
514 1781 636 1831 illius,
678 1780 739 1834 qui
767 1780 1090 1833 comprehensuS‚
1133 1779 1209 1819 imo
1232 1778 1331 1819 etin
1357 1792 1509 1818 crucem
1538 1779 1627 1819 sub-

96 1848 195 1888 latus
222 1849 412 1901 multaque
439 1862 644 1903 perpessus
672 1855 746 1888 est.
809 1846 983 1901 Quanam
1010 1847 1127 1901 igitur
1151 1846 1300 1887 ratione
1325 1846 1626 1901 comprehensus

98 1916 194 1970 affigi
228 1916 331 1956 cruci
360 1916 521 1970 poterit,
554 1916 615 1969 qui
643 1915 876 1956 contrectari
902 1915 1100 1965 manibus,
1135 1921 1174 1954 ut
1197 1914 1424 1964 existimas,
1457 1929 1533 1955 nou
1561 1929 1628 1969 po-

99 1991 197 2034 test,
242 1999 263 2023 o
287 1982 466 2024 Marcio?
524 1982 631 2024 Nihil
656 1984 754 2023 euim
785 1991 937 2038 praeter
962 1982 1115 2023 inanem
1139 1983 1306 2037 speciem
1334 1981 1485 2022 tribuis.
1548 1980 1626 2022 Sed

98 2051 192 2091 haec
219 2059 279 2092 tua
306 2051 434 2106 opinio
460 2051 570 2091 facile
595 2051 860 2101 convincitur,
902 2065 952 2091 ex
979 2065 1025 2091 eo
1052 2052 1149 2105 quod
1175 2051 1357 2104 scriptum
1383 2057 1462 2099 est‚
1497 2053 1625 2089 Iudam

91 2123 333 2171 proditorem.
397 2118 552 2159 Revera
575 2121 710 2174 quippe
733 2119 924 2159 dominum
948 2133 1056 2159 suum
1081 2118 1260 2173 prodidit,
1285 2125 1320 2157 et
1344 2118 1381 2157 in
1404 2132 1539 2158 manus
1560 2118 1626 2158 ho-

99 2187 241 2227 minum
265 2188 432 2227 tradidit.
495 2185 633 2240 Neque
658 2201 751 2227 vero
774 2201 947 2227 caussam
971 2194 1073 2227 tuam
1094 2186 1285 2235 sublevat,
1319 2186 1433 2238 quod,
1467 2189 1625 2225 Descen-

98 2258 154 2294 de't
172 2259 209 2295 e'n
231 2259 351 2307 ipsos,
396 2269 497 2304 uon,
537 2270 617 2293 cum
642 2258 750 2306 ipsis,
785 2255 1045 2295 substitueris.
1106 2252 1247 2307 Neque
1274 2253 1373 2293 euim
1398 2267 1533 2293 caussa
1559 2254 1625 2293 ad—

100 2323 350 2377 umbrataque
380 2323 509 2377 specie
542 2323 700 2362 definire
732 2329 840 2376 potes
866 2323 968 2363 illum
995 2336 1105 2376 quem
1133 2329 1237 2362 tactu
1261 2328 1481 2376 perceptum
1507 2321 1624 2361 fuisse

100 2391 247 2431 fateare
278 2391 359 2445 ipse
392 2390 451 2431 vel
483 2391 641 2429 invitus.

1647 840 1716 868 Luc.
1730 843 1755 875 5,
1772 843 1811 869 24.

1649 1249 1720 1284 Cap·
1733 1251 1758 1284 8,
1774 1251 1797 1278 5-

1646 1586 1719 1614 thid.
1739 1590 1778 1616 16.

212 2456 345 2499 Schol.
373 2456 424 2498 V.
472 2461 521 2496 Et
543 2461 658 2496 ommls·
688 2459 795 2496 turba
820 2460 1020 2510 quaerebat
1042 2473 1122 2497 eum
1145 2466 1311 2509 tangere.
1376 2460 1427 2496 Et
1445 2461 1522 2509 ipse
1548 2459 1620 2496 ele-
1642 2464 1714 2493 Ibid.
1735 2467 1774 2494 19.

99 2530 195 2565 valvis·
225 2529 343 2565 oeulis>=
370 2529 448 2564 suis
478 2534 547 2564 ete.

211 2593 346 2634 Refui..
372 2591 421 2633 V.
471 2591 546 2646 Qui
582 2593 731 2632 tandem
766 2601 922 2647 tangere
955 2594 1057 2634 illum
1094 2594 1202 2634 turba
1238 2592 1360 2646 potuit
1389 2593 1450 2646 qui
1483 2599 1621 2633 tactum

101 2675 249 2702 omnem
277 2662 489 2713 effugeret?
547 2658 744 2713 Quosnam
768 2674 861 2701 vero
892 2661 930 2701 in
953 2662 1101 2701 coelum
1125 2661 1258 2701 oculos
1281 2661 1436 2701 sustulit
1465 2661 1530 2714 qui
1555 2661 1623 2700 mi-

100 2728 201 2769 nime
233 2743 283 2770 ex
314 2742 429 2769 carne
458 2728 680 2768 constaret?
738 2725 816 2769 Sed
844 2735 884 2769 ut
908 2729 1059 2784 planum
1089 2731 1254 2779 faceret,
1298 2730 1539 2767 Mediatorem
1565 2731 1806 2767 dez‘1.Tim0th.

143 2897 197 2933 49.
223 2895 315 2944 αὐτῷ
334 2902 380 2932 ed.
393 2901 505 2940 princ„
523 2899 605 2940 quod
621 2900 765 2932 mendum
784 2909 838 2940 ope
927 2900 980 2932 50.
1005 2895 1137 2933 κᾶκοντι
1157 2900 1299 2939 rescripsi
1317 2908 1386 2931 cum
1403 2900 1540 2931 Petavio.
1569 2899 1622 2930 Li-

100 2946 165 2977 cod.
193 2947 288 2979 Vatic.
310 2947 431 2979 sustulit
453 2947 609 2978 petavius.
884 2947 930 2977 bri
953 2947 1062 2978 habent
1085 2941 1189 2978 κακόν
1213 2955 1252 2977 τι.

1689 2772 1715 2807 2,
1732 2773 1756 2800 5.
