2034 3267
132 794 460 844 INDICULUS
498 795 899 855 HAERESEON,
947 795 1109 857 QUAE
1146 797 1208 844 IN
1246 797 1413 846 TOMO
1445 799 1528 845 111.
1564 799 1651 847 LI-

172 886 281 933 BRI
306 886 343 933 I.
383 885 841 945 CONTINENTUR,
880 886 1162 947 SUNTQUE
1201 888 1455 936 NUMERO
1481 889 1609 936 XIII.

242 1018 273 1060 I.
320 1019 522 1061 Marcosii.
582 1019 740 1061 Marcus
773 1021 923 1075 quidam
954 1021 1084 1062 extitit
1115 1019 1317 1063 Colorbasi
1351 1023 1648 1078 condiscipulus.

133 1086 172 1128 Is
195 1089 267 1129 duo
289 1089 463 1130 similiter
488 1088 670 1143 principia
692 1089 907 1130 constituit.
972 1088 1212 1130 Mortuorum
1237 1092 1561 1132 resurrectionem
1587 1106 1651 1132 ne-

131 1156 260 1210 gabat.
322 1155 508 1197 Utebatur
534 1156 751 1211 praestigiis
779 1157 987 1207 eiusmodi,
1035 1165 1073 1198 ut
1099 1158 1214 1198 certis
1241 1159 1474 1199 carminibus
1498 1160 1652 1215 poculo-

131 1239 212 1264 rum
237 1224 424 1278 liquorem
449 1225 484 1264 in
513 1225 730 1265 caeruleum
758 1240 1065 1280 purpureumque
1091 1227 1256 1267 colorem
1281 1235 1472 1279 verteret3
1517 1227 1652 1283 quibus

130 1292 249 1333 sacris
286 1291 459 1332 infelices
492 1293 737 1334 mulierculas
768 1293 919 1334 initiare
950 1295 1113 1334 solebat.
1175 1293 1278 1335 Idem
1310 1296 1356 1335 ad
1388 1294 1547 1337 XXlV.
1577 1297 1652 1337 ele-

131 1367 257 1400 menta
288 1359 444 1414 perinde
476 1375 518 1400 ac
551 1359 781 1401 Valentinus
814 1362 995 1402 universa
1026 1376 1214 1403 revocare
1245 1363 1392 1403 nititur.

241 1427 293 1468 lt.
343 1426 577 1469 Colorbasii.
630 1428 702 1469 Hic
726 1430 879 1469 easdem
904 1431 983 1471 sere
1006 1431 1208 1482 opiniones
1230 1432 1429 1486 amplexus
1452 1440 1525 1472 est.
1574 1430 1651 1474 Sed

129 1496 309 1536 nonnulla
341 1504 467 1536 tamen
497 1504 585 1537 sunt
611 1497 648 1537 in
676 1498 811 1551 quibus
838 1498 883 1538 ab
908 1498 992 1538 aliis
1019 1498 1241 1539 haeresibus
1267 1499 1480 1554 discrepat,
1525 1498 1651 1541 Marci

129 1578 173 1605 ac
195 1563 389 1605 Valentini
413 1565 666 1619 potissimum.
723 1563 919 1620 Siquidem
945 1567 1239 1621 propagationes
1260 1567 1438 1608 Aeonum
1461 1575 1497 1608 et
1521 1565 1651 1623 Ogdo-

129 1633 221 1673 adas
252 1632 327 1672 alio
358 1633 469 1673 modo
500 1633 668 1673 tradidit.

242 1699 314 1741 ΙΙΙ.
360 1700 698 1742 Haeracleonitae.
759 1700 885 1742 Etiam
917 1702 979 1742 isti
1013 1703 1292 1744 commentitias
1322 1701 1529 1757 ogdoadas
1560 1704 1651 1744 reti-

129 1775 310 1809 nuerunt.
372 1768 415 1809 In
443 1769 578 1823 quibus
605 1770 841 1824 explicandis
873 1784 892 1809 a
916 1769 1042 1811 Marci
1075 1778 1112 1811 et
1139 1769 1350 1811 Ptolemaei
1383 1786 1428 1811 ac
1454 1771 1651 1813 Valentini

129 1844 422 1890 ceterorumque
455 1837 634 1892 opinione
666 1837 940 1878 discesserunt.
1002 1836 1104 1879 Suos
1140 1853 1254 1894 porro
1285 1839 1354 1879 sub
1390 1839 1512 1894 ipsum
1548 1840 1650 1880 vitae

130 1905 299 1956 exitum,
333 1905 490 1960 perinde
519 1920 562 1945 ac
584 1903 741 1946 Marcus
768 1906 954 1956 instituit,
990 1906 1098 1956 oleo,
1131 1907 1376 1962 opobalsamo
1408 1915 1446 1947 et
1471 1921 1568 1962 aqua
1594 1908 1650 1947 lu·

128 1981 270 2014 stratos
293 1974 329 2013 in
353 1974 511 2013 salutem
535 1980 729 2023 asserunt,
762 1988 911 2028 unaque
935 1980 1051 2016 voces
1072 1975 1252 2039 quasdam
1277 1974 1487 2016 Hebraieas
1510 1976 1546 2016 in
1570 1977 1651 2016 eius

130 2042 191 2096 qui
224 2041 401 2096 expiatur
432 2049 544 2096 eaput
574 2042 832 2081 insusurrant.

241 2108 312 2150 IV.
356 2107 537 2164 Opliitae.
586 2108 634 2149 Hi
658 2116 875 2164 serpentem
895 2118 1132 2151 venerantur
1152 2125 1196 2151 ac
1216 2112 1460 2166 praedicant3
1489 2125 1650 2166 eumque

130 2190 217 2218 esse
239 2175 435 2218 Christum
462 2184 655 2218 asserunt.
718 2174 778 2217 Ob
800 2176 835 2217 id
860 2191 990 2218 verum
1015 2179 1051 2218 iu
1074 2180 1171 2219 cista
1191 2187 1407 2234 serpentem
1430 2187 1647 2220 asservant.

240 2243 292 2285 V.
340 2243 493 2286 Caiani.
558 2243 738 2285 Veterem
764 2244 885 2299 legem
909 2253 946 2286 et
970 2260 1053 2287 eum
1077 2248 1139 2301 qui
1162 2248 1261 2287 illius
1283 2248 1378 2301 legis
1402 2255 1572 2302 tempore
1595 2248 1648 2288 lo-

128 2319 237 2353 cutus
258 2320 318 2353 est
338 2313 553 2368 repudiant.
598 2312 940 2354 Resurrectionem
961 2315 1087 2355 caruis
1111 2315 1317 2369 abnegant.
1362 2312 1525 2356 Cainum
1546 2329 1649 2356 com-

127 2381 331 2432 mendant3
378 2396 488 2435 quem
522 2381 811 2435 praestantioris
845 2382 1037 2423 cuiusdam
1076 2382 1226 2423 virtutis
1261 2384 1378 2423 fuisse
1410 2384 1644 2437 prae-dicant.

129 2445 206 2489 Sed
232 2456 270 2489 et
296 2447 425 2489 ludam
452 2448 589 2489 divinis
615 2448 822 2489 honoribus
851 2451 1039 2502 afficiunt,
1074 2465 1145 2491 nec
1170 2465 1245 2492 non
1271 2459 1308 2491 et
1333 2448 1459 2502 Core,
1495 2450 1646 2492 Datban

128 2523 166 2556 et
197 2517 346 2557 Abiron
376 2531 420 2556 ac
453 2515 687 2557 Sodomitas.

238 2583 310 2625 Vt.
358 2584 548 2626 Sethiani.
605 2583 652 2624 Hi
676 2583 834 2625 Sentium
860 2586 1032 2628 laudibus
1052 2588 1231 2628 efferunt.
1281 2585 1405 2640 Quem
1428 2602 1448 2627 a
1471 2602 1646 2642 suprema

128 2660 285 2706 parente
307 2660 547 2707 procreatum
569 2659 713 2705 putant,
747 2666 829 2692 cum
854 2668 936 2694 eam
960 2656 1177 2709 poeniteret
1198 2656 1294 2708 quod
1321 2652 1483 2695 Cainnm
1509 2656 1647 2696 edidis-

128 2727 200 2760 set.
264 2718 351 2773 Quo
384 2721 507 2760 eiecto
538 2720 738 2774 Abeloque
769 2721 973 2763 interfecto
1006 2737 1090 2763 eum
1120 2737 1267 2763 summo
1298 2729 1406 2776 patre
1437 2737 1645 2777 congressa

172 2819 203 2853 6.
229 2818 303 2864 ὅφιν
322 2820 359 2855 τὸ
379 2820 511 2864 ἑρπετὸν
531 2823 596 2854 cod.
615 2824 709 2853 Vatic.
750 2824 868 2863 Vulya-
953 2825 984 2857 ὃ.
1010 2822 1076 2863 οἷς,
1102 2826 1183 2865 quod
1207 2826 1293 2856 habet
1317 2827 1407 2856 etiam
1432 2826 1560 2857 Ioannes
1580 2827 1644 2857 Da-

128 2868 192 2897 tum
213 2870 396 2907 scripturam
420 2871 518 2899 tuetur
540 2869 632 2899 etium
654 2868 782 2899 loannes
799 2870 862 2900 Da·
907 2879 1024 2910 masa,
1047 2871 1218 2901 emendavit
1239 2871 1393 2901 Petavius.
1436 2871 1531 2910 Vulyo
1555 2864 1608 2912 ἧς.

128 2919 223 2943 masc.
951 2915 982 2948 9.
1012 2917 1059 2947 Ila
1091 2916 1263 2946 emendavit
1290 2916 1444 2947 Petavius.
1494 2916 1644 2947 consentit

172 2955 203 2989 7.
226 2959 297 2995 ταῖς
320 2954 474 3000 πρότερον
497 2958 563 2989 cod.
586 2958 680 2989 Vatic.
904 2961 1034 2992 Ioannes
1051 2962 1194 2992 Damaso.
1228 2961 1310 2990 Edit.
1326 2962 1424 2998 princ.
1442 2964 1469 2992 et
1486 2961 1551 2992 cod.
1565 2962 1643 2992 Rhe-

904 3005 967 3045 diy.
991 3016 1052 3037 non
1074 3006 1182 3037 habent
1205 3005 1282 3036 illud
1305 3002 1353 3038 τὸ.
