2034 3267
503 180 680 214 PANARH
701 182 784 214 LIB.
801 183 826 215 1.
850 182 956 215 TOM.
975 183 1031 215 111.
1057 182 1310 215 HAER.XL11.
1589 174 1668 215 635

150 258 305 300 minime
325 259 526 300 devitasti?
557 268 622 301 aut
641 261 778 315 ingens
800 262 870 302 hoc
892 261 1086 316 negotium
1110 261 1242 302 callide
1266 261 1507 302 dissimulare
1529 275 1604 301 non
1628 275 1669 300 es

151 340 379 381 aggreSSt1S‚
426 342 499 381 quo
534 336 595 368 tua
628 330 730 369 fraus
762 330 885 369 omnis
917 336 955 369 et
985 329 1208 383 improbitas
1241 329 1409 368 funditus
1440 329 1666 369 labefactata

149 394 339 434 concidit?
395 393 497 434 Nam
532 397 562 436 si
597 397 750 436 omuino
785 397 887 436 cruci
920 404 979 436 est
1010 397 1169 446 affixus,
1215 411 1284 436 cur
1315 410 1390 435 non
1422 396 1511 435 illud
1544 396 1667 445 vides,

150 475 234 502 eum
258 462 320 515 qui
343 462 549 504 crucifixus
571 471 631 503 est
653 464 865 513 attrectari,
898 464 1057 517 eiusque
1082 477 1216 504 manus
1238 477 1280 503 ac
1305 464 1421 518 pedes
1443 464 1563 504 clavis
1583 478 1670 518 per-

149 529 292 569 forari?
351 527 480 582 Quare
515 545 589 571 non
625 531 718 571 haec
747 531 872 571 inanis
907 531 1014 570 larva
1049 531 1110 571 vel
1141 531 1290 584 species
1322 544 1409 570 esse
1440 531 1583 585 potuit,
1630 538 1671 570 ut

149 596 314 646 asseris,
347 598 412 636 sed
441 612 571 638 verum
598 613 758 652 corpus,
792 599 890 652 quod
914 611 934 637 e
956 596 1085 637 Maria
1109 595 1289 638 Christus
1315 598 1482 652 accepit,
1515 612 1668 638 carnem

149 663 328 704 videlicet
351 672 540 715 nostram,
575 673 612 705 et
637 679 750 714 ossa,
785 672 988 718 ceteraque
1010 665 1182 719 corporis
1205 665 1398 716 membra,
1434 666 1670 719 quandoqui-

150 731 234 771 dem
264 733 367 771 cruci
402 734 552 772 affixum
586 747 671 774 esse
703 733 894 773 dominum
927 746 974 772 ne
1006 733 1087 786 ipse
1118 732 1268 786 quidem
1299 733 1483 772 diffiteris.

261 797 393 840 Schol.
420 798 596 841 LXXII.
646 800 728 840 Hoc
756 801 911 855 insuper
931 799 1107 840 abstulit:
1142 803 1259 838 Hodie
1281 815 1416 839 mecum
1441 803 1515 839 eris
1536 803 1572 839 in
1597 803 1667 839 Pa·
1687 812 1813 845 Luc.2.3‚
1830 813 1870 839 43.

148 869 285 906 rade'so.

260 934 391 975 Rel'ut.
418 933 594 975 LXXII.
642 934 764 974 Recte
798 936 868 975 hoc
895 943 929 975 et
961 941 1222 975 consentanee
1247 935 1396 988 quidem
1423 935 1666 986 subtraxisti,

148 1000 314 1042 Marcio.
376 1000 548 1043 Paradisi
572 1002 671 1042 enim
697 1003 761 1042 tibi
784 1003 924 1042 aditum
948 1002 1215 1052 interclusisti‚
1249 1009 1289 1042 ut
1310 1017 1425 1054 neque
1447 1011 1523 1042 tate
1543 1007 1668 1054 rbegre-
1687 1016 1871 1050 Luc.1t‚52.

148 1074 270 1119 diare,
317 1086 431 1123 neque
461 1079 541 1109 tuos
568 1074 730 1122 patiaris
763 1074 922 1122 ingredi.
987 1068 1046 1110 Ita
1078 1070 1178 1109 enim
1210 1077 1471 1124 comparatum
1504 1077 1584 1120 est,
1633 1078 1673 1110 ut

149 1139 247 1192 quod
280 1139 416 1178 bonum
449 1145 507 1177 est
534 1138 684 1178 oderint
715 1145 788 1178 tam
822 1139 883 1192 qui
916 1138 952 1178 in
981 1151 1152 1178 errorem
1178 1137 1359 1177 inducunt
1386 1152 1496 1192 quam
1527 1139 1589 1192 qui
1615 1138 1672 1178 in-

149 1207 232 1246 duci
264 1220 306 1246 se
338 1206 574 1261 permittunt.

260 1272 391 1314 Schol.
416 1271 613 1314 LXXIII.
663 1277 714 1313 Ec
741 1277 952 1313 eoeelamans
988 1288 1071 1312 voce
1102 1288 1235 1324 magua
1266 1277 1463 1325 eoeln'ravz'l.
1690 1288 1824 1315 1bid.4fi.

256 1340 389 1381 Resut.
415 1340 613 1382 LXXIII.
663 1340 759 1382 Cum
793 1341 1003 1397 expirarst,
1046 1356 1067 1381 0
1099 1339 1272 1391 Marcio,
1319 1338 1523 1392 Christus,
1568 1341 1672 1382 etin

148 1409 340 1463 ingentem
365 1424 498 1450 vocem
525 1410 714 1464 eruperit,
748 1411 900 1463 quinam
929 1409 1108 1463 expirare
1136 1409 1279 1463 potuit,
1314 1415 1379 1448 aut
1403 1409 1491 1462 quid
1520 1409 1672 1449 tandem

148 1477 366 1532 expiravit?
425 1477 614 1518 Nimirum
641 1479 847 1531 quamlibet
873 1485 1026 1526 taceas,
1073 1477 1317 1516 manifestum
1340 1477 1439 1516 istud
1465 1484 1546 1527 est,
1592 1478 1673 1517 ani-

109 1544 113 1548 ’
148 1558 245 1584 mam
271 1545 412 1594 fuisse,
448 1559 544 1599 quae
569 1560 652 1585 cuni
679 1545 877 1585 divinitate
900 1560 920 1584 a
945 1558 1106 1599 corpore
1130 1544 1376 1595 discesserit,
1410 1559 1494 1584 cum
1519 1545 1671 1585 iuterim

147 1613 296 1653 animae
328 1613 415 1653 illud
449 1627 589 1667 expers
622 1621 816 1663 maneret,
850 1621 890 1653 ut
922 1612 1066 1653 veritas
1097 1612 1175 1665 ipsa
1209 1612 1394 1652 continet.

262 1678 394 1721 Schol.
421 1679 615 1721 LXXIV.
665 1685 760 1720 Eece
784 1685 840 1720 vir
860 1684 1004 1721 nomine
1026 1683 1153 1732 loseph
1176 1683 1376 1731 depositum
1399 1695 1533 1732 corpus
1556 1684 1672 1720 ae'onl-
1691 1690 1763 1717 thid.
1783 1692 1823 1719 50.

149 1750 219 1795 vil,
255 1756 291 1787 et
317 1753 444 1800 posuit
471 1753 507 1788 ιή
535 1758 762 1789 monumento
793 1753 929 1788 evolso.

261 1815 394 1856 Refut.
421 1815 617 1857 LXXIV.
667 1815 708 1857 Si
744 1817 814 1857 liae
846 1830 985 1868 voces,
1025 1820 1255 1868 Depositum,
1304 1823 1342 1856 et
1370 1819 1584 1864 Involvens,
1636 1824 1674 1855 et

149 1886 288 1923 Ponere
311 1888 348 1923 ίιι
370 1893 597 1924 monumento
618 1889 761 1933 acciso,
798 1885 1028 1940 persuadere
1052 1884 1115 1923 tibi
1142 1891 1351 1938 nequeunt,
1386 1882 1552 1934 Marcio,
1587 1884 1672 1937 quid

149 1958 186 1991 te
212 1952 300 2004 fingi
327 1958 450 2006 potest
475 1952 692 1992 amentius?
752 1952 853 2006 Quid
878 1960 1003 1992 autem
1032 1952 1171 1992 clarius
1198 1952 1368 1991 indicare
1393 1952 1582 2006 scriptura
1609 1967 1673 2006 po-

150 2019 241 2069 tuit,
276 2034 358 2059 cum
386 2028 422 2059 et
443 2028 727 2060 monumentum
753 2028 790 2060 ct
812 2021 934 2060 locum
960 2028 996 2060 et
1019 2020 1100 2060 eius
1124 2021 1283 2060 formam
1310 2034 1353 2060 ac
1376 2020 1671 2073 descriptionem

149 2087 412 2142 expresserit,
458 2088 644 2128 addiderit
668 2088 825 2143 insuper
850 2089 1062 2128 triduanam
1087 2088 1188 2128 illam
1217 2088 1253 2127 in
1280 2087 1483 2142 sepulc-hro
1506 2101 1673 2126 commo-

149 2156 361 2206 rationem,
404 2170 487 2196 cum
519 2156 691 2196 sindonis
722 2156 944 2207 involucro,
988 2156 1040 2196 uti
1075 2163 1188 2196 totam
1222 2156 1276 2196 rei
1310 2155 1512 2195 veritatem
1544 2161 1674 2194 osten-

149 2223 282 2264 deret?

260 2289 393 2332 Schol.
419 2290 595 2332 LXXV.
644 2294 694 2330 Ec
716 2299 938 2331 revertentes
962 2294 1134 2331 mulceres
1159 2293 1344 2330 silueram
1365 2291 1516 2329 sabbato
1538 2305 1668 2329 secun-
1690 2303 1761 2330 thiu.
1783 2304 1824 2331 56.

149 2362 233 2398 dcam
264 2363 486 2399 mandatum.

259 2427 393 2468 Refut.
421 2426 596 2468 LXXV.
646 2426 755 2468 Unde
781 2441 924 2481 quaeso
950 2427 1129 2468 mulieres
1155 2440 1338 2467 reversae
1365 2433 1476 2476 sunt,
1520 2433 1584 2466 aut
1608 2441 1675 2466 cur

150 2496 300 2537 demum
325 2496 477 2536 siluisse
503 2503 730 2545 narrantur,
775 2495 846 2535 nisi
878 2502 914 2535 ut
941 2495 1090 2536 illarum
1119 2494 1335 2535 testimonia
1361 2494 1496 2547 quibus
1524 2495 1673 2534 insania

148 2571 212 2605 tua
243 2564 488 2618 redarguitur
518 2564 706 2618 scriptura
738 2563 975 2603 declararet?
1034 2562 1137 2603 Ecce
1166 2562 1230 2602 tibi
1260 2562 1440 2601 mutieres
1466 2569 1670 2612 testantur,

148 2640 187 2672 et
210 2633 393 2687 apostoli,
428 2639 465 2671 et
487 2630 615 2671 ludaei
631 2662 640 2680 ‚
676 2638 714 2671 et
735 2631 881 2685 angeli,
916 2639 954 2672 et
976 2630 1113 2685 loseph
1141 2631 1220 2684 ipse
1236 2661 1245 2679 ‚
1279 2630 1341 2683 qui
1365 2630 1564 2670 tractabile
1587 2644 1672 2670 cor-

149 2714 217 2753 pus
244 2714 264 2740 e
287 2714 399 2740 cruce
426 2699 577 2739 demisit
599 2707 636 2739 et
662 2699 846 2739 obvolvit.
912 2698 1055 2739 Verum
1087 2702 1175 2749 Quis
1198 2712 1276 2736 eum
1299 2700 1489 2748 corregal,
1524 2701 1591 2750 qui
1610 2713 1667 2737 se·
1689 2712 1768 2739 Emi.
1791 2712 1814 2745 ι,
1837 2711 1875 2740 15.

149 2770 264 2819 ipsum
295 2783 360 2807 suo
391 2771 526 2806 iudicio
556 2782 600 2806 ae
630 2769 816 2806 voluntate
840 2771 1053 2819 pervertit?
1084 2766 1136 2807 uti
1169 2765 1352 2819 scriptum
1383 2765 1559 2817 legimus.

260 2834 393 2876 Schol.
418 2833 615 2875 LXXVI.
664 2838 852 2874 De'oeerunt
870 2839 937 2887 qui
953 2844 1063 2874 erant
1083 2839 1119 2873 z'n
1146 2841 1241 2872 veste
1264 2834 1369 2880 alba,
1407 2835 1504 2883 Quid
1524 2837 1669 2885 quaeri-
1691 2848 1814 2879 1,u0.2⁴,
1834 2847 1859 2874 5.

193 2933 246 2968 64.
270 2938 304 2970 αἱ
326 2941 478 2980 γυναῖκες
500 2939 583 2969 abest
607 2947 712 2977 supra.

192 2979 244 3013 65.
269 2980 444 3017 ἀπόστολοι
468 2984 533 3014 cod.
556 2984 651 3015 Votic.
702 2983 795 3022 Vulgo
819 2977 1010 3021 ἀπόστολος.
