2034 3267
206 919 294 963 Κεφ.
322 918 362 963 β’.

225 1005 292 1034 pag.
312 997 369 1025 389.

201 1466 288 1509 Κεφ.
314 1463 354 1508 γ’.

204 2488 292 2532 Κεφ.
319 2498 338 2523 0
353 2514 360 2521 .

388 219 467 258 706
947 223 1108 255 SANCTI
1131 223 1355 255 EPJPHANH

391 302 460 345 νόν
490 306 560 344 τοῦ
582 305 711 354 φυτοῦ
734 298 831 342 εἶναι
855 299 949 343 αὐτὸ
974 299 1103 352 ι’)’φεως
1125 303 1258 353 δίκην,
1298 301 1365 341 καὶ
1394 298 1463 353 τὴν
1487 300 1554 352 μὲν
1574 301 1712 355 λευκὴν
1736 299 1833 342 εἶναι
1864 298 1915 349 ὥς

391 369 508 422 ὅφιν,
550 368 620 423 τήν
650 370 691 411 δὲ
713 370 894 422 μέλαιναν
924 367 975 418 ὥς
999 367 1205 424 δράκοντα.
1264 365 1384 409 Εἶναι
1414 368 1455 409 δὲ
1484 368 1551 409 καὶ
1579 367 1648 417 τοὶς
1675 372 1826 425 8ῥ’ἇγας
1848 373 1916 421 τῆς

390 436 563 491 άμπέλου
588 436 714 492 ὥςπερ
741 439 804 479 ιὀῦ
828 436 1091 492 ῥαθάμιγγας,
1122 439 1248 478 εἴτουν
1268 434 1471 491 σταγόνας,
1506 440 1523 464 ⁹
1538 434 1603 477 διά
1623 435 1666 478 τὸ
1685 437 1914 487 κυκλοειδὲς,

387 505 414 558 ἢ
435 505 475 548 vd
497 508 680 561 μείουρον
699 506 765 547 καὶ
788 506 956 559 διαμφὲς,
974 504 1136 546 ἑκάστου
1154 502 1281 559 ῥωγός
1299 502 1631 560 στρογγυλώσεως·
1656 503 1723 546 τὸν
1746 506 1787 546 δὲ
1809 502 1916 546 οἶνον

389 575 432 615 ἐκ
451 579 521 627 τῆς
539 571 768 622 ὑποθέσεως
786 572 928 627 ταύτης
946 572 1040 615 ὄντα
1058 572 1125 615 τόν
1143 577 1237 614 νοῦν
1255 577 1403 614 θολοῦν
1422 576 1490 625 τῆς
1507 570 1826 628 άνθρωπότητος,
1849 574 1916 614 καὶ

386 641 440 694 πή
469 642 537 695 μὲν
559 644 612 691 εἷς
638 643 766 691 θέλξιν
789 641 1033 697 ἀφροδισίων
1058 640 1183 696 ἄγειν,
1226 640 1281 693 πὴ
1303 641 1345 682 δὲ
1367 642 1422 689 εἰς
1442 638 1597 696 οἶστρον
1622 642 1799 696 ἐγείρειν,
1839 639 1862 694 ἢ
1884 639 1916 682 δ’

385 705 435 751 αὖ
456 709 571 752 πάλιν
594 708 715 765 ὀργὴν
737 711 932 763 ἐμποιεῖν,
964 708 1028 751 διά
1053 707 1095 751 τό
1119 713 1373 760 κεπφοῦσθαι
1395 708 1438 750 τό
1461 713 1572 761 σῶμα
1592 710 1634 750 ἐκ
1657 713 1726 762 τῆς
1747 707 1824 750 <ind
1847 713 1917 751 τοῦ

388 780 497 820 οἴνου
522 777 724 831 δυνάμεως
747 779 812 820 καὶ
830 783 900 820 τοῦ
926 780 988 820 ἰοῦ
1011 782 1082 820 τοῦ
1101 778 1383 833 προειρημένου
1404 775 1625 833 δράκοντος.
1674 776 1802 818 ΓΌθεν
1824 774 1917 818 άπέ-

386 864 517 900 χονται
549 848 658 888 οἴνου
689 851 886 895 παντελῶς
917 848 956 888 οἵ
983 851 1164 888 τοιοῦτοι.

504 914 709 956 Φάσκουσι
735 915 775 956 δὲ
798 916 863 956 καὶ
888 913 958 968 τήν
982 920 1148 970 γυναῖκα
1174 911 1272 955 εἶναι
1298 915 1411 968 ἔργον
1435 918 1506 955 τοῦ
1529 918 1706 965 Σατανᾶ,
1737 911 1918 968 καθάπερ

389 984 454 1025 καὶ
488 985 529 1025 οἵ
548 981 784 1038 Ἀρχοντικοὶ
812 987 925 1024 τοῦτο
961 984 1122 1035 ἔφασαν.
1182 981 1256 1024 And
1289 981 1380 1030 τούς
1408 980 1517 1039 γάμῳ
1542 981 1821 1035 πλησιάζοντας
1849 986 1920 1023 τοῦ

387 1056 546 1093 Σατανᾶ
580 1050 622 1093 td
652 1053 765 1106 ἔργον
792 1055 966 1107 πληροῦν
987 1053 1177 1107 λέγουσιν·
1222 1049 1316 1092 ἄλλα
1338 1051 1404 1091 καὶ
1426 1055 1496 1092 τοῦ
1524 1048 1744 1104 ἀνθρώπου
1775 1048 1817 1092 vd
1851 1050 1920 1103 μὲν

387 1120 507 1174 Γἥμισυ
536 1117 632 1161 εἶναι
655 1125 725 1161 τοῦ
750 1124 872 1170 θεοῦ,
914 1118 956 1161 τὸ
984 1119 1025 1160 δὲ
1048 1118 1166 1172 ἥμισυ
1189 1123 1258 1159 τοῦ
1282 1117 1478 1171 διαβόλου.
1536 1116 1620 1159 Ἀπ’
1642 1116 1822 1171 ὀμφαλοῦ
1846 1116 1919 1172 γάρ

387 1190 454 1230 καὶ
475 1186 658 1229 άνωτάτω
693 1186 789 1229 εἶναι
813 1193 883 1240 τῆς
911 1192 981 1229 τοῦ
1006 1192 1104 1228 θεοῦ
1129 1185 1330 1239 δυνάμεως
1354 1187 1451 1241 λέγει
1479 1185 1550 1239 τὴν
1575 1185 1730 1238 πλάσιν,
1771 1184 1848 1227 oin&
1880 1186 1921 1227 δὲ

388 1255 569 1310 ὀμφαλοῦ
608 1257 673 1297 καὶ
705 1255 911 1297 κατωτάτω
949 1260 1017 1308 τῆς
1049 1259 1224 1309 πονηρᾶς
1260 1256 1434 1304 ἐξουσίας
1468 1253 1537 1308 τὴν
1566 1253 1714 1297 πλάσιν.
1773 1253 1920 1308 Διόπερ

387 1326 484 1378 φησὶ
509 1323 635 1365 πάντα
658 1322 751 1365 καθ’
775 1321 926 1376 ἡδονὴν
950 1324 1016 1365 καὶ
1042 1321 1200 1377 οἶστρον
1225 1324 1289 1364 καὶ
1317 1324 1532 1376 ἐπιθυμίαν
1557 1321 1623 1364 ἄπ’
1648 1321 1829 1376 ὀμφαλοῦ
1854 1323 1921 1363 καὶ

385 1391 593 1434 κατωτάτω
618 1395 805 1447 γίνεσθαι.
863 1390 975 1432 Ἀλλά
1005 1392 1072 1432 καὶ
1103 1393 1145 1432 αἱ
1172 1389 1279 1432 ἄλλαι
1303 1392 1467 1446 αἱρέσεις
1492 1396 1605 1433 τοῦτο
1632 1392 1782 1443 ἔφασαν
1813 1387 1919 1432 εἶναι.

484 1460 612 1502 ’Όθεν
636 1461 702 1501 καὶ
726 1455 842 1508 οὗτος
864 1458 1056 1501 ἁλίσκεται
1081 1457 1178 1500 κατὰ
1202 1458 1329 1500 πάντα
1353 1458 1501 1514 τρόπον
1523 1465 1604 1508 τοῖς
1630 1457 1756 1508 ἄλλοις
1778 1460 1919 1501 ε’πακο-

383 1532 543 1572 λουθῶν
572 1526 777 1584 ἆγύρταις,
818 1533 898 1577 τοῖς
929 1526 975 1569 τά
998 1526 1208 1582 δηλητήρια
1239 1532 1291 1584 τῷ
1314 1529 1386 1585 βίῳ
1410 1526 1752 1569 κατασκευάσασιν.
1809 1524 1918 1568 Ἀνα-

384 1596 621 1653 τραπήσεται
650 1595 721 1652 γάρ
754 1598 916 1653 ῥᾳδίως·
958 1594 1005 1638 οὕ
1032 1595 1104 1652 γάρ
1138 1595 1396 1649 1παμπόλλου
1421 1594 1719 1649 ε’πιδεηθήσεται
1738 1596 1918 1648 καμοίτου

384 1664 411 1719 ’ἦ
436 1665 535 1721 πρὸς
559 1663 679 1707 αὐτόν
702 1663 916 1720 άνατροπή.
962 1663 1084 1706 ”Ὀλον
1109 1663 1182 1720 γάρ
1205 1663 1248 1706 τὸ
1274 1669 1384 1717 σῶμα
1410 1665 1720 1719 συγκεκραμένον
1746 1669 1828 1713 τοῖς
1851 1681 1919 1705 κα-

385 1738 460 1782 λῶς
482 1735 522 1775 ἐν
545 1731 650 1790 αὐτῷ
673 1732 871 1789 γεγονόσιν
895 1734 937 1774 ἐκ
959 1738 1083 1783 θεοῦ,
1127 1733 1230 1786 φημὶ
1254 1733 1295 1774 δὲ
1318 1730 1505 1787 ὀρέξεσιν,
1547 1731 1594 1774 ού
1618 1731 1666 1774 δι’
1688 1730 1852 1774 άτοπίαν
1875 1733 1918 1773 ἐκ

384 1806 485 1842 θεοῦ
505 1801 746 1856 γενομέναις,
778 1799 869 1842 ἄλλα
893 1800 958 1843 διά
981 1806 1114 1856 χρῆσιν
1137 1799 1294 1856 οῗγαθήν
1319 1801 1385 1842 καὶ
1405 1798 1617 1857 οῗναγκαίας
1640 1803 1767 1856 χρείας
1788 1799 1919 1850 τάξιν·

383 1871 479 1924 λέγω
507 1870 548 1910 δὲ
575 1867 616 1910 vd
644 1868 851 1925 ὀρέγεσθαι
876 1869 1026 1919 ὕπνου,
1057 1872 1238 1923 βρωτῶν,
1270 1867 1468 1922 πόματος,
1501 1868 1711 1920 ἐνδύσεως,
1744 1869 1810 1910 καὶ
1835 1873 1916 1910 τῶν

386 1936 508 1978 ἄλλων
529 1937 686 1979 πάντων
705 1943 782 1978 τῶν
805 1939 856 1986 εἰς
877 1936 923 1978 τά
943 1940 1022 1978 ἴδια
1042 1939 1107 1979 καὶ
1125 1943 1208 1995 θεῷ
1227 1935 1412 1993 εὐάρεστα
1434 1935 1529 1991 ἡμῖν
1550 1940 1829 1991 συμβαίνοντα,
1864 1934 1919 1986 οἷς

385 2007 453 2047 καὶ
483 2004 604 2059 αὐτὴν
631 2004 702 2059 τὴν
735 2004 860 2059 ὄρεξιν
884 2010 951 2058 τῆς
973 2004 1071 2047 κατά
1094 2004 1136 2047 τὸ
1160 2010 1270 2058 σῶμα
1292 2007 1505 2059 ἐπιθυμίας
1529 2004 1602 2047 οὐκ
1623 2004 1770 2047 ἄτοπον
1792 2000 1919 2047 οὖσαν

386 2071 667 2129 παραστήσαιμ’
697 2072 755 2115 ἄν.
800 2072 911 2114 ’Ἐστι
939 2072 1010 2128 γάρ
1041 2073 1140 2128 πρός
1162 2076 1416 2116 παιδοποιίαν
1443 2076 1483 2116 ἐν
1508 2072 1710 2127 σεμνότητι
1735 2076 1915 2125 δοθεῖσα,

387 2143 454 2183 καὶ
478 2144 532 2191 εἰς
554 2141 672 2192 δόξαν
703 2146 773 2184 τοῦ
796 2141 1030 2195 ποιήσαντος
1053 2141 1100 2183 τά
1123 2141 1270 2193 πάντα,
1301 2141 1482 2197 καθάπερ
1507 2146 1554 2200 τῇ
1577 2147 1627 2200 γῇ
1649 2140 1697 2183 τά
1719 2142 1918 2196 σπέρματα

388 2212 442 2259 εἷς
464 2212 637 2264 ἐπίχυσιν
659 2208 841 2263 πλήθους
863 2214 939 2251 τῶν
962 2208 1040 2252 ὑπὸ
1065 2215 1166 2252 θεοῦ
1189 2212 1420 2264 ἑκτισμένων
1442 2215 1590 2261 καλῶν,
1632 2208 1859 2265 γενημάτων
1880 2211 1921 2251 τέ

387 2296 489 2331 φημι
514 2280 582 2320 καὶ
603 2277 854 2334 ἀκροδρύων,
887 2277 1012 2327 οὕτως
1037 2280 1101 2320 καὶ
1123 2284 1170 2337 τῇ
1195 2277 1474 2334 άνθρωπότητι
1497 2280 1550 2328 εἰς
1572 2276 1615 2320 τό
1639 2283 1839 2334 πληρῶσαι
1861 2276 1918 2330 τὸ,

386 2345 618 2396 Αύξάνεσθε
647 2348 714 2389 καὶ
744 2345 1018 2400 πληθύνεσθε,
1049 2348 1114 2389 καὶ
1143 2346 1369 2404 πληρώσατε
1396 2346 1466 2402 τήν
1496 2352 1578 2403 γῆν.

500 2484 716 2539 Κέχρηνται
745 2484 787 2525 δὲ
815 2486 854 2525 οἱ
872 2488 1042 2525 τοιοῦτοι
1066 2485 1131 2525 καὶ
1157 2482 1409 2538 άποκρύφοις
1433 2485 1554 2535 τισὶν,
1596 2481 1648 2532 ὦς
1677 2481 1916 2536 άκηκόαμεν·

384 2549 476 2592 ἄλλά
496 2553 563 2593 καὶ
585 2554 625 2594 ἐν
649 2553 754 2607 μέρει
777 2557 860 2601 ταῖς
880 2553 1015 2606 ῥηταῖς
1035 2554 1203 2605 βίβλοις,
1234 2555 1512 2608 λεξιθηρῶντες
1534 2553 1660 2594 ἐκεῖνα
1681 2549 1783 2605 μόνα
1807 2549 1918 2592 ἅτινα

381 2619 479 2660 κατά
499 2619 567 2662 τόν
589 2625 684 2662 νοῦν
704 2618 830 2662 αὐτῶν
849 2620 1160 2674 παραπλέκοντες
1181 2621 1319 2675 ἑτέρως
1339 2623 1667 2676 μεταχειρίζονται.
1725 2617 1824 2660 Οὔτε
1844 2618 1917 2675 γάρ

382 2685 408 2739 ἡ
435 2686 606 2741 ἄμπελος
637 2690 677 2730 ἐκ
703 2687 890 2741 διαβόλου
915 2686 1172 2739 πεφύτευται,
1215 2687 1303 2730 οὔτε
1334 2690 1372 2738 ἐξ
1395 2687 1523 2741 ὄφεως
1550 2690 1633 2742 ἔσχε
1658 2685 1728 2741 τήν
1751 2686 1915 2742 σποράν,

385 2752 436 2803 ὥς
458 2760 574 2798 παντί
593 2775 645 2815 τῳ
668 2755 785 2810 δῆλόν
804 2758 892 2798 ε’στι.
955 2760 1052 2805 Πῶς
1072 2755 1144 2811 γάρ
1169 2758 1245 2798 ἔστι
1266 2761 1401 2807 τοῦτο,
1434 2755 1555 2798 αὐτοῦ
1575 2761 1647 2798 τοῦ
1668 2757 1810 2810 κυρίου
1834 2756 1917 2797 ε’πι-

384 2829 677 2880 μαρτυροῦντος
699 2826 765 2866 καὶ
791 2826 965 2880 λέγοντος
991 2823 1068 2875 ὅτι,
1105 2823 1162 2866 Οὐ
1188 2823 1240 2878 μὴ
1262 2827 1338 2866 πίω
1362 2826 1406 2867 ἐκ
1429 2829 1498 2867 τοῦ
1522 2823 1735 2880 γενήματος
1756 2827 1826 2877 τῆς
1846 2821 1916 2877 οἷμ-

381 2892 500 2933 πέλου
524 2893 688 2947 ταύτης,
731 2894 804 2942 ἕως
827 2892 875 2934 ἂν
895 2895 971 2934 πίω
995 2890 1089 2934 αὐτὸ
1115 2891 1252 2936 καινόν
1273 2891 1361 2947 μεθ’
1382 2891 1493 2946 ὑμῶν
1515 2894 1556 2935 ἐν
1577 2897 1624 2950 τῇ
1646 2894 1819 2950 βασιλείᾳ
1839 2895 1917 2933 τῶν

427 2995 458 3028 8.
486 2998 582 3036 Vulgo
608 2996 722 3039 ῥᾶγας.

424 3041 455 3074 S.
483 3043 651 3075 Cornara'us
674 3045 781 3074 verlit:
817 3049 954 3086 propter
980 3041 1218 3074 rotunditatem
1242 3050 1297 3074 aut
1321 3042 1535 3075 desinentiam
1558 3042 1591 3074 in
1615 3047 1783 3085 angustam
1802 3041 1913 3074 tenui—
