2034 3267
150 625 238 666 Κεφ.
270 619 331 663 κγ’.

195 1171 259 1200 pag.
279 1161 336 1188 258.

185 2577 271 2619 Κεφ.
298 2572 338 2607 α’.

351 188 431 227 478
911 190 992 221 SAN
1000 190 1070 222 οτι
1094 190 1313 221 EPIPHANH

352 271 487 312 ἅκτῖνα
510 274 579 321 τῆς
602 266 806 320 άληθείας,
839 265 893 315 ὥς
917 283 957 321 γε
981 264 1076 318 ἡμῖν
1102 264 1286 313 πολλάκις
1309 265 1405 307 κατά
1427 267 1570 316 πλάτος
1592 270 1737 322 εἴρηται
1763 267 1804 308 έν
1827 270 1874 323 τῇ

351 337 450 390 πρὸς
481 337 645 387 ἑκάστην
675 337 822 389 αἵρεσιν
851 332 1060 375 ὑποθέσει·
1104 330 1156 381 ὥς
1181 331 1392 382 ἐξάπαντος
1414 339 1626 389 φωρᾶσθαι
1648 336 1714 376 καὶ
1738 339 1875 376 τοῦτον

352 403 524 459 α’γύρτην
547 404 613 445 καὶ
636 400 902 444 θανατοποιὸν
928 400 1121 449 ἰσοτύπως
1144 406 1228 448 ταῖς
1251 402 1550 455 προειρημέναις
1572 404 1789 452 ἐπιδείξεως
1811 400 1875 455 χά-

352 489 412 525 ριν
434 473 498 513 καὶ
523 473 741 526 περιεργίας
759 468 806 511 τά
828 467 970 524 μεγάλα
991 473 1111 509 ταῦτα
1134 466 1378 509 καττύσαντά
1398 484 1437 509 τε
1461 469 1525 510 καὶ
1545 468 1874 523 μηχανησάμενον.

474 605 744 661 Παρελθόντες
774 606 816 647 δὲ
844 606 909 646 καὶ
933 603 1003 657 τὴν
1029 602 1170 646 τούτου
1195 606 1434 659 μοχθηρίαν,
1478 605 1545 645 καὶ
1567 608 1644 645 τῶν
1666 603 1730 646 ἀπ’
1755 603 1877 646 αὐτοῦ

356 678 610 728 Μαρκωσίων
635 674 868 729 λεγομένων,
900 674 963 714 ἐπὶ
994 670 1062 720 τάς
1083 673 1170 724 ἑξῆς
1192 671 1439 724 σπεύσωμεν,
1471 666 1502 712 ὦ
1525 670 1780 725 ἐπιπόθητοι,
1810 670 1879 721 τάς

353 741 482 784 αὐτῶν
505 744 610 796 ῥίζας
633 741 748 782 πάλιν
771 739 1065 796 άνερευνῶντες,
1108 741 1172 781 καὶ
1197 744 1273 780 τῶν
1295 743 1456 795 καρπῶν
1479 737 1607 780 αὐτῶν
1630 738 1700 792 τὴν
1723 742 1879 794 πικρίαν

353 811 622 862 ἀφανίζοντες,
662 809 732 861 τήν
753 825 792 850 τε
817 807 1040 861 άνατροπήν
1063 808 1129 848 καὶ
1151 806 1198 848 τά
1220 805 1303 849 κατ’
1325 805 1469 855 αύτούς
1492 806 1618 848 πάντα
1643 806 1878 849 ἐπιδεικνύν-

353 896 432 929 τες,
465 877 537 920 οὐκ
559 880 612 926 εἷς
634 876 784 930 βλάβην
803 881 880 918 τῶν
905 874 1226 931 ἐντυγχανόντων,
1257 873 1348 916 ἄλλά
1371 877 1424 924 εἰς
1444 873 1686 929 ἀποτροπὴν,
1718 873 1817 929 πρός
1836 873 1879 916 τὸ

355 946 407 1000 μὴ
431 945 638 999 πλησιάσαι
659 949 726 1002 μιᾷ
748 949 825 986 τῶν
848 944 1140 997 προειρημένων
1164 944 1365 997 αἵρέσεων,
1396 941 1422 995 ἢ
1443 948 1518 984 τῶν
1542 944 1757 996 μετέπειτα,
1788 940 1880 983 άλλά

357 1014 594 1069 ἀναγνόντας
616 1012 663 1053 τά
685 1013 927 1067 γεγραμμένα
948 1009 1038 1063 παρ’
1063 1009 1215 1061 αὐτοῖς,
1246 1012 1312 1051 καὶ
1339 1009 1501 1065 γνόντας
1524 1009 1570 1051 τά
1594 1009 1785 1067 ᾀδόμενα,
1815 1010 1880 1051 καὶ

357 1081 616 1137 καταγνόντας
639 1085 708 1134 τῆς
729 1079 892 1133 ἑκάστης
912 1078 1039 1120 αὐτῶν
1060 1078 1208 1131 πλάνης
1232 1095 1270 1119 τε
1290 1079 1356 1119 καὶ
1382 1077 1625 1132 ἕρπετώδους
1647 1080 1877 1132 μοχθηρίας,

358 1149 598 1204 ἀποφεύγειν
621 1165 659 1189 τε
679 1150 757 1197 καὶ,
790 1146 842 1196 ὥς
865 1145 995 1197 εἶπον,
1028 1145 1079 1199 μή
1099 1144 1329 1199 πλησιάζειν.
1389 1145 1554 1197 Διψάδα
1576 1145 1648 1200 γάρ
1673 1164 1758 1187 τινα
1783 1147 1882 1200 ἔχιδ-

358 1218 427 1260 νάν
457 1231 574 1269 φασιν
610 1218 650 1258 οἷ
678 1215 946 1270 ἱστορήσαντες
977 1216 1039 1255 ἰοῦ
1067 1213 1191 1266 λύμην
1219 1212 1372 1254 τοιάνδε
1408 1215 1591 1266 ἐμποιεῖν.
1649 1212 1713 1255 Ἐν
1747 1213 1883 1262 τόποις

356 1286 428 1341 γάρ
452 1299 567 1334 τισιν,
610 1283 713 1324 ὅπου
736 1282 871 1325 πύελοι
892 1285 933 1324 ἐν
955 1288 1039 1330 ταῖς
1062 1282 1218 1335 πέτραις
1241 1279 1266 1334 ἢ
1287 1279 1443 1334 λιβάδες
1463 1282 1535 1322 εἶσὶ
1557 1283 1692 1336 μικραὶ
1713 1280 1790 1323 άπὸ
1816 1298 1882 1323 πε-

357 1358 459 1407 τρῶν
479 1351 651 1405 χεόμεναι
680 1352 733 1398 εἰς
755 1350 956 1404 ὑποδοχήν
979 1368 1083 1399 τινα,
1123 1347 1149 1403 ἦ
1175 1347 1272 1402 αύτή
1296 1348 1417 1401 διψάς
1438 1348 1544 1404 ὕδωρ
1567 1347 1796 1404 εὖρίσκουσα
1815 1350 1882 1391 καὶ

356 1426 499 1463 πιοῦσα
527 1419 594 1461 τόν
627 1418 686 1460 ι’ὂν
715 1418 892 1472 ἐμβάλλει
923 1417 1014 1471 μετά
1043 1417 1085 1458 τὸ
1116 1423 1218 1458 πιεῖν
1247 1419 1301 1465 εἰς
1329 1415 1397 1465 τάς
1425 1418 1706 1472 προειρημένας
1733 1416 1883 1465 στάσεις

357 1495 434 1530 τῶν
456 1486 623 1536 ὑδάτων,
656 1486 749 1535 ὥςτε
770 1491 846 1528 πᾶν
867 1491 963 1536 ζῶον
985 1484 1201 1538 πλησιάσαν
1220 1485 1286 1526 καὶ
1308 1488 1431 1526 ποτοῦ
1450 1485 1639 1539 κορεσθὲν
1660 1487 1791 1526 δοκεῖν
1814 1485 1883 1537 μὲν

359 1555 596 1607 ω’φελεῖσθαι
620 1556 660 1595 ἐκ
685 1559 754 1596 τοῦ
775 1557 1017 1607 μεταλαβεῖν,
1063 1551 1185 1601 εὐθύς
1209 1553 1249 1594 δὲ
1270 1551 1376 1607 παρά
1399 1550 1440 1593 τὸ
1465 1550 1662 1606 ὖποδόχον
1685 1557 1761 1594 τῶν
1785 1550 1879 1593 ύδά-

359 1642 435 1666 των
466 1626 507 1665 ἐκ
537 1627 606 1664 τοῦ
638 1624 700 1664 ἰοῦ
730 1627 799 1674 τῆς
823 1622 994 1673 διψάδος
1017 1619 1304 1674 ὑποδεξάμενον
1325 1623 1577 1661 καταπίπτειν
1599 1621 1661 1662 καὶ
1687 1619 1880 1674 θνήσκειν.

358 1691 467 1733 Ἀλλά
497 1693 562 1733 καὶ
592 1694 629 1732 εἴ
657 1709 742 1732 τινα
774 1689 946 1743 πλήξειεν
975 1687 1000 1742 ἡ
1034 1687 1132 1741 αὐτὴ
1162 1687 1304 1739 διψάς,
1343 1685 1418 1729 dm}
1444 1692 1512 1729 τοῦ
1537 1689 1815 1743 περισσοτέρως
1840 1689 1882 1729 έν

362 1758 459 1817 αὐτῇ
485 1763 698 1800 καυστικοῦ
723 1760 785 1800 ἰοῦ
809 1759 874 1799 ἐπὶ
896 1756 1020 1811 ὄρεξιν
1044 1759 1165 1809 δίψης
1188 1757 1254 1797 καὶ
1277 1755 1452 1808 πόματος
1473 1757 1728 1810 προτρέποιτο
1750 1754 1884 1804 πάθος

360 1834 428 1881 τῆς
453 1825 686 1881 άλγηδόνος,
718 1827 1009 1879 προςφέρεσθαί
1030 1840 1068 1865 τε
1090 1822 1149 1865 άεὶ
1170 1825 1237 1865 καὶ
1259 1827 1384 1865 πίνειν
1411 1828 1425 1852 ¹
1441 1825 1635 1879 ἐρεθίζειν.
1696 1827 1883 1877 2Νομίζει

361 1897 403 1937 δέ
423 1913 458 1937 τι
480 1893 716 1947 ω’φελεῖσθαι
735 1893 835 1948 πρός
857 1892 927 1946 τήν
946 1891 1071 1945 λύμην
1092 1889 1115 1933 ό
1136 1893 1292 1946 πληγεὶς
1314 1889 1450 1940 ὁσάκις
1469 1894 1536 1944 τῆς
1555 1893 1738 1944 τοιαύτης
1758 1898 1880 1932 θανα-

360 1962 537 2017 τηφόρου
562 1961 774 2017 άλγηδόνος
792 1960 991 2016 λαμβάνει,
1023 1959 1115 2001 άλλοὶ
1137 1961 1177 2001 έν
1199 1958 1301 2017 αὐτῷ
1325 1964 1378 2016 τῷ
1398 1958 1504 2016 τόπῳ
1527 1962 1797 2014 πληρωθείσης
1816 1964 1884 2013 τῆς

361 2030 544 2087 γαστρὸς,
577 2031 643 2071 καὶ
665 2031 799 2082 μηκέτι
820 2026 1128 2081 ὑποδεχομένης,
1162 2026 1322 2082 ὕστερον
1342 2026 1413 2068 σῦν
1432 2032 1484 2084 τῷ
1505 2026 1649 2080 πόματι
1667 2025 1708 2068 τὸ
1731 2031 1883 2080 πνεῦμα

362 2098 535 2151 άφίησιν.
599 2097 712 2138 Οὕτω
737 2098 803 2138 καὶ
825 2091 941 2144 οὗτος
962 2093 1039 2137 im}
1063 2094 1238 2148 πόματος
1259 2094 1327 2137 τόν
1348 2094 1524 2137 θάνατον
1545 2101 1626 2143 τοῖς
1647 2093 1738 2149 παρ’
1761 2093 1883 2136 αὐτοῦ

360 2166 623 2220 ἠπατημένοις
650 2166 894 2220 ἐξεργάζεται.
958 2158 1091 2218 Οὗπερ
1119 2165 1182 2205 ιὀῦ
1211 2165 1249 2205 ἐν
1276 2162 1438 2217 δυνάμει
1461 2167 1559 2205 θεοῦ
1585 2163 1795 2217 ῤὐσθέντες
1819 2164 1883 2204 ε’πὶ

362 2233 430 2284 τάς
459 2236 546 2288 ἑξῆς
574 2236 702 2287 ἰ’ωμεν.

705 2398 910 2441 ΚΑΤΑ
972 2396 1571 2450 ΚΟᾸΟΡΒΑΣῙΩΝ,

590 2471 958 2531 πεντεκαιδεκάτη
972 2509 982 2525 ,
1024 2470 1053 2531 ἡ
1089 2475 1166 2519 καὶ
1201 2472 1438 2535 τριακοστὴ
1476 2476 1648 2532 πέμπτη

477 2572 727 2626 Κολόρβασος
756 2570 907 2618 τούτοις
935 2571 1065 2610 ἕπεται
1096 2569 1172 2611 άπὸ
1204 2575 1272 2622 τῆς
1301 2574 1369 2611 τοῦ
1399 2569 1679 2624 προειρημένου
1707 2566 1882 2622 Μάρκου

365 2645 538 2696 γοητείας
568 2640 632 2681 τόν
660 2641 798 2694 ἔρανον
823 2637 1099 2690 ποιησάμενος,
1142 2637 1232 2678 άλλά
1256 2639 1322 2678 καὶ
1349 2636 1425 2678 άπὸ
1451 2641 1518 2690 τῆς
1543 2640 1612 2676 τοῦ
1637 2638 1880 2688 Πτολεμαίου

366 2711 470 2763 ῥίζης
489 2708 691 2750 σκολόπων
710 2710 822 2760 δίκην
842 2704 1057 2756 ἅναφύσας,
1087 2711 1099 2734 ¹
1115 2707 1222 2759 ἕτερα
1242 2705 1357 2746 πάλιν
1376 2705 1480 2759 παρὰ
1500 2708 1520 2732 2
1533 2702 1694 2750 τούτους
1716 2704 1882 2755 ἐνοχλεῖν

365 2781 416 2834 τῷ
437 2776 570 2833 κόσμῳ
595 2777 763 2830 κέντρων
782 2777 893 2826 δίκην
914 2772 1109 2825 ἐπενόησε,
1134 2776 1256 2826 δῆθεν
1277 2776 1429 2826 μείζονα
1449 2772 1677 2823 φαντασίαν,
1709 2767 1761 2818 ὥς
1781 2768 1880 2812 ἅνω-

367 2850 438 2885 θεν
460 2844 588 2898 ἥκων,
629 2841 913 2897 μηχανώμενος.
974 2842 1053 2881 Καὶ
1082 2839 1127 2881 τά
1153 2841 1222 2894 μὲν
1244 2845 1378 2896 πρῶτα
1400 2838 1473 2881 σῦν
1500 2843 1553 2896 τῷ
1576 2836 1734 2894 Μάρκῳ
1758 2835 1883 2893 ὑπάρ-

414 2946 489 2979 CAP.
508 2947 637 2979 XXIII.
662 2964 706 2970 —-
732 2948 758 2978 1.
783 2947 924 2978 Rescribo
947 2942 1105 2986 ἐρεὲίζον.

410 2992 441 3024 ’2.
465 2992 589 3035 νομίζει.
611 2993 676 3024 cod.
699 2992 795 3023 Valic.
818 2995 846 3022 et
867 2991 938 3022 inde
960 2991 1031 3021 edic.
1053 2992 1158 3022 Pelav.
1209 2992 1304 3029 Vulgo
1325 2987 1474 3031 νομίζειν.
