2034 3267
466 177 643 210 PANARn
669 179 749 211 ΜΒ.
770 180 794 211 1.
819 180 926 212 ToM.
948 180 988 212 11.
1012 180 1140 212 HAER.
1162 181 1304 214 xxvii.
1565 176 1644 215 203

132 263 262 310 ruptas
290 255 385 296 alias
416 255 500 296 vias
531 270 576 296 ac
603 257 823 298 salebrosas
848 272 908 299 me
938 260 1158 310 conferam,
1190 274 1266 299 non
1296 268 1336 300 ut
1360 261 1435 301 iter
1465 274 1533 315 per
1560 262 1646 302 illas

129 323 288 373 faciam,
321 323 386 362 sed
413 330 453 362 ut
477 324 624 364 eminus
648 324 694 364 iis
722 332 1016 365 commonstrem
1047 327 1109 379 qni
1132 327 1361 380 asperitates
1387 328 1472 368 illas
1502 343 1645 382 cogno-

130 403 263 439 scere,
297 397 335 429 et
356 390 401 429 ad
425 398 567 430 arctam
593 392 693 431 illam
718 400 996 445 angustamque
1022 394 1145 443 viam,
1179 408 1276 447 quae
1301 397 1345 434 ad
1368 402 1562 435 aeternam
1588 396 1646 435 vi-

130 465 204 497 tam
239 457 433 511 perducit,
467 459 676 511 confugere
709 458 924 507 voluerint,
957 459 1071 498 latam
1099 474 1193 499 vero
1226 474 1269 500 ac
1297 462 1501 515 spatiosam
1533 463 1644 502 aliam

127 524 362 578 relinquere,
396 539 490 578 quae
512 525 630 579 spinis
651 526 863 578 intercepta
886 532 924 564 et
946 526 1186 566 offendiculis
1209 527 1402 580 impedita,
1435 543 1558 569 coeno
1579 530 1645 570 ob-

126 591 196 630 sita
222 598 260 631 et
283 591 501 631 libidinibus
522 606 565 631 ac
588 591 741 644 flagitiis
761 592 936 631 omnibus
961 599 1022 631 est
1044 594 1203 632 referta.
1257 593 1379 635 Cuius
1402 597 1552 649 quidem
1577 597 1645 636 im-

128 659 334 712 pudicitiae
356 673 399 698 ac
424 659 589 698 libidinis
613 658 898 698 similitudinem
925 660 1045 698 refert
1072 673 1193 712 genus
1214 660 1304 700 illud
1328 664 1518 716 serpentis
1542 671 1644 704 atro-

124 725 319 764 cissimum
347 726 406 765 cui
433 733 568 777 partus
589 728 753 775 expertis
775 728 920 775 viperae
945 738 1084 764 nomen
1113 733 1288 766 vetustas
1308 728 1457 770 indidit.
1520 730 1644 771 Huius

125 793 224 832 enim
250 800 384 832 natura
408 793 556 831 illorum
583 791 775 844 nequitiae
802 806 911 844 quam
937 791 1129 832 simillima
1153 800 1233 844 θεὶς
1268 795 1329 847 qui
1355 810 1439 835 eum
1463 799 1643 838 masculis

125 868 190 900 aut
222 860 371 900 seminis
395 858 663 912 turpitudinem
689 865 886 911 patrantes
910 872 1041 898 semen
1066 858 1268 900 infundere
1295 862 1517 915 prohibent,
1549 864 1643 904 insi-

123 934 275 980 tamque
309 925 448 966 creatis
477 925 591 964 rebus
621 938 643 964 a
676 925 747 964 deo
782 926 1113 979 propagandorum
1140 926 1216 966 vim
1242 929 1386 968 fetuum
1418 931 1639 983 extingunt.

121 993 230 1034 Unde
259 1001 298 1034 et
323 992 516 1047 apostolus
544 991 595 1031 ita
624 992 800 1046 scripsit:
842 996 1048 1031 Illereedem
1081 1008 1188 1045 quam
1219 999 1381 1046 oportuit
1409 1001 1551 1036 erroris
1579 1002 1643 1037 szcz'
1658 1008 1742 1036 Rom.
1757 1009 1782 1036 1.
1800 1010 1842 1036 27.

123 1065 160 1100 in
188 1064 316 1112 sezfisz‘s
345 1061 562 1110 recipientes
592 1065 666 1098 etc.
730 1057 798 1100 Sic
829 1061 929 1099 enim
962 1061 1113 1100 serunt:
1149 1068 1278 1111 partus
1306 1071 1504 1116 expertem
1535 1065 1639 1105 illam

124 1129 291 1182 viperam
317 1126 492 1166 titillante
520 1125 688 1167 libidinis
712 1127 909 1181 voluptate
935 1141 1078 1167 marem
1110 1128 1221 1168 simul
1252 1143 1296 1168 ac
1330 1131 1508 1170 feminam
1541 1132 1642 1173 inter

123 1210 164 1236 se
190 1193 450 1244 commisceri,
484 1206 528 1232 ac
554 1207 621 1247 per
647 1207 690 1233 os
711 1195 919 1247 congredi3
953 1195 1080 1235 hiante
1103 1196 1289 1250 siquidem
1323 1198 1464 1238 femina
1495 1213 1640 1240 marem

123 1269 232 1316 caput
266 1261 455 1301 inserere.
517 1259 625 1300 lllam
656 1275 748 1314 prae
781 1261 948 1301 libidinis
975 1263 1164 1303 suavitate
1197 1272 1310 1318 caput
1345 1264 1456 1305 huius
1487 1266 1640 1307 abscin-

122 1330 235 1378 dere,
270 1329 537 1381 exhaustoque
568 1329 665 1381 quod
696 1342 746 1367 ex
769 1342 836 1368 ore
861 1329 1028 1369 destillat
1050 1343 1202 1370 veneno
1226 1333 1341 1371 fetum
1368 1333 1484 1373 maris
1510 1348 1554 1374 ac
1585 1336 1641 1375 se-

117 1396 241 1436 minae
264 1410 333 1450 par
353 1396 390 1435 in
416 1402 525 1435 utero
549 1409 702 1448 gerere.
764 1393 806 1435 ld
831 1396 891 1435 ubi
915 1397 1108 1446 creverit,
1143 1412 1225 1437 cum
1252 1399 1394 1438 nullum
1421 1415 1495 1454 quo
1519 1401 1556 1441 in
1582 1403 1640 1442 lu-

117 1477 198 1504 cem
233 1470 407 1517 erumpat
440 1463 586 1502 exitum
619 1463 786 1516 reperit,
829 1471 1042 1504 maternum
1075 1464 1174 1505 latus
1210 1468 1466 1519 pertundere,
1509 1468 1638 1522 itaque

116 1545 200 1571 cum
222 1530 420 1584 utriusque
446 1530 616 1584 parentis
643 1530 800 1570 interitu
827 1531 949 1570 nasci.
1010 1529 1103 1571 lude
1124 1540 1260 1583 partus
1283 1543 1467 1585 expertem
1494 1550 1637 1590 cogno-

115 1598 268 1638 minari.
329 1597 403 1638 Est
436 1612 530 1638 vero
566 1611 655 1651 prae
693 1598 858 1637 caeteris
896 1599 978 1638 dira
1010 1600 1252 1652 serpentibus
1290 1615 1334 1641 ac
1369 1602 1633 1654 formidabilis,

117 1679 214 1720 quae
246 1666 348 1705 intra
382 1679 471 1705 sese
504 1679 646 1704 marem
675 1673 832 1715 enecat,
866 1673 979 1719 atque
1012 1680 1079 1706 ore
1108 1667 1190 1720 ipso
1223 1668 1442 1709 foeditatem
1473 1671 1633 1724 excipit.

116 1731 217 1773 Huic
239 1747 354 1788 porro
381 1733 532 1786 gemina
554 1732 689 1772 insana
711 1732 773 1772 illa
796 1732 968 1773 haeresis
993 1741 1067 1784 est,
1102 1734 1209 1774 cuius
1236 1749 1306 1775 nos
1331 1737 1454 1790 capite
1478 1751 1524 1777 ac
1550 1752 1636 1777 cor-

116 1814 233 1855 pore,
267 1799 425 1854 eiusque
454 1801 533 1840 fetu
563 1800 665 1840 omni
693 1800 795 1839 vitae
828 1800 964 1840 baculo
989 1801 1164 1841 contritis
1189 1802 1235 1842 ad
1257 1803 1350 1842 alias
1376 1810 1633 1855 transeamus,

115 1868 316 1922 implorata
351 1868 518 1908 numinis
548 1881 642 1923 ope,
677 1867 737 1907 cui
768 1867 891 1907 honor
921 1875 959 1908 et
985 1867 1185 1923 imperium
1212 1870 1249 1909 in
1279 1871 1434 1911 saecula
1460 1872 1634 1912 saeculo-

114 1951 198 1976 rum
211 1967 221 1986 ,
256 1937 397 1976 Amen.

415 2299 711 2347 CONTRA
749 2299 1335 2361 CARPOGRASIOS‚

381 2394 488 2439 quae
539 2382 605 2425 est
651 2378 844 2427 haeresis
882 2381 1011 2441 VII.‚
1060 2382 1130 2430 vel
1169 2381 1361 2429 XXVII.

225 2475 445 2518 Secundum
472 2478 540 2517 hos
570 2477 665 2517 alius
687 2478 837 2531 quidam
863 2478 1082 2536 Carpocras
1106 2481 1258 2532 extitit,
1292 2481 1355 2535 qui
1378 2495 1429 2521 ex
1454 2482 1627 2522 mendaci
1655 2485 1729 2528 Cap.
1751 2487 1774 2517 I·

113 2544 270 2598 ingenio
303 2559 372 2585 suo
404 2546 594 2599 propriam
623 2547 809 2598 quandam
836 2561 880 2587 ac
910 2550 1096 2589 nefariam
1125 2557 1268 2589 sectam
1296 2549 1556 2603 excogitavit,
1591 2558 1630 2590 et

115 2612 290 2653 omnibus
328 2627 476 2652 morum
516 2613 584 2652 fuit
620 2613 808 2667 pravitate
843 2616 1026 2657 deterior.
1087 2616 1195 2657 Haec
1231 2616 1330 2656 enim
1367 2617 1540 2657 haeresis
1577 2631 1628 2658 ex

113 2680 281 2720 omnium
309 2680 504 2720 erroribus
532 2681 713 2731 effloruit,
748 2679 940 2734 Simonis,
973 2683 1142 2738 inquam,
1177 2691 1216 2724 et
1235 2682 1455 2734 Menandri,
1491 2683 1627 2725 Satur-

114 2747 177 2786 nili
199 2762 244 2787 ac
265 2747 459 2787 Basilidae
484 2755 521 2787 et
545 2747 715 2798 Nimim,
748 2750 918 2804 adeoque
939 2749 1189 2806 Carpocratis
1214 2751 1348 2805 ipsius,
1383 2758 1460 2791 tum
1483 2751 1627 2792 Valen-

113 2813 205 2864 tini,
238 2829 258 2854 a
287 2830 361 2869 quo
392 2823 602 2869 propagata
629 2815 690 2855 illa
724 2830 921 2871 perperam
949 2819 1047 2859 dicta
1077 2819 1268 2872 cognitio,
1302 2833 1398 2872 quac
1420 2818 1627 2860 Gnostico-

114 2923 222 2966 ἓώμεν
245 2929 294 2958 ed.
310 2929 407 2967 princ.
423 2951 431 2966 ,
465 2929 544 2959 unde
565 2930 710 2960 Pelnvius
734 2931 763 2961 in
787 2940 843 2962 sua
933 2931 963 2963 5.
988 2929 1135 2974 οἷρρωγὲν
1162 2933 1226 2963 cod.
1242 2933 1366 2971 Rhediq.
1389 2936 1415 2964 et
1434 2934 1624 2972 edit.princ.‚

113 2970 180 2999 edic.
206 2973 324 3010 effinait
348 2972 549 3013 προςὲῶμεν.
885 2987 943 3016 pro
963 2987 1053 3008 more.
