2034 3267
482 179 658 212 PANARH
681 179 762 212 ΜΒ.
782 181 807 212 1.
833 179 940 213 ToM.
960 179 1016 212 111.
1039 179 1305 213 HAER.XL1V.
1573 171 1654 213 699

135 272 204 299 sua
235 272 307 300 vos
337 259 565 300 auctoritate
600 259 845 300 convincent.
913 257 1105 310 Primum,
1149 260 1246 314 quod
1281 259 1324 299 ad
1358 257 1564 312 imaginem
1595 259 1653 298 dei

135 326 248 367 bomo
269 341 289 367 a
311 327 381 367 deo
405 328 527 368 sactus
551 334 624 368 est.
685 328 744 367 Ac
767 327 828 381 qui
849 327 952 367 illum
976 327 1080 377 fecit,
1113 331 1329 376 Faemmus,
1365 327 1509 381 inquit,
1540 331 1653 368 leomi—
1682 337 1755 365 Gen.
1776 337 1799 372 1,
1816 337 1858 365 26.

134 410 213 435 nem
238 399 288 435 ad
308 399 501 447 imaginem
524 404 562 435 et
578 398 850 434 sebn'le'tude‘ncm
872 403 1049 434 nostram.
1115 393 1308 449 Quocirca
1330 396 1361 436 si
1386 395 1468 450 quis
1489 411 1511 437 a
1533 396 1656 437 falsis-

134 463 229 503 sima
253 470 315 504 tua
343 464 492 504 haeresi
521 477 608 504 sese
632 463 677 503 ad
703 463 904 503 veritatem
929 463 1189 514 converterit,
1222 471 1260 503 et
1283 470 1471 518 tamquam
1499 478 1518 504 e
1544 471 1657 505 nocte

134 545 180 571 ac
206 531 375 572 tenebris
401 532 626 582 emerserit,
660 532 696 570 in
724 531 875 571 divinae
900 530 1085 571 scientiae
1109 531 1235 571 lumen
1262 531 1455 582 incurret,
1499 533 1596 585 quod
1622 533 1655 571 ei

135 599 227 641 solis
253 600 396 649 instar,
430 599 490 639 vel
515 599 628 639 etiam
653 599 733 639 sole
762 598 843 653 ipso
866 597 1030 648 clarius,
1063 597 1279 639 illucescet.
1341 597 1441 639 Nam
1465 599 1554 639 illud
1577 599 1657 639 cui-

134 667 246 717 libet,
290 668 352 721 qui
378 666 538 708 rationis
562 666 732 706 nonnihil
758 666 917 717 babeat,
951 665 1110 706 evidens
1136 666 1228 716 erit,
1272 666 1381 707 deum
1409 681 1497 708 esse
1521 681 1657 722 paren-

134 742 209 776 tem
236 735 425 785 omnium,
468 735 528 789 qui
553 735 604 774 ita
627 734 775 774 locutus
799 741 880 774 est:
930 736 1120 772 Faciamus
1142 737 1331 774 hominem.
1397 733 1483 788 Qua
1506 735 1656 789 quidem

133 817 229 844 voce
255 810 452 844 aeternum
474 802 576 851 illum
603 802 735 851 deum,
768 801 950 853 verbum,
994 801 1146 856 inquam
1172 802 1289 842 fllium
1316 817 1425 843 suum
1453 803 1655 857 unigenam

134 871 361 926 complexus
386 879 464 921 est,
508 884 617 924 quem
646 883 695 910 ex
721 869 848 924 seipso
873 869 957 909 sine
981 869 1089 909 initio
1114 870 1214 910 omni
1240 883 1284 910 ac
1309 877 1481 925 tempore
1506 871 1654 925 genuit,

134 954 204 980 nec
232 954 307 979 non
335 947 373 979 et
397 939 571 994 spiritum
598 944 794 988 sanctum,
843 936 904 991 qui
933 951 1002 977 nec
1027 937 1072 976 ab
1099 937 1187 987 illo,
1233 951 1303 978 nec
1328 937 1374 978 ab
1403 937 1485 978 eius
1510 938 1586 978 filio
1609 938 1659 979 sit

133 1007 297 1048 alienus.
360 1005 401 1047 Si
434 1007 533 1046 enim
568 1006 664 1046 alius
700 1007 798 1045 foret
830 1004 994 1045 bominis
1027 1005 1258 1055 fabricator,
1303 1006 1430 1046 mundi
1464 1007 1654 1056 conditor,

134 1076 230 1116 alius
253 1088 452 1130 supremus
477 1088 520 1114 ac
547 1074 667 1114 bonus
691 1075 807 1124 de'us,
853 1088 873 1113 a
899 1088 973 1127 quo
999 1070 1178 1114 Christus
1202 1074 1423 1124 descendit,
1466 1089 1656 1129 nunquam

135 1142 314 1186 Christus
333 1142 404 1183 sibi
429 1156 568 1197 corpus
591 1143 809 1196 affingeret,
843 1149 909 1181 aut
931 1141 1090 1195 figuram
1112 1141 1149 1181 in
1173 1154 1214 1182 se
1241 1138 1442 1183 Creatoris
1463 1142 1655 1197 exprime-

133 1219 207 1253 ret.
271 1209 401 1265 Quare
426 1210 665 1265 perspicuum
692 1218 750 1250 est
774 1210 872 1250 bunc
893 1209 1015 1263 ipsum
1040 1209 1202 1250 bominis
1228 1210 1433 1264 mundique
1458 1223 1546 1250 esse
1568 1224 1655 1250 con-

134 1281 318 1330 ditorem,
363 1292 472 1334 quem
497 1279 547 1319 ita
575 1285 682 1333 pater
705 1277 933 1331 alloquitur:
974 1280 1170 1317 Faciamus
1193 1280 1370 1317 hominem
1396 1281 1446 1317 ad
1464 1281 1657 1330 imaginem

132 1357 169 1388 ee
193 1350 466 1388 similitudinem
491 1354 667 1386 nostram.
732 1345 861 1399 Atque
897 1345 968 1385 boc
1000 1359 1051 1386 ex
1081 1360 1158 1385 uno
1192 1359 1310 1400 opere
1335 1346 1559 1387 manifestus
1586 1346 1660 1386 erit

132 1417 298 1467 artilex,
343 1429 465 1470 neque
495 1415 591 1455 alius
618 1414 853 1467 intelligetur
877 1414 1019 1464 fuisse,
1067 1413 1128 1467 qui
1157 1420 1233 1453 tum
1261 1413 1451 1454 bominem
1478 1428 1658 1469 procrea-

131 1485 232 1527 verit
258 1492 297 1525 et
318 1483 456 1525 Adami
483 1497 621 1537 corpus
654 1496 674 1521 e
701 1489 801 1522 terra
827 1482 980 1522 molitus
1006 1481 1140 1532 fuerit,
1173 1484 1395 1534 eundemque
1421 1486 1458 1521 z'tz
1484 1486 1657 1522 viventem

131 1557 288 1593 animam
301 1554 455 1606 fecerit.
509 1548 582 1591 Cui
605 1550 755 1604 quidem
777 1550 832 1590 rei
855 1550 990 1590 beatus
1014 1548 1180 1590 loannes
1203 1549 1242 1590 in
1264 1550 1466 1604 evangelio
1488 1565 1558 1591 suo
1579 1552 1658 1591 suf-

134 1623 306 1675 fragatur
340 1620 397 1660 his
432 1618 582 1660 verbis:
632 1622 672 1658 ln
698 1622 883 1670 principio
910 1626 991 1657 crat
1014 1619 1181 1665 verbam,
1227 1626 1262 1656 et
1290 1619 1435 1657 verbam
1459 1627 1543 1658 erat
1561 1622 1661 1671 apud
1675 1633 1774 1660 ioann.
1793 1632 1816 1668 1,
1838 1632 1860 1661 1.

133 1693 252 1737 deam,
287 1697 325 1727 et
342 1691 429 1726 (leus
449 1695 530 1726 crat
551 1688 709 1725 verbum.
774 1690 851 1726 Hoc
870 1695 954 1725 erat
971 1690 1007 1725 ι’)ι,
1024 1689 1210 1738 principio
1230 1689 1331 1737 apud
1349 1689 1466 1725 deum.
1532 1690 1660 1726 Omnia

128 1772 200 1810 per
227 1761 343 1809 ipsam
363 1758 474 1809 fitcla
503 1763 608 1801 sant,
654 1762 690 1794 et
717 1758 796 1793 Sine
821 1756 1063 1807 ipsosaetzcm
1089 1762 1146 1793 est
1170 1756 1267 1793 m'ln'l
1286 1762 1355 1793 ele.
1422 1752 1534 1807 Quod
1561 1755 1592 1795 Si
1619 1755 1657 1795 in

134 1826 217 1880 ipso
243 1825 342 1864 facta
367 1830 479 1872 sunt,
522 1830 559 1862 et
585 1836 652 1877 per
676 1822 796 1876 ipsum
820 1824 942 1873 facta,
984 1822 1047 1862 ille
1075 1829 1112 1862 et
1137 1822 1325 1862 Adamum
1352 1822 1576 1873 fabricavit,
1622 1830 1660 1863 et

135 1907 185 1933 ex
210 1891 338 1932 Maria
360 1891 510 1945 virgine
533 1891 603 1930 sibi
629 1904 767 1944 corpus
792 1890 958 1943 effinxit,
992 1904 1036 1930 ac
1058 1897 1174 1930 totam
1199 1889 1362 1944 denique
1387 1890 1459 1930 sibi
1483 1898 1656 1931 naturam

134 1960 299 2001 hominis
323 1959 520 2009 adiunxit,
563 1972 672 2012 quam
699 1972 718 1997 a
742 1972 783 1998 sc
808 1958 872 1998 illo
896 1965 1067 2012 tempore
1093 1958 1306 2009 conditam,
1351 1959 1500 1998 denium
1523 1959 1659 1999 arctis-

134 2029 230 2069 sime
261 2027 332 2068 sibi
367 2026 572 2082 copulavit.
634 2024 712 2066 lam
748 2040 840 2066 vero
874 2026 905 2067 si
933 2026 1098 2067 alienum
1128 2041 1222 2082 opus
1250 2026 1448 2082 usurpavit
1481 2027 1563 2067 eius
1597 2027 1659 2081 qui

135 2102 287 2137 creatas
312 2109 375 2135 res
401 2095 498 2135 male
526 2095 715 2144 condidit,
759 2108 802 2134 ac
825 2095 946 2135 malus
969 2094 1149 2150 opinione
1174 2101 1236 2135 tua
1260 2094 1352 2145 fuit,
1396 2094 1453 2144 si,
1487 2094 1655 2148 inquam,

135 2164 243 2205 malis
269 2163 448 2218 operibus
473 2177 564 2202 usus
588 2169 668 2213 est,
712 2175 808 2216 quae
838 2177 858 2203 a
882 2163 981 2203 malo
1003 2169 1092 2203 sunt
1112 2163 1256 2203 artifice
1280 2163 1473 2217 profecta,
1509 2170 1658 2203 creato-

134 2233 188 2274 ris
209 2246 250 2273 se
274 2230 441 2285 nequitia
461 2230 711 2285 implicaverit
735 2237 886 2286 oportet
908 2245 977 2272 usu
1000 2231 1064 2270 illo
1084 2245 1128 2271 ac
1150 2230 1352 2281 beneficio,
1386 2237 1464 2270 tum
1487 2231 1657 2270 eiusdem

134 2301 301 2354 imagine
325 2299 580 2353 capessenda3
610 2299 707 2352 quod
730 2299 810 2339 fieri
831 2299 986 2339 omnino
1008 2314 1082 2339 non
1106 2306 1246 2354 potest.
1308 2297 1462 2338 Etenim
1484 2299 1516 2338 si
1537 2298 1658 2338 homi-

135 2369 195 2410 nis
217 2375 388 2409 naturam
409 2367 545 2417 induit,
579 2381 654 2406 non
676 2380 830 2407 carnem
853 2367 979 2417 modo,
1014 2368 1079 2407 sed
1100 2374 1138 2406 ct
1159 2367 1319 2406 animam
1341 2365 1525 2421 suscepit.
1573 2365 1658 2406 Ne-

135 2451 208 2492 que
235 2436 332 2476 enim
359 2435 562 2475 obscurum
587 2434 675 2475 illud
703 2441 775 2474 est.
837 2433 913 2489 Qui
939 2435 1038 2476 enim
1063 2435 1202 2489 alioqui
1227 2435 1394 2474 diceret:
1438 2437 1654 2474 potestatem
1676 2449 1776 2477 ioaun.

134 2507 248 2545 habeo
279 2507 445 2555 accipere
477 2507 634 2542 animam
666 2517 801 2550 meam,
845 2512 883 2542 et
904 2519 1042 2556 ponere
1074 2508 1182 2542 earn?
1241 2500 1502 2555 Quamobrem
1535 2509 1652 2543 totum
1675 2485 1716 2520 ω’
1740 2485 1777 2513 18·

133 2574 223 2614 illud
249 2586 343 2627 opus
367 2584 593 2621 assumens,
637 2584 746 2624 quam
772 2578 926 2612 creator
946 2571 1150 2626 imaginem
1173 2571 1360 2625 appellat,
1405 2577 1522 2610 totum
1547 2570 1654 2621 illud,

134 2641 312 2695 inquam,
347 2653 398 2679 ex
421 2652 582 2693 corpore
604 2639 806 2693 animaque
828 2639 1048 2689 conflatum,
1082 2638 1216 2693 quibus
1237 2638 1349 2678 homo
1373 2638 1543 2692 partibus
1565 2653 1657 2679 con-

136 2715 235 2758 stat,
282 2707 447 2748 divinum
482 2706 553 2746 sibi
588 2707 746 2746 verbum
775 2707 965 2748 adiunxit.
1029 2705 1141 2759 Quod
1173 2706 1204 2746 si
1236 2706 1288 2747 ita
1313 2713 1392 2756 est,
1436 2706 1576 2746 veneni
1604 2706 1656 2747 tui

137 2777 341 2817 efficacitas
365 2774 488 2815 omnis
510 2774 772 2828 extinguitur,
806 2789 850 2815 ac
872 2775 1141 2815 tumultuosum
1164 2773 1500 2828 perturbatumque
1522 2774 1656 2828 dogma

137 2844 319 2894 concidit,
352 2842 451 2897 quod
473 2842 576 2882 nullo
599 2843 844 2883 fundamento
867 2842 1074 2883 stabilitum
1096 2842 1198 2882 nulla
1220 2841 1393 2883 veritatis
1413 2841 1590 2882 firmitate
1611 2856 1655 2882 ac

137 2912 329 2952 soliditate
358 2910 507 2951 nititur.

251 2977 432 3021 Ceterum
465 2992 548 3019 cum
581 2992 601 3018 e
627 2978 749 3020 sacris
775 2978 896 3020 literis
923 2979 1100 3035 quicquid
1127 2977 1312 3033 placuerit
1337 2977 1456 3032 eligas
1480 2984 1545 3018 aut
1567 2978 1657 3019 reii-
1684 2984 1759 3028 Cap.
1787 2985 1826 3017 v.
