2034 3267
201 641 265 668 pag.
284 632 341 660 217.

175 2135 263 2181 Κεφ.
288 2134 327 2170 δ’.

359 125 442 165 402

361 208 648 264 προςάπτουσιν
670 205 774 264 αὐτῷ
798 210 1075 263 δημιουργίαν,
1106 211 1253 265 πατέρα
1275 212 1342 252 καὶ
1364 211 1528 266 ποιητὴν
1548 218 1687 254 τοῦτον
1707 214 1880 267 λέγοντες

916 133 1074 164 ΞᾸΝΟΤΙ
1098 134 1322 166 ΕΡΙΡΗΛΝΙΙ

361 275 463 318 εἶναι.
531 280 651 316 Τοῦτο
676 275 716 315 δὲ
738 279 806 316 τοῦ
829 275 973 324 παντὸς
993 278 1219 318 διέπταισαν
1243 273 1351 319 οὗτοι
1372 279 1567 328 διαδόντες
1589 279 1778 334 ἀλλήλοις,
1811 281 1878 321 καὶ

360 343 530 397 ἑκάτεροι
558 341 686 383 αὐτῶν
714 342 1019 398 6διαμαρτόντες
1043 343 1149 397 παρά
1174 359 1306 397 σφισιν
1330 344 1463 394 αὐτοῖς
1491 352 1558 400 τῆς
1585 353 1654 390 τοῦ
1676 349 1877 403 προκειμέ-

359 429 430 453 νου
462 409 655 463 ἀληθείας.
722 409 820 452 Οὔτε
845 410 917 466 γάρ
942 410 1019 453 ὑπὸ
1050 417 1119 454 τοῦ
1144 416 1288 455 τελείου
1315 417 1415 454 θεοῦ
1444 415 1509 455 καὶ
1535 416 1680 470 πατρὸς
1703 419 1881 468 φαίνεται

359 483 498 520 τοῦτον
518 484 722 520 τεθεῖσθαι
743 483 779 527 (⁷
793 478 983 532 ἑπόμενος
1000 479 1072 535 γάρ
1095 482 1224 531 ἐστιν),
1257 479 1368 534 ἀτελῆ
1388 498 1426 522 τε
1443 480 1549 533 ὅντα,
1579 484 1645 524 καὶ
1669 489 1687 513 ⁸
1701 489 1769 526 τοῦ
1789 498 1878 536 σφε-

359 548 472 601 τέρου
496 551 752 601 πληρωθῆναι
777 548 908 600 ἐνδεῆ,
953 547 1086 600 ἔχοντα
1111 565 1148 589 τε
1172 547 1397 604 προςτάξεις
1419 547 1610 598 ἀνοικείας
1638 557 1685 609 τῇ
1710 557 1779 594 τοῦ
1804 570 1878 594 τοι-

363 614 479 657 ούτου
506 620 604 656 θεοῦ
627 614 743 667 φύσει
773 632 811 656 τε
841 616 906 656 καὶ
930 614 1085 673 γνώμῃ,
1125 614 1204 658 οὔτ’
1235 611 1286 658 αὖ
1307 616 1422 658 πάλιν
1450 622 1497 675 τῇ
1528 623 1596 659 τοῦ
1619 617 1879 673 ἀντικειμένου

359 683 488 740 ἀδικίᾳ
512 682 633 736 νόμον
659 689 675 712 ⁹
690 682 942 737 προςάπτειν,
980 683 1185 725 1θάδικεῖν
1204 687 1424 740 αἱροῦντος·
1460 691 1474 714 ¹
1490 690 1501 713 ¹
1517 688 1637 727 τῶνδε
1661 688 1699 736 ἐξ
1720 690 1807 729 ἴσου
1828 687 1880 742 μή

1535 752 1543 766 ἱ

359 751 616 807 συνορώντων
638 751 683 792 τοὶ
709 750 786 793 ὑπὸ
811 757 881 793 τοῦ
906 757 1080 807 σωτῆρος
1104 754 1294 806 εἰρημένα.
1358 755 1474 795 Οἰκία
1497 772 1569 808 γαρ
1595 752 1622 807 ἢ
1646 754 1757 804 πόλις
1778 772 1878 811 μερι-

360 827 498 862 σθεῖσα
521 819 581 872 ἐφ’
605 819 746 874 ἑαυτὴν
768 820 826 862 ὅτι
852 819 904 874 μή
931 820 1090 862 δύναται
1113 824 1268 874 στῆναι,
1312 819 1334 863 ὁ
1356 821 1484 876 σωτήρ
1506 819 1618 875 ἡμῶν
1641 821 1877 876 ἀπεφήνατο.

346 887 433 930 ”En
458 905 498 944 γε
522 887 591 942 τήν
612 893 682 930 τοῦ
703 887 851 942 κόσμου
873 891 1131 944 δημιουργίαν
1152 891 1255 930 ἰδίαν
1275 891 1371 944 λέγει
1395 887 1490 932 εἶναι
1517 890 1658 939 (Ιῖἅτε
1681 890 1808 932 πάντα
1832 890 1880 933 δι’

1124 962 1141 969 κ.

359 955 480 999 αὐτοῦ
515 958 730 1012 γεγονέναι,
771 959 836 998 καὶ
867 959 983 1013 χωρὶς
1020 955 1140 998 αὐτου
1184 959 1396 1013 1ἶ“)γέγονεν
1433 957 1560 1009 οὐδὲν)
1599 957 1621 1001 ὁ
1652 957 1879 1009 ἀπόστολος,

364 1030 407 1053 ¹4
422 1024 767 1079 προαποστερήσας
785 1025 854 1079 τήν
874 1030 951 1068 τῶν
969 1025 1322 1081 ψευδηγορούντων
1341 1023 1611 1068 ἀνυπόστατον
1631 1030 1787 1080 σοφίαν,
1815 1029 1881 1069 καὶ

360 1093 406 1135 οὕ
432 1099 687 1148 φθοροποιοῦ
712 1099 831 1144 θεοῦ,
874 1092 965 1135 ἀλλά
993 1097 1147 1135 δικαίου
1177 1096 1243 1135 καὶ
1269 1094 1548 1149 μισοπονήρου.
1607 1093 1879 1150 Ἀπρονοήτων

359 1163 401 1203 δέ
423 1163 523 1203 ἐστιν
544 1159 786 1217 ἀνθρώπων,
818 1167 887 1216 τῆς
907 1165 1093 1217 προνοίας
1112 1167 1180 1203 τοῦ
1201 1167 1453 1217 Δημιουργοῦ
1473 1162 1526 1216 μὴ
1547 1165 1670 1204 αἰτίαν
1687 1167 1879 1217 λαμβανο-

360 1232 505 1283 μένων,
545 1231 612 1271 καὶ
637 1229 689 1283 μή
717 1230 839 1284 μόνον
862 1229 903 1272 td
927 1235 995 1283 τῆς
1017 1235 1148 1284 ψυχῆς
1171 1229 1296 1282 ὄμμα,
1339 1228 1430 1271 ἀλλά
1453 1232 1517 1271 καὶ
1541 1230 1583 1272 τὸ
1610 1236 1680 1273 τοῦ
1702 1231 1879 1285 σώματος

359 1299 660 1352 πεπηρωμένων.
724 1294 844 1340 Οὗτοι
874 1300 942 1351 μὲν
972 1293 1042 1340 οῦν
1073 1296 1126 1346 οἷς
1150 1297 1431 1352 διημαρτήκασι
1461 1303 1529 1352 τῆς
1553 1298 1739 1352 ἀληθείας
1764 1299 1880 1353 δῆλόν

359 1369 419 1408 σοί
447 1368 548 1408 ἐστιν
577 1368 618 1408 ἐκ
651 1371 728 1408 τῶν
755 1368 977 1421 εἰρημένων.
1040 1365 1276 1408 Πεπόνθασι
1305 1367 1346 1407 δὲ
1375 1371 1542 1408 15τοῦτο
1568 1369 1676 1417 ἰδίως
1700 1367 1880 1423 ἑκάτερος

360 1434 508 1486 αὐτῶν,
540 1437 579 1477 οἱ
601 1435 669 1487 μὲν
691 1434 756 1476 διαὶ
776 1434 818 1476 τὸ
843 1433 992 1490 ἀγνοεῖν
1016 1433 1081 1476 τὸν
1105 1440 1171 1488 τῆς
1194 1433 1443 1488 δικαιοσύνης
1463 1434 1582 1486 θεὸν,
1623 1438 1663 1477 οἱ
1683 1437 1723 1478 δὲ
1745 1435 1810 1478 διοὶ
1833 1435 1878 1478 τό

359 1502 511 1559 ἀγνοεῖν
533 1503 601 1545 τόν
624 1508 700 1545 τῶν
722 1503 821 1545 ὅλων
844 1504 1010 1558 πατέρα,
1051 1503 1098 1545 ὃν
1122 1502 1241 1556 μόνος
1263 1502 1390 1544 ἐλθών
1415 1501 1437 1545 ὁ
1459 1503 1580 1556 μόνος
1606 1503 1719 1553 εἰδώς
1742 1506 1877 1556 ε’φανέ-

359 1587 466 1627 ρωσε.
527 1576 795 1628 Περιλείπεται
823 1573 864 1613 δὲ
894 1571 985 1626 ἡμῖν
1014 1570 1216 1621 ἀξιωθεῖσι
1252 1570 1352 1613 16τὰ
1377 1576 1453 1613 τῶν
1479 1571 1711 1627 ἀμφοτέρων
1731 1572 1879 1615 τούτων

359 1643 527 1694 ἔκφῆναί
549 1657 609 1683 σοι
636 1643 702 1683 καὶ
727 1640 942 1696 ἀκριβώσαι
965 1639 1082 1682 αὐτόν
1102 1657 1140 1682 τε
1161 1639 1229 1682 τὸν
1250 1639 1390 1693 νόμον,
1422 1639 1599 1689 ποταπός
1621 1658 1678 1689 τις
1701 1643 1779 1694 εἴη,
1810 1643 1877 1683 καὶ

357 1709 424 1751 τὸν
445 1708 512 1761 ὑφ’
532 1705 581 1752 οὗ
601 1711 782 1761 τέθειται,
815 1709 882 1751 τόν
898 1710 1130 1762 νομοθέτην,
1162 1709 1446 1762 ῥηθησομένων
1465 1706 1557 1761 ἡμῖν
1574 1708 1642 1758 τοὶς
1665 1707 1877 1759 ἀποδείξεις

357 1779 398 1819 ἐκ
429 1783 506 1820 τῶν
536 1784 606 1820 τοῦ
640 1785 813 1834 σωτῆρος
842 1776 954 1831 ἡμῶν
985 1776 1110 1832 λόγων
1143 1780 1419 1831 παριστῶντες,
1461 1775 1508 1818 δι’
1540 1772 1594 1818 ὧν
1624 1776 1745 1830 μόνον
1777 1780 1879 1820 ἔστιν

355 1846 574 1897 ἀπταίστως
604 1849 667 1890 ε’πὶ
697 1846 766 1901 τήν
796 1846 1016 1900 κατάληψιν
1045 1850 1122 1887 τῶν
1152 1844 1273 1888 ὅντων
1304 1844 1541 1902 ὄδηγεῖσθαι.

470 2127 636 2178 Πρῶτον
665 2118 737 2165 οῦν
764 2123 983 2176 μαθητέον,
1027 2121 1085 2164 ὅτι
1114 2120 1136 2163 ό
1166 2121 1322 2174 σύμπας
1351 2122 1496 2168 ἐκεῖνος
1519 2117 1638 2171 νόμος
1663 2116 1686 2160 ὁ
1706 2119 1872 2174 περιεχό-

355 2208 468 2244 μενος
488 2196 533 2249 τῇ
555 2192 734 2240 Μωσέως
757 2189 1021 2247 Πεντατεύχῳ,
1055 2188 1102 2231 οὐ
1123 2188 1222 2243 πρὸς
1243 2187 1329 2237 ἑνός
1349 2205 1452 2236 τινος
1467 2187 1786 2240 νενομοθέτηται,
1816 2188 1872 2228 λέ-

354 2278 407 2314 γω
431 2259 479 2312 δὴ
502 2258 571 2313 οὐχ
593 2257 670 2300 ὑπὸ
696 2258 820 2312 μόνου
841 2263 960 2308 θεοῦ,
991 2256 1067 2299 ἀλλ’
1088 2260 1160 2299 εἰσί
1177 2274 1277 2306 τινες
1304 2261 1318 2284 ¹
1334 2255 1453 2297 αὐτοῦ
1479 2254 1701 2310 προςτάξεις
1720 2257 1787 2297 καὶ
1807 2254 1873 2297 ’ὑπ’

355 2326 578 2382 ἀνθρώπων
598 2333 789 2378 τεθεῖσαι,
830 2327 895 2368 καὶ
919 2331 1027 2380 τριχῆ
1046 2330 1186 2367 τοῦτον
1209 2328 1447 2380 διαιρεῖσθαι
1468 2325 1508 2365 οἷ
1526 2328 1595 2364 τοῦ
1617 2326 1791 2377 σωτῆρος
1809 2323 1869 2364 λό-

355 2412 414 2450 γοι
435 2394 686 2438 διδάσκουσιν
709 2394 817 2449 ἡμᾶς.
877 2396 952 2442 Εἴς
971 2410 1009 2435 τε
1028 2393 1100 2449 γάρ
1123 2391 1242 2435 αὐτὸν
1265 2391 1331 2434 τὸν
1353 2390 1450 2434 θεὸν
1468 2392 1534 2433 καὶ
1554 2389 1624 2445 τήν
1645 2390 1786 2433 τούτου
1807 2409 1868 2433 νο-

1135 2508 1203 2529 rum
1228 2501 1372 2529 veterum.
1422 2499 1529 2528 Verto:
1561 2502 1594 2526 et
1617 2494 1664 2526 sui
1688 2495 1871 2526 absolutio-

397 2498 427 2531 6.
451 2502 590 2531 Fortasse
613 2501 825 2540 corrigendum
846 2502 887 2530 est
908 2495 1089 2540 διήμαρτον

374 2541 392 2553 ‘¹
1136 2555 1209 2574 nem
1234 2542 1432 2574 desiderans.
1480 2543 1568 2580 Quod
1591 2543 1671 2572 enim
1700 2550 1720 2571 α
1740 2542 1872 2580 perfecto

355 2556 459 2582 ουτως
482 2543 570 2586 παρά
592 2549 657 2576 cett.

397 2590 426 2623 7.
451 2592 533 2622 Haec
554 2592 699 2621 librorum
720 2594 788 2621 vett.
808 2592 981 2628 scriptura,
1004 2593 1030 2620 et
1053 2599 1088 2619 ea

352 2638 485 2675 genuina
505 2639 555 2667 est.
600 2636 704 2666 Verte:
727 2645 906 2676 congruens
927 2633 1011 2664 enim
1031 2644 1088 2663 suo

355 2681 444 2722 operi
465 2680 542 2712 deus
564 2687 631 2719 est,
655 2682 683 2712 h.
703 2691 727 2712 e.
749 2689 911 2720 congruere
931 2689 985 2710 suo
1006 2682 1088 2718 operi

353 2727 446 2757 debet.
486 2729 618 2758 Grabius
635 2729 740 2758 vertit:
762 2732 811 2756 est
831 2724 916 2755 enim
933 2723 1012 2755 alius
1034 2724 1088 2765 qui

355 2771 467 2802 ordine
497 2771 639 2814 sequitur
669 2771 757 2802 deus.
802 2771 946 2802 Petssvius
971 2771 1089 2800 volebat

353 2814 517 2870 ἴξπόμενον,
539 2819 594 2847 alii
610 2819 761 2856 putabant
777 2813 933 2858 ἑπόμενος
947 2811 1010 2856 γὰρ
1028 2809 1087 2846 οὖν.

353 2871 448 2894 εστιν.

395 2909 426 2938 ὅ.
452 2902 506 2948 ὑφ’
529 2906 637 2948 ἐτέρου
659 2908 781 2938 coniecit
801 2907 956 2944 Petamus,
975 2907 1087 2944 proba-

352 2954 394 2983 vit
416 2952 556 2983 Grabius.
603 2955 641 2984 At
663 2961 737 2983 vera
759 2955 801 2982 est
824 2952 977 2990 scriptura
1001 2951 1089 2980 libro—

1135 2593 1160 2620 et
1184 2590 1320 2620 absoluto
1343 2589 1398 2619 deo
1420 2588 1589 2627 profectum
1611 2587 1742 2625 dicitur,
1765 2588 1791 2616 si
1813 2595 1873 2617 non

1133 2635 1293 2674 respondet
1313 2635 1443 2673 origini,
1467 2634 1503 2663 de
1523 2641 1588 2670 suo,
1610 2632 1639 2661 h.
1661 2640 1684 2661 e.
1709 2631 1746 2661 de
1769 2631 1874 2661 divino

1134 2681 1277 2718 compleri
1300 2687 1416 2710 necesse
1436 2679 1542 2716 habel,
1565 2679 1599 2707 ut
1620 2676 1760 2707 divinum
1782 2679 1872 2715 queat

1133 2726 1361 2763 absolutumque
1383 2724 1505 2754 censeri.

1177 2768 1208 2801 9.
1231 2771 1378 2800 Petam-ius
1394 2769 1513 2807 supplet
1534 2760 1610 2809 χρτῖ.
1657 2767 1766 2797 Metius
1785 2767 1870 2797 vide-

1132 2819 1181 2846 tur
1201 2815 1325 2845 rescribi
1343 2822 1429 2852 posse
1448 2809 1664 2852 προςαπτέον,
1689 2811 1769 2850 quod
1792 2812 1871 2843 Stie-

1132 2869 1194 2890 ren.
1220 2861 1250 2890 in
1273 2861 1387 2890 textum
1407 2858 1526 2896 recepit.

1189 2904 1238 2936 10.
1271 2901 1309 2936 τὸ
1343 2899 1469 2935 ἀδικεῖν
1503 2898 1712 2943 ἀναιροῦντος
1746 2903 1871 2933 coniecit

1134 2952 1211 2989 Aug.
1226 2949 1367 2980 Neander
1384 2949 1416 2978 in
1437 2948 1512 2978 libro
1533 2946 1651 2978 Genet.
1668 2946 1820 2978 Entwurf
1834 2945 1867 2978 d.
