2034 3267
443 175 619 208 PANARH
647 176 745 209 ADv.
770 177 993 209 HAERESES
1017 177 1098 210 Lm.
1114 179 1139 209 1.
1165 178 1270 211 ToM.
1290 179 1314 210 1.
1583 172 1633 211 59

125 253 332 294 convenire
358 262 540 308 possunt,
573 254 773 304 iudicium,
807 255 983 309 inquam,
1016 263 1129 310 atque
1157 258 1300 297 fatum?
1355 255 1504 298 Horum
1533 257 1635 298 enim

125 322 286 361 alterum
314 335 473 362 necesse
497 329 570 372 est,
603 322 663 361 vel
687 322 718 362 si
745 322 819 362 utta
844 324 892 362 sit
914 323 1094 375 genitalis
1120 323 1348 375 necessitas,
1381 325 1522 365 nulium
1547 340 1634 366 esse

124 388 328 439 iudicium,
361 389 460 442 quod
493 388 553 442 qui
586 388 786 428 committit
811 389 971 442 aliquid,
1005 404 1080 430 non
1104 390 1140 430 id
1165 405 1231 431 sua
1256 398 1390 446 sponte
1423 393 1533 443 facit,
1566 394 1635 434 sed

124 456 289 496 fatorum
317 456 355 496 vi
384 470 428 496 ac
454 456 653 510 tyrannide
682 455 924 508 compulsus,
956 457 1020 496 vel
1043 458 1074 497 si
1100 458 1278 498 iudicium
1307 466 1366 499 est
1392 459 1529 511 ullum,
1563 474 1634 500 nec

124 524 264 563 frustra
287 523 325 562 in
351 521 707 562 comminationibus
732 521 846 560 obiici
870 523 991 573 solet,
1025 530 1137 577 atque
1167 532 1206 564 et
1233 525 1338 579 leges
1367 527 1515 580 aliquae
1546 535 1634 568 sunt

123 597 162 630 et
182 589 380 644 flagitiosis
403 589 616 629 hominibus
636 588 824 627 scelerum
848 602 995 641 poenae
1016 590 1263 641 constitutae,
1293 592 1324 631 si
1349 594 1511 648 denique
1534 594 1635 635 iusta

123 671 146 697 a
169 657 241 697 deo
264 657 329 697 lex
361 657 497 696 tradita
524 662 561 695 et
583 655 682 694 iltius
713 653 891 694 iudicium
918 655 1020 695 omni
1044 670 1095 695 ex
1121 664 1227 710 parte
1252 659 1405 699 veritati
1431 668 1634 702 consenta-

125 738 237 764 neum
261 730 335 774 est,
368 736 527 763 necesse
553 728 633 771 est,
666 720 834 774 inquam,
867 735 1146 775 supervacuum
1173 738 1260 764 esse
1285 726 1400 766 fatum
1423 728 1529 780 illud,
1563 743 1634 770 nec

125 791 200 831 ullo
230 791 267 831 iu
298 791 382 830 loco
414 789 640 829 consistere.

234 857 387 897 Etenim
415 869 490 895 non
525 854 634 894 aliam
668 853 714 894 ob
747 868 924 895 caussam
956 855 1030 896 uisi
1062 857 1160 910 quod
1186 871 1346 912 peccare
1372 874 1492 901 necne
1516 863 1564 903 sit
1592 863 1631 904 in
1654 871 1731 914 Cap.
1757 872 1810 904 IV.

125 924 282 965 arbitrio
307 923 486 974 cuiusque
512 920 700 975 positum,
733 921 805 961 hoc
833 922 1039 963 discrimen
1069 924 1325 966 introductum
1353 935 1433 978 est,
1468 936 1508 968 ut
1537 930 1634 971 alter

126 992 376 1032 admissorum
403 989 591 1028 scelerum
625 1001 768 1042 poenas
797 989 895 1040 luat,
929 990 1027 1030 aiter
1059 1005 1126 1044 pro
1153 1000 1257 1033 recte
1290 994 1399 1034 factis
1426 997 1634 1048 praemium

125 1059 344 1111 laudemque
365 1062 637 1108 consequatur.
701 1053 811 1108 Quod
836 1057 985 1109 quidem
1007 1058 1116 1098 brevi
1138 1059 1422 1115 iustissimeque
1444 1064 1634 1104 sententia

125 1123 320 1179 complecti
351 1135 574 1176 possumuS‚
609 1136 705 1176 quae
737 1123 783 1162 ab
807 1121 908 1163 lsaia
941 1125 1123 1179 propheta
1150 1140 1202 1166 ex
1230 1141 1394 1181 persona
1427 1129 1485 1169 dei
1511 1131 1635 1171 verIS-

125 1193 218 1233 sime
237 1189 478 1244 pronuntiata
502 1189 665 1243 legitur:
699 1193 747 1229 Si
765 1193 976 1239 volueritis,
1009 1201 1045 1231 el
1066 1195 1276 1233 obedieritis
1299 1198 1406 1243 mihi,
1441 1198 1533 1236 bona
1559 1206 1720 1246 ter-13³5,
1741 1219 1772 1252 1,
1793 1218 1832 1245 m.

123 1273 187 1298 rae
206 1259 410 1296 comedetis.
475 1259 522 1295 Si
539 1265 659 1296 aulem
681 1260 896 1306 nolueritis,
930 1274 1045 1311 neque
1067 1262 1276 1301 obedieritis
1303 1265 1413 1310 mihi,
1447 1267 1636 1305 devorabit

121 1340 182 1364 vos
197 1326 362 1376 gladius.
427 1327 475 1363 Os
496 1327 588 1363 enim
610 1327 752 1364 domini
771 1328 930 1364 locutum
952 1335 1008 1365 est
1026 1331 1109 1368 ista.
1170 1327 1236 1369 Ex
1259 1344 1332 1383 quo
1359 1331 1558 1386 perspicue
1589 1333 1635 1373 il-

119 1392 181 1432 lud
213 1405 256 1431 ac
289 1391 384 1431 citra
418 1391 529 1431 ullam
566 1392 838 1432 dubitationem
873 1394 1056 1445 efficitur,
1089 1394 1302 1436 libertatem
1336 1397 1476 1438 homini
1510 1414 1530 1439 a
1562 1400 1633 1440 deo

119 1472 206 1499 esse
232 1472 473 1508 concessam,
507 1473 589 1498 cum
613 1459 664 1499 ita
691 1473 759 1514 per
784 1474 872 1500 sese
895 1461 1060 1502 dixerit:
1095 1465 1143 1502 Si
1157 1465 1348 1503 volueritis
1364 1473 1402 1504 et
1421 1468 1629 1515 nolueritis,

118 1526 214 1566 adeo
243 1533 283 1566 ut
307 1525 404 1566 bene
437 1539 577 1579 agere,
612 1527 672 1566 vel
705 1527 888 1567 malorum
914 1529 1156 1583 cupiditatem
1184 1532 1411 1586 concipere,
1444 1533 1545 1573 illius
1572 1548 1633 1574 ar-

120 1593 231 1634 bitrio
257 1593 306 1633 sit
332 1593 523 1633 relictum.
585 1592 845 1646 Quamobrem
869 1609 984 1648 saepe
1006 1597 1095 1636 illud
1117 1612 1160 1638 ac
1183 1599 1306 1646 varie,
1341 1614 1411 1640 nec
1437 1615 1508 1640 una
1535 1615 1632 1642 voce

118 1660 422 1716 personandum,
457 1674 502 1700 ac
524 1661 833 1714 frequentissime
859 1670 990 1702 contra
1009 1663 1240 1718 impostores
1260 1666 1356 1706 istos
1381 1670 1630 1722 repetendum

118 1735 177 1769 est
201 1728 338 1768 dictum
361 1727 399 1767 in
423 1741 490 1767 eos
513 1728 717 1768 salvatoris
739 1728 852 1769 illud:
887 1733 960 1769 Vae
978 1732 1090 1779 vobis,
1124 1735 1280 1772 Serz'bae
1297 1742 1333 1773 et
1350 1737 1547 1775 Pharisaei
1562 1739 1629 1788 lly-
1652 1725 1763 1795 {gatii

113 1799 300 1847 pocritae,
335 1798 504 1847 quoniam
529 1798 731 1846 reliquistis
753 1810 846 1847 quae
865 1801 1044 1848 graviora
1063 1808 1154 1838 sunt
1170 1803 1277 1852 legis,
1311 1804 1484 1841 iudicium
1508 1812 1548 1842 et
1563 1807 1630 1843 mi-

117 1866 377 1910 sericordiam,
410 1870 447 1901 et
469 1865 657 1901 decimatis
679 1865 848 1902 (melleum
874 1872 910 1903 et
937 1868 1117 1905 mentham
1147 1875 1187 1906 et
1211 1877 1356 1917 rutam,
1390 1878 1429 1909 et
1447 1874 1631 1910 mundatis

119 1933 216 1983 quod
237 1932 376 1983 deforis
407 1938 463 1968 est
486 1933 613 1968 calicis
641 1938 677 1968 ec
697 1934 930 1982 paropsidis,-
962 1936 1060 1985 quod
1081 1937 1181 1973 intus
1204 1944 1279 1984 est,
1308 1940 1456 1988 plenum
1480 1947 1538 1977 est
1564 1943 1630 1978 im-

116 2001 310 2044 munditia,
345 2006 381 2036 et
390 1999 588 2050 foeditate.
637 2001 672 2037 E
675 2006 688 2036 t
707 2000 918 2050 approbatis
940 2003 1073 2040 iustum
1093 2017 1171 2041 esse
1192 2006 1319 2043 iurare
1339 2008 1376 2044 in
1396 2021 1437 2044 eo
1458 2009 1556 2058 quod
1576 2015 1633 2046 est

114 2080 227 2117 super·
253 2067 394 2112 altare,
429 2068 556 2104 iurare
583 2073 701 2104 autem
725 2069 762 2104 in
783 2068 901 2105 altari
924 2070 1002 2119 zjvso
1013 2099 1024 2116 ,
1059 2072 1308 2111 iurisiurandi
1331 2076 1431 2124 apud
1452 2088 1514 2113 vos
1543 2077 1630 2114 relz‘-

113 2135 226 2183 gione
246 2135 416 2171 solvitur.
478 2135 533 2171 Et
551 2135 588 2172 in
611 2135 710 2171 coelo
729 2136 856 2173 iurare
876 2137 973 2173 nihil
992 2151 1070 2175 esse
1092 2140 1229 2177 dicitis.
1294 2142 1368 2190 Qui
1386 2149 1505 2180 autem
1526 2145 1628 2180 iura-

116 2202 213 2238 verit
231 2202 268 2238 in
291 2215 353 2247 eo,
388 2203 455 2252 qui
471 2215 586 2252 supra
610 2203 705 2239 illud
725 2209 798 2248 est,
831 2204 871 2240 id
893 2217 978 2241 vero
1004 2206 1139 2243 iustum
1167 2215 1349 2245 censetur.
1411 2210 1543 2247 Nonne
1570 2212 1627 2248 al-

115 2274 197 2306 tare
220 2275 354 2318 portat
380 2270 419 2306 id
445 2271 543 2319 quod
571 2271 775 2319 impositum
804 2277 878 2317 est,
914 2278 952 2309 et
974 2274 1110 2310 eoelum
1135 2274 1289 2312 thronus
1312 2277 1390 2313 eius
1419 2283 1476 2314 est
1497 2280 1564 2328 qui
1589 2280 1626 2316 in

114 2335 178 2372 illo
203 2336 364 2372 insidet?
420 2337 474 2374 Et
495 2338 592 2387 quod
611 2338 754 2374 dicitis:
786 2339 834 2375 Si
851 2341 933 2389 quis
954 2341 1096 2377 dul-erit
1107 2343 1217 2391 patri
1238 2348 1276 2379 et
1292 2345 1423 2389 matri,
1459 2345 1618 2391 Corban,
1635 2355 1770 2393 Mar-ss,
1784 2359 1823 2387 11.

114 2403 182 2439 lzoe
209 2408 267 2439 est
288 2416 419 2440 munus
441 2405 539 2454 quod
561 2417 608 2440 ea:
628 2417 682 2440 me
705 2404 774 2442 tibi
790 2407 980 2455 proderit,
1015 2414 1052 2445 et
1076 2421 1148 2446 non
1174 2410 1370 2448 honorabit
1392 2418 1557 2461 putrem,
1591 2420 1629 2451 et

114 2471 261 2507 irritum
282 2470 427 2520 fecistis
448 2472 656 2508 mandatum
680 2473 742 2508 dez·
757 2485 825 2522 per·
848 2475 1080 2513 traditionem
1100 2478 1285 2514 seniorum
1311 2485 1526 2516 vestrorum.
1574 2482 1629 2518 Et

113 2538 280 2574 cib-cuites
305 2550 405 2574 mare
431 2545 468 2575 et
496 2539 638 2575 aridam
669 2545 711 2575 ut
732 2539 883 2589 factatis
907 2555 1016 2580 unum
1044 2545 1295 2593 proselytum,
1329 2552 1367 2582 ec
1393 2559 1472 2583 eum
1492 2547 1624 2597 sactus

108 2604 247 2654 suerit,
277 2605 412 2656 facilis
435 2606 537 2641 illum
561 2605 670 2655 duplo
700 2619 805 2656 quam
833 2621 893 2645 vos
912 2609 1037 2658 filium
1061 2624 1238 2660 geennae.
1303 2609 1402 2664 Quid
1432 2612 1547 2666 igitur
1576 2614 1621 2653 ad

113 2682 181 2709 eos
209 2669 380 2710 homines
404 2670 635 2710 refellendos
659 2671 797 2712 divinis
827 2673 902 2713 illis
927 2676 1130 2716 sententiis
1152 2677 1263 2717 adiici
1288 2679 1446 2731 gravius
1473 2681 1624 2733 potest?

112 2733 242 2790 ltaque
265 2737 358 2777 satis
384 2750 470 2777 esse
499 2737 664 2777 arbitror
688 2739 889 2781 salvatoris
914 2756 1049 2782 vocem
1078 2757 1121 2783 ac
1146 2744 1388 2786 verissimum
1418 2747 1508 2787 illud
1536 2762 1622 2788 ora-

114 2802 260 2855 cutum,
294 2804 352 2844 cui
385 2819 432 2844 ne
464 2805 657 2844 minimum
690 2807 838 2859 quidem
868 2809 1048 2850 reluctari
1079 2818 1300 2865 potuerunt.

154 2902 184 2934 2.
210 2903 337 2938 λέλυται
368 2907 434 2937 cod.
462 2908 560 2937 Vener.
608 2905 756 2939 λέλεκται
789 2909 844 2939 hu·
889 2905 988 2952 ὅρκου
1012 2910 1151 2946 λέλυται.

111 2948 175 2978 benc
194 2951 301 2988 reliqui
319 2952 400 2982 libri.
445 2953 590 2983 Petacius
608 2954 766 2991 proposuit
787 2954 842 2986 τοῦ
