2034 3267
521 106 694 138 PANAnn
717 106 796 138 Lis.
812 108 836 138 1.
860 107 965 139 ToM.
992 108 1029 138 11.
1055 107 1183 139 nana.
1204 107 1336 139 xxxi.
1602 101 1681 141 319

174 184 403 225 Tricenario
428 192 625 238 permanet
647 187 787 239 (neque
813 186 912 225 enim
937 185 1110 239 ingentes
1133 185 1411 240 Magnitudinis
1439 186 1593 240 spiritus
1619 202 1683 226 co-

173 252 295 293 erceri
318 252 394 292 ullo
418 265 459 291 se
482 266 640 292 numero
663 253 880 306 sinebant),
923 268 990 307 pro
1016 254 1181 294 maribus
1204 268 1329 294 mares
1353 254 1446 294 alios
1469 254 1679 305 substituit,

172 318 319 370 Unum,
352 318 549 370 Tertium,
584 318 790 373 Quintum,
826 319 1062 375 Septimum,
1095 321 1326 375 totidemque
1358 322 1531 371 seminas,
1565 320 1682 361 Bina-

172 387 291 438 rium,
326 386 582 438 Ternarium,
616 386 844 438 Senarium,
879 385 1145 429 Octonarium.
1208 389 1314 430 Haec
1341 397 1400 430 est
1421 388 1578 444 Ogdoas
1600 389 1678 439 illa,

172 468 267 507 quae
293 454 502 508 superioris
527 453 722 508 Ogdoadis
748 469 885 495 nomen
914 455 958 494 ad
988 469 1076 495 sese
1101 457 1314 496 transtulit:
1358 454 1499 512 Bytlii,
1533 455 1676 506 Patris,

170 520 363 573 Hominis,
390 520 605 572 Sermonis,
633 521 763 576 Siges‚
798 520 1000 569 Veritatis,
1034 521 1250 572 Ecclesiae,
1285 523 1415 564 Vitae.
1468 523 1577 577 Quae
1599 525 1681 578 qui-

171 588 255 628 dem
282 590 484 629 coniuncta
507 588 734 630 Luminibus
762 596 842 639 est,
886 596 924 628 et
950 589 1146 629 absolutus
1172 589 1425 631 Tricenarius
1451 593 1593 642 evasit,
1637 606 1681 631 ae

170 656 275 710 prior
300 654 532 697 Octonarius
564 657 788 710 quiescens,
831 670 913 696 cum
948 663 985 696 et
1008 655 1156 710 Bythus
1183 671 1250 710 per
1270 655 1547 711 Magnitudinis
1574 659 1682 699 fulci-

171 731 336 764 mentum
371 716 485 776 exiit',
528 732 569 765 ut
602 738 685 764 cum
714 722 945 763 Tricenario
979 737 1065 763 sese
1096 724 1307 777 copularet.
1376 724 1478 765 Vere
1510 727 1609 765 enim
1645 734 1681 766 et

170 790 355 832 Veritatis
387 790 504 832 Pater
538 806 619 831 cum
651 789 829 830 Ecclesia
857 804 1089 844 congressus
1123 798 1202 841 est,
1248 798 1286 830 et
1318 790 1520 833 Maternus
1553 792 1680 833 Vitam

169 860 325 900 sortitus
357 867 436 910 cst,
479 866 515 899 et
543 856 767 898 Paracletus
793 856 1009 907 Unitatem,
1055 865 1091 897 et
1113 856 1252 898 Unitas
1285 872 1367 898 cum
1394 858 1581 900 Veritatis
1608 860 1679 901 Pa-

168 934 278 967 rente
303 927 475 981 copulata
500 932 579 975 est,
612 931 649 964 et
675 938 759 964 cum
788 922 880 978 Sige
903 923 1089 965 Veritatis
1118 925 1179 965 ille
1204 924 1352 966 Parens
1381 927 1464 966 suit.
1525 927 1578 967 At
1603 929 1679 982 spi-

168 995 287 1035 ritalis
310 993 447 1035 Sermo
468 1007 551 1033 cum
577 990 723 1045 Spiritu
744 991 966 1047 incorrupta
985 993 1144 1046 quadam
1169 993 1434 1034 commistione
1456 995 1681 1035 coniunctus

170 1069 249 1112 est,
283 1069 321 1102 et
341 1059 605 1101 Autometoris
628 1059 761 1111 linem,
798 1060 867 1100 hoc
889 1067 948 1100 est
970 1075 1199 1114 perennem,
1233 1075 1304 1101 nec
1325 1061 1575 1116 interruptam
1600 1063 1681 1116 qui-

170 1136 267 1169 etem
298 1142 404 1169 suam
436 1127 575 1168 effecit.
638 1125 897 1180 Quamobrem
925 1128 988 1168 uhi
1015 1128 1269 1169 Tricenarins
1293 1131 1477 1183 profunda
1504 1130 1565 1169 illa
1592 1129 1681 1185 My-

169 1195 283 1236 steria
307 1195 477 1250 peregit,
520 1195 602 1255 sine
628 1194 714 1235 ullis
737 1197 891 1236 omnino
915 1196 1078 1250 nuptiis,
1120 1203 1160 1236 ut
1180 1197 1403 1252 incorrupto
1428 1198 1680 1251 sempiterno-

168 1277 239 1318 que
264 1263 397 1318 generi
423 1262 627 1314 convenit,
670 1262 888 1318 incorrupta
913 1264 1041 1304 itidem
1064 1264 1228 1316 lumina,
1277 1279 1371 1319 quae
1393 1263 1529 1306 Unitas
1553 1267 1680 1321 appel-

166 1331 313 1382 lantur,
344 1338 522 1385 tanquam
548 1330 644 1370 filios
668 1331 870 1385 produxit,
904 1338 943 1371 et
968 1331 1117 1385 quidem
1140 1331 1339 1373 informes.
1404 1332 1585 1374 lacebant
1610 1334 1679 1389 igi-

164 1405 226 1438 tur
261 1399 530 1453 propemodum
564 1398 817 1452 intelligentia
857 1399 958 1439 omni
994 1399 1198 1450 destituta,
1244 1414 1289 1440 ac
1327 1400 1409 1441 sine
1450 1401 1525 1441 nlla
1563 1402 1677 1441 animi

166 1466 322 1507 notione
345 1465 608 1520 quiescebant.
671 1465 859 1520 Quicquid
886 1467 986 1506 enim
1008 1481 1029 1507 a
1053 1467 1227 1521 quopiam
1253 1467 1398 1521 agitur,
1429 1469 1474 1508 ab
1501 1482 1570 1519 eo,
1604 1470 1678 1509 nisi

163 1533 346 1574 universe
369 1533 570 1588 intelligat,
605 1534 730 1588 agitur
751 1533 856 1574 nihil.
919 1533 1032 1574 Hunc
1053 1534 1091 1574 in
1116 1536 1265 1575 modum
1292 1536 1502 1590 procreatis
1527 1537 1677 1576 lumini-

164 1601 256 1652 bus,
289 1605 459 1656 [quorum
483 1602 759 1642 multitudinem
785 1602 1021 1642 numerando
1047 1616 1277 1657 percensere
1302 1603 1392 1644 nihil
1415 1617 1575 1644 necesse
1600 1611 1674 1655 est,

163 1669 290 1709 animo
321 1683 415 1710 vero
442 1670 764 1723 comprehendere
790 1676 941 1724 oportet
966 1669 1070 1723 (nam
1093 1671 1386 1724 unumquodque
1417 1685 1523 1711 suam
1550 1672 1677 1726 appel-

162 1736 342 1777 lationem
369 1737 547 1777 sortitum
575 1744 655 1787 est,
700 1751 794 1791 quae
824 1751 875 1777 ex
901 1751 1129 1778 arcanorum
1157 1739 1426 1793 mysteriorum
1455 1740 1675 1793 cognitione

163 1805 429 1860 depromitur),
455 1806 499 1846 ad
521 1804 707 1845 scientiae
727 1805 912 1845 delectum
934 1805 1144 1860 perpellere
1165 1806 1368 1846 universos
1391 1807 1483 1861 Sige
1501 1808 1673 1862 cupiens,

164 1873 209 1913 ad
236 1874 441 1914 secundam
470 1873 789 1926 substitutamque
815 1873 917 1913 illam
942 1873 1027 1913 loco
1050 1873 1207 1913 alterius
1233 1870 1454 1928 Ogdoadem
1482 1876 1673 1927 adiunxit,

163 1941 379 1996 corruptela
401 1941 523 1981 omnis
548 1947 706 1995 experte
730 1940 1022 1991 coniunctione,
1066 1942 1132 1981 sed
1155 1941 1350 1982 voluntate
1372 1942 1557 1983 eiusmodi
1580 1957 1674 1997 quae

162 2009 231 2049 sub
262 2008 549 2063 intelligentiam
583 2008 751 2049 caderet.
820 2005 1044 2049 Cuiusmodi
1073 2009 1281 2050 voluntatis
1312 2010 1475 2064 impetus
1507 2008 1674 2065 Spiritus

164 2074 331 2117 Sanctus
361 2085 442 2128 est,
486 2077 547 2131 qui
578 2077 616 2116 in
645 2076 768 2116 medio
796 2083 1012 2116 sanctarum
1038 2075 1301 2117 Ecelesiarum
1329 2077 1486 2118 residet.
1549 2077 1673 2131 Quem

162 2158 246 2184 cum
273 2145 478 2185 secundam
505 2145 550 2184 ad
575 2142 799 2198 Ogdoadem
824 2143 1051 2198 allegasset,
1095 2145 1128 2185 ei
1155 2146 1345 2199 persuasit
1372 2160 1499 2187 secum
1527 2153 1569 2186 ut
1591 2146 1674 2200 ipsa

163 2212 422 2266 copularetur.
484 2210 675 2265 Quocirca
699 2211 737 2251 in
762 2211 920 2265 singulis
946 2210 1141 2266 Ogdoadis
1169 2213 1337 2267 partibus
1363 2214 1578 2253 celebratae
1605 2228 1673 2253 nu-

162 2279 261 2334 ptiae
283 2288 386 2320 sunt.
430 2277 626 2333 Siquidem
648 2293 732 2319 cum
755 2277 842 2320 Uno
864 2277 1031 2334 Spiritus
1054 2278 1220 2320 Sanctus
1242 2281 1467 2321 coniunctus
1488 2288 1561 2331 est,
1589 2296 1673 2321 cum

163 2346 301 2387 Tertio
320 2346 442 2403 Dyas,
478 2347 635 2388 Tertius
657 2361 741 2386 cum
762 2345 941 2398 Hexade,
975 2354 1013 2387 et
1033 2362 1116 2388 cum
1141 2346 1313 2402 Septimo
1337 2346 1510 2402 Ogdoas,
1546 2346 1674 2403 Septi-

161 2428 245 2455 mus
275 2429 359 2455 cum
389 2414 548 2470 Dyade,
591 2429 674 2455 cum
708 2412 850 2467 Quinto
882 2413 1032 2456 Hexas.
1093 2413 1148 2455 Ita
1178 2413 1332 2469 Ogdoas
1363 2416 1545 2456 universa
1576 2431 1672 2456 nnn-

161 2496 271 2536 quam
302 2489 564 2523 marcescente
599 2482 792 2536 voluptate
831 2490 943 2536 atque
979 2483 1128 2537 integra
1162 2483 1456 2538 incorruptaque
1494 2484 1672 2524 mistione

163 2549 419 2604 coniungitur.
488 2548 606 2590 Nulla
636 2550 770 2604 quippe
800 2549 846 2589 ab
881 2549 1044 2590 invicem
1078 2551 1270 2605 separatio
1305 2551 1394 2601 fuit,
1441 2552 1506 2591 sed
1543 2559 1671 2592 mutua

163 2618 329 2658 omnium
351 2632 434 2658 cum
460 2617 728 2657 honestissima
748 2617 940 2671 voluptate
965 2618 1211 2673 temperatio,
1246 2632 1296 2658 ex
1319 2632 1392 2672 qua
1415 2617 1671 2659 Prunicorum

161 2685 337 2726 muliebri
361 2699 460 2726 sexu
484 2684 693 2725 carentium
723 2683 932 2738 Quinarius
955 2686 1153 2737 exoritur,
1197 2685 1303 2726 cuius
1327 2686 1420 2727 haec
1445 2694 1534 2727 sunt
1558 2701 1671 2728 voca-

205 2808 257 2841 20.
283 2805 484 2851 oivrtrtiteion
509 2811 574 2841 cod.
601 2811 671 2841 Ven.
938 2811 1006 2851 ῲας
1030 2809 1140 2843 ἔπεισε
1163 2808 1220 2842 καὶ
1244 2806 1347 2850 αὐτὴν
1370 2812 1478 2851 reliqui
1502 2812 1582 2843 libri.

205 2853 258 2885 21.
280 2856 327 2886 Ita
348 2857 465 2886 correxi
489 2864 558 2886 cum
580 2856 704 2886 Petavio
729 2857 755 2885 et
778 2855 892 2886 Corna-
980 2855 1033 2887 2⁴2.
1058 2854 1248 2898 Προυνίκων
1269 2857 1335 2888 cod.
1354 2856 1423 2887 Ven.
1461 2855 1669 2898 Προυνείκων

161 2899 217 2930 rio.
250 2898 421 2942 πέμῴαίσε
437 2897 494 2933 καὶ
511 2894 614 2942 αὐτὴν
630 2900 697 2931 cod.
712 2899 781 2931 Ven.
809 2898 891 2942 πέμ·
935 2902 1054 2941 reliqui.
