<?xml version="1.0" encoding="UTF-8"?>
<!DOCTYPE html PUBLIC "-//W3C//DTD XHTML 1.0 Transitional//EN"
    "http://www.w3.org/TR/xhtml1/DTD/xhtml1-transitional.dtd">
<html xmlns="http://www.w3.org/1999/xhtml" xml:lang="en" lang="en">
 <head>
  <title>
</title>
<meta http-equiv="Content-Type" content="text/html;charset=utf-8" />
  <meta name='ocr-system' content='tesseract 3.04.00' />
  <meta name='ocr-capabilities' content='ocr_page ocr_carea ocr_par ocr_line ocrx_word'/>
</head>
<body>
  <div class='ocr_page' id='page_1' title='image "./p1corporishaereseo02epipuoft/p1corporishaereseo02epipuoft_0593.png"; bbox 0 0 2034 3267; ppageno 0'>
   <div class='ocr_carea' id='block_1_1' title="bbox 488 142 1653 184">
    <p class='ocr_par' dir='ltr' id='par_1_1' title="bbox 488 142 1653 184">
     <span class='ocr_line' id='line_1_1' title="bbox 488 142 1653 184; baseline -0.001 -1"><span class='ocrx_word' id='word_1_1' title='bbox 488 150 666 183; x_wconf 81' lang='lat' dir='ltr'>PANARH</span> <span class='ocrx_word' id='word_1_2' title='bbox 689 150 814 183; x_wconf 80' lang='lat' dir='ltr'>L113.1.</span> <span class='ocrx_word' id='word_1_3' title='bbox 839 150 945 184; x_wconf 86' lang='lat' dir='ltr'>ToM.</span> <span class='ocrx_word' id='word_1_4' title='bbox 966 150 1022 183; x_wconf 79' lang='lat'>111.</span> <span class='ocrx_word' id='word_1_5' title='bbox 1046 150 1298 184; x_wconf 83' lang='lat' dir='ltr'>HAER.XL11.</span> <span class='ocrx_word' id='word_1_6' title='bbox 1578 142 1653 183; x_wconf 87' lang='lat'>581</span> 
     </span>
    </p>
   </div>
   <div class='ocr_carea' id='block_1_2' title="bbox 127 227 1844 759">
    <p class='ocr_par' dir='ltr' id='par_1_2' title="bbox 131 227 1844 418">
     <span class='ocr_line' id='line_1_2' title="bbox 244 227 1844 284; baseline 0.001 -14"><span class='ocrx_word' id='word_1_7' title='bbox 244 227 440 270; x_wconf 76' lang='lat' dir='ltr'>LXXVI.</span> <span class='ocrx_word' id='word_1_8' title='bbox 486 234 673 269; x_wconf 59' lang='lat' dir='ltr'>Deireruut</span> <span class='ocrx_word' id='word_1_9' title='bbox 691 234 758 282; x_wconf 79' lang='lat' dir='ltr'>qui</span> <span class='ocrx_word' id='word_1_10' title='bbox 774 239 884 270; x_wconf 82' lang='lat' dir='ltr'>erant</span> <span class='ocrx_word' id='word_1_11' title='bbox 903 235 940 270; x_wconf 76' lang='lat' dir='ltr'>iu</span> <span class='ocrx_word' id='word_1_12' title='bbox 962 239 1059 270; x_wconf 80' lang='lat' dir='ltr'>veste</span> <span class='ocrx_word' id='word_1_13' title='bbox 1078 232 1184 270; x_wconf 81' lang='lat' dir='ltr'>albu.-</span> <span class='ocrx_word' id='word_1_14' title='bbox 1220 234 1317 281; x_wconf 78' lang='lat' dir='ltr'>Quid</span> <span class='ocrx_word' id='word_1_15' title='bbox 1336 234 1515 284; x_wconf 79' lang='lat' dir='ltr'>quaeritis</span> <span class='ocrx_word' id='word_1_16' title='bbox 1536 234 1658 270; x_wconf 68' lang='lat' dir='ltr'>vivere·</span> <span class='ocrx_word' id='word_1_17' title='bbox 1677 244 1748 272; x_wconf 85' lang='lat' dir='ltr'>Luc.</span> <span class='ocrx_word' id='word_1_18' title='bbox 1762 246 1804 281; x_wconf 72' lang='lat'>24,</span> <span class='ocrx_word' id='word_1_19' title='bbox 1821 248 1844 275; x_wconf 82' lang='lat'>5.</span> 
     </span>
     <span class='ocr_line' id='line_1_3' title="bbox 133 301 1657 351; baseline 0.001 -15"><span class='ocrx_word' id='word_1_20' title='bbox 133 306 200 337; x_wconf 82' lang='lat' dir='ltr'>tem</span> <span class='ocrx_word' id='word_1_21' title='bbox 224 313 304 337; x_wconf 84' lang='lat' dir='ltr'>cum</span> <span class='ocrx_word' id='word_1_22' title='bbox 327 301 511 336; x_wconf 84' lang='lat' dir='ltr'>mortuis?</span> <span class='ocrx_word' id='word_1_23' title='bbox 568 301 758 337; x_wconf 69' lang='lat' dir='ltr'>Surreoeil.</span> <span class='ocrx_word' id='word_1_24' title='bbox 822 301 1080 338; x_wconf 78' lang='lat' dir='ltr'>Recordumiui</span> <span class='ocrx_word' id='word_1_25' title='bbox 1096 314 1189 351; x_wconf 81' lang='lat' dir='ltr'>quae</span> <span class='ocrx_word' id='word_1_26' title='bbox 1209 302 1353 338; x_wconf 82' lang='lat' dir='ltr'>locutus</span> <span class='ocrx_word' id='word_1_27' title='bbox 1377 307 1452 341; x_wconf 81' lang='lat' dir='ltr'>est.</span> <span class='ocrx_word' id='word_1_28' title='bbox 1487 313 1569 338; x_wconf 87' lang='lat' dir='ltr'>cum</span> <span class='ocrx_word' id='word_1_29' title='bbox 1591 302 1657 338; x_wconf 80' lang='lat' dir='ltr'>ad-</span> 
     </span>
     <span class='ocr_line' id='line_1_4' title="bbox 131 368 1376 418; baseline 0.001 -14"><span class='ocrx_word' id='word_1_30' title='bbox 131 369 202 404; x_wconf 79' lang='lat' dir='ltr'>huc</span> <span class='ocrx_word' id='word_1_31' title='bbox 232 374 345 404; x_wconf 74' lang='lat' dir='ltr'>cssel:</span> <span class='ocrx_word' id='word_1_32' title='bbox 381 369 557 416; x_wconf 75' lang='lat' dir='ltr'><em>Quoniam</em></span> <span class='ocrx_word' id='word_1_33' title='bbox 589 374 733 417; x_wconf 78' lang='lat' dir='ltr'>oportet</span> <span class='ocrx_word' id='word_1_34' title='bbox 749 368 877 418; x_wconf 80' lang='lat' dir='ltr'>filium</span> <span class='ocrx_word' id='word_1_35' title='bbox 906 368 1062 405; x_wconf 78' lang='lat' dir='ltr'>lzomim&#39;s</span> <span class='ocrx_word' id='word_1_36' title='bbox 1088 370 1173 417; x_wconf 82' lang='lat' dir='ltr'>pati</span> <span class='ocrx_word' id='word_1_37' title='bbox 1199 375 1237 405; x_wconf 82' lang='lat' dir='ltr'>et</span> <span class='ocrx_word' id='word_1_38' title='bbox 1265 370 1376 406; x_wconf 80' lang='lat' dir='ltr'>tradi.</span> 
     </span>
    </p>

    <p class='ocr_par' dir='ltr' id='par_1_3' title="bbox 127 430 1808 759">
     <span class='ocr_line' id='line_1_5' title="bbox 240 430 1808 487; baseline 0.003 -15"><span class='ocrx_word' id='word_1_39' title='bbox 240 431 458 472; x_wconf 71' lang='lat' dir='ltr'>LXXVH.</span> <span class='ocrx_word' id='word_1_40' title='bbox 503 432 604 486; x_wconf 82' lang='lat' dir='ltr'>Quin</span> <span class='ocrx_word' id='word_1_41' title='bbox 633 447 675 473; x_wconf 84' lang='lat' dir='ltr'>ea</span> <span class='ocrx_word' id='word_1_42' title='bbox 701 433 895 473; x_wconf 78' lang='lat' dir='ltr'>subtraxit</span> <span class='ocrx_word' id='word_1_43' title='bbox 921 447 1017 486; x_wconf 80' lang='lat' dir='ltr'>quae</span> <span class='ocrx_word' id='word_1_44' title='bbox 1043 430 1237 487; x_wconf 71' lang='lat' dir='ltr'>Cleopliae</span> <span class='ocrx_word' id='word_1_45' title='bbox 1265 441 1301 474; x_wconf 88' lang='lat' dir='ltr'>et</span> <span class='ocrx_word' id='word_1_46' title='bbox 1325 434 1406 474; x_wconf 89' lang='lat' dir='ltr'>eius</span> <span class='ocrx_word' id='word_1_47' title='bbox 1429 435 1536 474; x_wconf 83' lang='lat' dir='ltr'>socio</span> <span class='ocrx_word' id='word_1_48' title='bbox 1558 434 1659 475; x_wconf 82' lang='lat' dir='ltr'>dicta</span> <span class='ocrx_word' id='word_1_49' title='bbox 1679 449 1808 478; x_wconf 80' lang='lat' dir='ltr'>1bid.25.</span> 
     </span>
     <span class='ocr_line' id='line_1_6' title="bbox 129 501 1657 550; baseline 0.001 -10"><span class='ocrx_word' id='word_1_50' title='bbox 129 508 240 550; x_wconf 87' lang='lat' dir='ltr'>sunt,</span> <span class='ocrx_word' id='word_1_51' title='bbox 275 515 358 540; x_wconf 83' lang='lat' dir='ltr'>cum</span> <span class='ocrx_word' id='word_1_52' title='bbox 383 501 456 541; x_wconf 86' lang='lat' dir='ltr'>illis</span> <span class='ocrx_word' id='word_1_53' title='bbox 479 502 671 541; x_wconf 83' lang='lat' dir='ltr'>occurrit:</span> <span class='ocrx_word' id='word_1_54' title='bbox 707 504 736 539; x_wconf 91' lang='lat' dir='ltr'><em>O</em></span> <span class='ocrx_word' id='word_1_55' title='bbox 755 503 867 539; x_wconf 76' lang='lat' dir='ltr'>stulti</span> <span class='ocrx_word' id='word_1_56' title='bbox 883 509 921 539; x_wconf 84' lang='lat' dir='ltr'>et</span> <span class='ocrx_word' id='word_1_57' title='bbox 936 504 1039 539; x_wconf 83' lang='lat' dir='ltr'>tardi</span> <span class='ocrx_word' id='word_1_58' title='bbox 1053 505 1164 539; x_wconf 84' lang='lat' dir='ltr'>corde</span> <span class='ocrx_word' id='word_1_59' title='bbox 1181 505 1231 540; x_wconf 78' lang='lat' dir='ltr'>orl</span> <span class='ocrx_word' id='word_1_60' title='bbox 1248 505 1466 541; x_wconf 78' lang='lat' dir='ltr'>eredendum</span> <span class='ocrx_word' id='word_1_61' title='bbox 1486 506 1522 541; x_wconf 80' lang='lat' dir='ltr'>iu</span> <span class='ocrx_word' id='word_1_62' title='bbox 1543 506 1657 541; x_wconf 84' lang='lat' dir='ltr'>omni-</span> 
     </span>
     <span class='ocr_line' id='line_1_7' title="bbox 128 570 1807 624; baseline 0.002 -17"><span class='ocrx_word' id='word_1_63' title='bbox 128 570 195 608; x_wconf 88' lang='lat' dir='ltr'>bus</span> <span class='ocrx_word' id='word_1_64' title='bbox 225 583 318 620; x_wconf 82' lang='lat' dir='ltr'>quae</span> <span class='ocrx_word' id='word_1_65' title='bbox 347 571 464 608; x_wconf 84' lang='lat' dir='ltr'>loculi</span> <span class='ocrx_word' id='word_1_66' title='bbox 488 577 576 608; x_wconf 79' lang='lat' dir='ltr'>suut</span> <span class='ocrx_word' id='word_1_67' title='bbox 599 570 827 620; x_wconf 70' lang='lat' dir='ltr'>prophelae!</span> <span class='ocrx_word' id='word_1_68' title='bbox 885 571 1018 607; x_wconf 65' lang='lat' dir='ltr'>Nonne</span> <span class='ocrx_word' id='word_1_69' title='bbox 1038 571 1128 607; x_wconf 74' lang='lat' dir='ltr'>lutee</span> <span class='ocrx_word' id='word_1_70' title='bbox 1150 573 1315 620; x_wconf 78' lang='lat' dir='ltr'>oportuit</span> <span class='ocrx_word' id='word_1_71' title='bbox 1331 573 1441 621; x_wconf 82' lang='lat' dir='ltr'>puli?</span> <span class='ocrx_word' id='word_1_72' title='bbox 1499 571 1559 609; x_wconf 84' lang='lat' dir='ltr'>Ac</span> <span class='ocrx_word' id='word_1_73' title='bbox 1588 584 1655 624; x_wconf 79' lang='lat' dir='ltr'>pro</span> <span class='ocrx_word' id='word_1_74' title='bbox 1675 584 1748 612; x_wconf 76' lang='lat' dir='ltr'>ibid.</span> <span class='ocrx_word' id='word_1_75' title='bbox 1766 587 1807 613; x_wconf 82' lang='lat'>31.</span> 
     </span>
     <span class='ocr_line' id='line_1_8' title="bbox 128 636 1658 690; baseline 0.001 -15"><span class='ocrx_word' id='word_1_76' title='bbox 128 636 207 676; x_wconf 81' lang='lat' dir='ltr'>his:</span> <span class='ocrx_word' id='word_1_77' title='bbox 240 640 283 675; x_wconf 77' lang='lat' dir='ltr'>Iu</span> <span class='ocrx_word' id='word_1_78' title='bbox 307 638 472 676; x_wconf 82' lang='lat' dir='ltr'>omuibus</span> <span class='ocrx_word' id='word_1_79' title='bbox 494 651 586 688; x_wconf 82' lang='lat' dir='ltr'>quoe</span> <span class='ocrx_word' id='word_1_80' title='bbox 608 639 727 674; x_wconf 83' lang='lat' dir='ltr'>loculi</span> <span class='ocrx_word' id='word_1_81' title='bbox 743 644 831 674; x_wconf 81' lang='lat' dir='ltr'>suu!</span> <span class='ocrx_word' id='word_1_82' title='bbox 843 638 1067 686; x_wconf 74' lang='lat' dir='ltr'>prophetae,</span> <span class='ocrx_word' id='word_1_83' title='bbox 1103 636 1282 690; x_wconf 84' lang='lat' dir='ltr'>scripsit,</span> <span class='ocrx_word' id='word_1_84' title='bbox 1315 641 1359 676; x_wconf 82' lang='lat' dir='ltr'>Iu</span> <span class='ocrx_word' id='word_1_85' title='bbox 1380 640 1545 677; x_wconf 79' lang='lat' dir='ltr'>omnibus</span> <span class='ocrx_word' id='word_1_86' title='bbox 1565 652 1658 690; x_wconf 80' lang='lat' dir='ltr'>quoe</span> 
     </span>
     <span class='ocr_line' id='line_1_9' title="bbox 127 701 1654 759; baseline 0.002 -17"><span class='ocrx_word' id='word_1_87' title='bbox 127 706 271 742; x_wconf 83' lang='lat' dir='ltr'>loculus</span> <span class='ocrx_word' id='word_1_88' title='bbox 292 719 371 742; x_wconf 84' lang='lat' dir='ltr'>sum</span> <span class='ocrx_word' id='word_1_89' title='bbox 398 705 509 743; x_wconf 70' lang='lat' dir='ltr'>vobis.</span> <span class='ocrx_word' id='word_1_90' title='bbox 573 701 650 743; x_wconf 88' lang='lat' dir='ltr'>Sed</span> <span class='ocrx_word' id='word_1_91' title='bbox 676 716 727 742; x_wconf 76' lang='lat' dir='ltr'>ex</span> <span class='ocrx_word' id='word_1_92' title='bbox 755 717 801 742; x_wconf 91' lang='lat' dir='ltr'>eo</span> <span class='ocrx_word' id='word_1_93' title='bbox 826 703 1094 756; x_wconf 79' lang='lat' dir='ltr'>redarguitur,</span> <span class='ocrx_word' id='word_1_94' title='bbox 1129 705 1227 757; x_wconf 87' lang='lat' dir='ltr'>quod</span> <span class='ocrx_word' id='word_1_95' title='bbox 1251 719 1335 744; x_wconf 86' lang='lat' dir='ltr'>eum</span> <span class='ocrx_word' id='word_1_96' title='bbox 1361 720 1497 759; x_wconf 83' lang='lat' dir='ltr'>panem</span> <span class='ocrx_word' id='word_1_97' title='bbox 1524 704 1654 759; x_wconf 79' lang='lat' dir='ltr'>fregit,</span> 
     </span>
    </p>
   </div>
   <div class='ocr_carea' id='block_1_3' title="bbox 126 770 1803 893">
    <p class='ocr_par' dir='ltr' id='par_1_4' title="bbox 126 770 1803 893">
     <span class='ocr_line' id='line_1_10' title="bbox 126 770 904 826; baseline -0.001 -15"><span class='ocrx_word' id='word_1_98' title='bbox 126 772 246 826; x_wconf 80' lang='lat' dir='ltr'>aperti</span> <span class='ocrx_word' id='word_1_99' title='bbox 278 779 367 811; x_wconf 89' lang='lat' dir='ltr'>suut</span> <span class='ocrx_word' id='word_1_100' title='bbox 397 770 520 821; x_wconf 86' lang='lat' dir='ltr'>oculi,</span> <span class='ocrx_word' id='word_1_101' title='bbox 557 778 594 810; x_wconf 91' lang='lat' dir='ltr'>et</span> <span class='ocrx_word' id='word_1_102' title='bbox 624 779 904 824; x_wconf 81' lang='lat' dir='ltr'>cognoverunt.</span> 
     </span>
     <span class='ocr_line' id='line_1_11' title="bbox 238 837 1803 893; baseline 0.003 -14"><span class='ocrx_word' id='word_1_103' title='bbox 238 837 474 879; x_wconf 79' lang='lat' dir='ltr'>LXXVIII.</span> <span class='ocrx_word' id='word_1_104' title='bbox 520 840 617 888; x_wconf 78' lang='lat' dir='ltr'>Quid</span> <span class='ocrx_word' id='word_1_105' title='bbox 634 839 778 877; x_wconf 83' lang='lat' dir='ltr'>turbati</span> <span class='ocrx_word' id='word_1_106' title='bbox 792 842 909 877; x_wconf 74' lang='lat' dir='ltr'>estis?</span> <span class='ocrx_word' id='word_1_107' title='bbox 959 841 1083 878; x_wconf 83' lang='lat' dir='ltr'>Videte</span> <span class='ocrx_word' id='word_1_108' title='bbox 1102 853 1244 887; x_wconf 81' lang='lat' dir='ltr'>munus,</span> <span class='ocrx_word' id='word_1_109' title='bbox 1273 848 1309 878; x_wconf 81' lang='lat' dir='ltr'>et</span> <span class='ocrx_word' id='word_1_110' title='bbox 1318 843 1452 892; x_wconf 79' lang='lat' dir='ltr'>pedes:</span> <span class='ocrx_word' id='word_1_111' title='bbox 1483 845 1652 893; x_wconf 81' lang='lat' dir='ltr'>quoniam</span> <span class='ocrx_word' id='word_1_112' title='bbox 1670 856 1744 884; x_wconf 79' lang='lat' dir='ltr'>ibid.</span> <span class='ocrx_word' id='word_1_113' title='bbox 1764 857 1803 884; x_wconf 79' lang='grc'>39.</span> 
     </span>
    </p>
   </div>
   <div class='ocr_carea' id='block_1_4' title="bbox 116 907 1654 1640">
    <p class='ocr_par' dir='ltr' id='par_1_5' title="bbox 123 907 1206 958">
     <span class='ocr_line' id='line_1_12' title="bbox 123 907 1206 958; baseline -0.001 -12"><span class='ocrx_word' id='word_1_114' title='bbox 123 910 279 958; x_wconf 80' lang='lat' dir='ltr'>spiritus</span> <span class='ocrx_word' id='word_1_115' title='bbox 309 921 392 945; x_wconf 84' lang='lat' dir='ltr'>ossa</span> <span class='ocrx_word' id='word_1_116' title='bbox 422 921 493 945; x_wconf 82' lang='lat' dir='ltr'>uon</span> <span class='ocrx_word' id='word_1_117' title='bbox 523 907 651 953; x_wconf 80' lang='lat' dir='ltr'>habet,</span> <span class='ocrx_word' id='word_1_118' title='bbox 686 909 785 944; x_wconf 81' lang='lat' dir='ltr'>sicut</span> <span class='ocrx_word' id='word_1_119' title='bbox 812 921 868 944; x_wconf 86' lang='lat' dir='ltr'>me</span> <span class='ocrx_word' id='word_1_120' title='bbox 899 909 1028 945; x_wconf 77' lang='lat' dir='ltr'>videtis</span> <span class='ocrx_word' id='word_1_121' title='bbox 1057 908 1206 946; x_wconf 82' lang='lat' dir='ltr'>luthere.</span> 
     </span>
    </p>

    <p class='ocr_par' dir='ltr' id='par_1_6' title="bbox 116 973 1654 1640">
     <span class='ocr_line' id='line_1_13' title="bbox 234 973 1651 1027; baseline 0.002 -13"><span class='ocrx_word' id='word_1_122' title='bbox 234 973 399 1015; x_wconf 77' lang='lat' dir='ltr'><strong>Praeter</strong></span> <span class='ocrx_word' id='word_1_123' title='bbox 422 973 530 1023; x_wconf 73' lang='lat' dir='ltr'>haec,</span> <span class='ocrx_word' id='word_1_124' title='bbox 566 987 662 1027; x_wconf 82' lang='lat' dir='ltr'>quae</span> <span class='ocrx_word' id='word_1_125' title='bbox 687 981 902 1027; x_wconf 80' lang='lat' dir='ltr'>sequuntur</span> <span class='ocrx_word' id='word_1_126' title='bbox 927 981 1059 1014; x_wconf 82' lang='lat' dir='ltr'>eontra</span> <span class='ocrx_word' id='word_1_127' title='bbox 1084 974 1292 1015; x_wconf 80' lang='lat' dir='ltr'>haereseos</span> <span class='ocrx_word' id='word_1_128' title='bbox 1318 983 1514 1016; x_wconf 74' lang='lat' dir='ltr'>auctorem</span> <span class='ocrx_word' id='word_1_129' title='bbox 1537 976 1651 1017; x_wconf 83' lang='lat' dir='ltr'>istum</span> 
     </span>
     <span class='ocr_line' id='line_1_14' title="bbox 125 1040 1651 1098; baseline 0.002 -17"><span class='ocrx_word' id='word_1_130' title='bbox 125 1043 210 1082; x_wconf 79' lang='lat' dir='ltr'>linio</span> <span class='ocrx_word' id='word_1_131' title='bbox 229 1057 250 1082; x_wconf 82' lang='lat' dir='ltr'>a</span> <span class='ocrx_word' id='word_1_132' title='bbox 272 1042 382 1082; x_wconf 87' lang='lat' dir='ltr'>nobis</span> <span class='ocrx_word' id='word_1_133' title='bbox 403 1042 578 1081; x_wconf 85' lang='lat' dir='ltr'>instituto</span> <span class='ocrx_word' id='word_1_134' title='bbox 598 1042 850 1095; x_wconf 79' lang='lat' dir='ltr'>adiungamus</span> <span class='ocrx_word' id='word_1_135' title='bbox 873 1042 994 1096; x_wconf 88' lang='lat' dir='ltr'>operi.</span> <span class='ocrx_word' id='word_1_136' title='bbox 1059 1040 1170 1094; x_wconf 81' lang='lat' dir='ltr'>Quae</span> <span class='ocrx_word' id='word_1_137' title='bbox 1194 1043 1344 1096; x_wconf 83' lang='lat' dir='ltr'>quidem</span> <span class='ocrx_word' id='word_1_138' title='bbox 1369 1045 1464 1098; x_wconf 82' lang='lat' dir='ltr'>apud</span> <span class='ocrx_word' id='word_1_139' title='bbox 1489 1045 1651 1084; x_wconf 84' lang='lat' dir='ltr'>eundem</span> 
     </span>
     <span class='ocr_line' id='line_1_15' title="bbox 124 1109 1653 1167; baseline 0.001 -17"><span class='ocrx_word' id='word_1_140' title='bbox 124 1111 340 1150; x_wconf 82' lang='lat' dir='ltr'>invenimus</span> <span class='ocrx_word' id='word_1_141' title='bbox 362 1109 460 1149; x_wconf 79' lang='lat' dir='ltr'>hune</span> <span class='ocrx_word' id='word_1_142' title='bbox 480 1110 517 1149; x_wconf 92' lang='lat' dir='ltr'>in</span> <span class='ocrx_word' id='word_1_143' title='bbox 543 1110 654 1150; x_wconf 83' lang='lat' dir='ltr'>finem</span> <span class='ocrx_word' id='word_1_144' title='bbox 682 1116 886 1164; x_wconf 71' lang='lat' dir='ltr'>usurpata,</span> <span class='ocrx_word' id='word_1_145' title='bbox 920 1117 959 1149; x_wconf 90' lang='lat' dir='ltr'>ut</span> <span class='ocrx_word' id='word_1_146' title='bbox 978 1110 1226 1164; x_wconf 82' lang='lat' dir='ltr'>epistolarum</span> <span class='ocrx_word' id='word_1_147' title='bbox 1250 1109 1357 1151; x_wconf 82' lang='lat' dir='ltr'>Pauli</span> <span class='ocrx_word' id='word_1_148' title='bbox 1380 1112 1543 1166; x_wconf 80' lang='lat' dir='ltr'>apostoli</span> <span class='ocrx_word' id='word_1_149' title='bbox 1567 1126 1653 1167; x_wconf 91' lang='lat' dir='ltr'>spe-</span> 
     </span>
     <span class='ocr_line' id='line_1_16' title="bbox 122 1176 1654 1232; baseline 0.003 -15"><span class='ocrx_word' id='word_1_150' title='bbox 122 1179 217 1219; x_wconf 77' lang='lat' dir='ltr'>eiem</span> <span class='ocrx_word' id='word_1_151' title='bbox 243 1192 332 1232; x_wconf 83' lang='lat' dir='ltr'>prae</span> <span class='ocrx_word' id='word_1_152' title='bbox 354 1191 396 1217; x_wconf 89' lang='lat' dir='ltr'>se</span> <span class='ocrx_word' id='word_1_153' title='bbox 423 1178 584 1217; x_wconf 83' lang='lat' dir='ltr'>ferrent.</span> <span class='ocrx_word' id='word_1_154' title='bbox 648 1176 756 1230; x_wconf 78' lang='lat' dir='ltr'>Quas</span> <span class='ocrx_word' id='word_1_155' title='bbox 778 1184 905 1218; x_wconf 85' lang='lat' dir='ltr'>tamen</span> <span class='ocrx_word' id='word_1_156' title='bbox 932 1192 1007 1218; x_wconf 89' lang='lat' dir='ltr'>non</span> <span class='ocrx_word' id='word_1_157' title='bbox 1031 1192 1187 1229; x_wconf 80' lang='lat' dir='ltr'>omnes,</span> <span class='ocrx_word' id='word_1_158' title='bbox 1221 1180 1288 1219; x_wconf 84' lang='lat' dir='ltr'>sed</span> <span class='ocrx_word' id='word_1_159' title='bbox 1313 1187 1440 1220; x_wconf 81' lang='lat' dir='ltr'>certus</span> <span class='ocrx_word' id='word_1_160' title='bbox 1465 1181 1654 1222; x_wconf 81' lang='lat' dir='ltr'>duntaxat</span> 
     </span>
     <span class='ocr_line' id='line_1_17' title="bbox 121 1244 1654 1302; baseline 0.003 -17"><span class='ocrx_word' id='word_1_161' title='bbox 121 1245 322 1297; x_wconf 68' lang='lat' dir='ltr'>adsciscitg</span> <span class='ocrx_word' id='word_1_162' title='bbox 352 1259 509 1299; x_wconf 82' lang='lat' dir='ltr'>quarum</span> <span class='ocrx_word' id='word_1_163' title='bbox 530 1244 568 1284; x_wconf 87' lang='lat' dir='ltr'>in</span> <span class='ocrx_word' id='word_1_164' title='bbox 589 1246 694 1285; x_wconf 79' lang='lat' dir='ltr'>calce</span> <span class='ocrx_word' id='word_1_165' title='bbox 720 1245 834 1286; x_wconf 80' lang='lat' dir='ltr'>totius</span> <span class='ocrx_word' id='word_1_166' title='bbox 858 1246 985 1300; x_wconf 83' lang='lat' dir='ltr'>operis</span> <span class='ocrx_word' id='word_1_167' title='bbox 1007 1246 1159 1286; x_wconf 82' lang='lat' dir='ltr'>nomina</span> <span class='ocrx_word' id='word_1_168' title='bbox 1181 1247 1497 1302; x_wconf 83' lang='lat' dir='ltr'>subscripsimus,</span> <span class='ocrx_word' id='word_1_169' title='bbox 1526 1249 1654 1289; x_wconf 82' lang='lat' dir='ltr'>cuius-</span> 
     </span>
     <span class='ocr_line' id='line_1_18' title="bbox 120 1313 1650 1370; baseline 0.003 -17"><span class='ocrx_word' id='word_1_170' title='bbox 120 1314 218 1353; x_wconf 82' lang='lat' dir='ltr'>modi</span> <span class='ocrx_word' id='word_1_171' title='bbox 249 1313 287 1353; x_wconf 91' lang='lat' dir='ltr'>in</span> <span class='ocrx_word' id='word_1_172' title='bbox 314 1313 542 1368; x_wconf 80' lang='lat' dir='ltr'>Apostolieo</span> <span class='ocrx_word' id='word_1_173' title='bbox 574 1313 619 1352; x_wconf 82' lang='lat' dir='ltr'>ab</span> <span class='ocrx_word' id='word_1_174' title='bbox 652 1313 726 1353; x_wconf 89' lang='lat' dir='ltr'>illis</span> <span class='ocrx_word' id='word_1_175' title='bbox 753 1314 937 1368; x_wconf 77' lang='lat' dir='ltr'>inscripto</span> <span class='ocrx_word' id='word_1_176' title='bbox 962 1314 1058 1354; x_wconf 87' lang='lat' dir='ltr'>libro</span> <span class='ocrx_word' id='word_1_177' title='bbox 1086 1314 1345 1368; x_wconf 82' lang='lat' dir='ltr'>reperiuntur.</span> <span class='ocrx_word' id='word_1_178' title='bbox 1408 1315 1537 1370; x_wconf 87' lang='lat' dir='ltr'>Atque</span> <span class='ocrx_word' id='word_1_179' title='bbox 1567 1317 1650 1358; x_wconf 83' lang='lat' dir='ltr'>illas</span> 
     </span>
     <span class='ocr_line' id='line_1_19' title="bbox 118 1381 1651 1437; baseline 0.003 -17"><span class='ocrx_word' id='word_1_180' title='bbox 118 1381 221 1435; x_wconf 81' lang='lat' dir='ltr'>ipsus</span> <span class='ocrx_word' id='word_1_181' title='bbox 242 1382 400 1435; x_wconf 85' lang='lat' dir='ltr'>iusuper</span> <span class='ocrx_word' id='word_1_182' title='bbox 422 1382 562 1421; x_wconf 80' lang='lat' dir='ltr'>usitato</span> <span class='ocrx_word' id='word_1_183' title='bbox 588 1381 652 1421; x_wconf 92' lang='lat' dir='ltr'>illo</span> <span class='ocrx_word' id='word_1_184' title='bbox 678 1396 747 1421; x_wconf 90' lang='lat' dir='ltr'>suo</span> <span class='ocrx_word' id='word_1_185' title='bbox 769 1381 911 1435; x_wconf 79' lang='lat' dir='ltr'>flagitio</span> <span class='ocrx_word' id='word_1_186' title='bbox 934 1382 1126 1422; x_wconf 81' lang='lat' dir='ltr'>mutilatas</span> <span class='ocrx_word' id='word_1_187' title='bbox 1152 1383 1370 1437; x_wconf 81' lang='lat' dir='ltr'>proposuit,</span> <span class='ocrx_word' id='word_1_188' title='bbox 1405 1385 1651 1437; x_wconf 81' lang='lat' dir='ltr'>quemadmo-</span> 
     </span>
     <span class='ocr_line' id='line_1_20' title="bbox 118 1448 1650 1506; baseline 0.003 -18"><span class='ocrx_word' id='word_1_189' title='bbox 118 1449 203 1489; x_wconf 87' lang='lat' dir='ltr'>dum</span> <span class='ocrx_word' id='word_1_190' title='bbox 237 1449 273 1489; x_wconf 91' lang='lat' dir='ltr'>in</span> <span class='ocrx_word' id='word_1_191' title='bbox 306 1449 466 1489; x_wconf 75' lang='lat' dir='ltr'>alterum</span> <span class='ocrx_word' id='word_1_192' title='bbox 502 1449 605 1488; x_wconf 87' lang='lat' dir='ltr'>illum</span> <span class='ocrx_word' id='word_1_193' title='bbox 640 1449 799 1499; x_wconf 82' lang='lat' dir='ltr'>librum,</span> <span class='ocrx_word' id='word_1_194' title='bbox 848 1449 906 1489; x_wconf 68' lang='lat' dir='ltr'>oui</span> <span class='ocrx_word' id='word_1_195' title='bbox 939 1448 1157 1503; x_wconf 80' lang='lat' dir='ltr'>Evangelio</span> <span class='ocrx_word' id='word_1_196' title='bbox 1189 1465 1328 1490; x_wconf 90' lang='lat' dir='ltr'>nomeu</span> <span class='ocrx_word' id='word_1_197' title='bbox 1360 1452 1562 1506; x_wconf 84' lang='lat' dir='ltr'>imposuit,</span> <span class='ocrx_word' id='word_1_198' title='bbox 1611 1460 1650 1493; x_wconf 77' lang='lat' dir='ltr'>ut</span> 
     </span>
     <span class='ocr_line' id='line_1_21' title="bbox 116 1516 1650 1572; baseline 0.001 -15"><span class='ocrx_word' id='word_1_199' title='bbox 116 1518 214 1571; x_wconf 82' lang='lat' dir='ltr'>quod</span> <span class='ocrx_word' id='word_1_200' title='bbox 240 1531 303 1558; x_wconf 87' lang='lat' dir='ltr'>res</span> <span class='ocrx_word' id='word_1_201' title='bbox 332 1525 390 1557; x_wconf 84' lang='lat' dir='ltr'>est</span> <span class='ocrx_word' id='word_1_202' title='bbox 418 1516 563 1566; x_wconf 82' lang='lat' dir='ltr'>dicum,</span> <span class='ocrx_word' id='word_1_203' title='bbox 595 1517 768 1570; x_wconf 79' lang='lat' dir='ltr'>germani</span> <span class='ocrx_word' id='word_1_204' title='bbox 797 1517 986 1570; x_wconf 82' lang='lat' dir='ltr'>evangelii</span> <span class='ocrx_word' id='word_1_205' title='bbox 1010 1518 1192 1572; x_wconf 83' lang='lat' dir='ltr'>reliquias</span> <span class='ocrx_word' id='word_1_206' title='bbox 1221 1519 1409 1569; x_wconf 66' lang='lat' dir='ltr'>coniecit,</span> <span class='ocrx_word' id='word_1_207' title='bbox 1443 1534 1486 1561; x_wconf 81' lang='lat' dir='ltr'>ae</span> <span class='ocrx_word' id='word_1_208' title='bbox 1513 1520 1650 1560; x_wconf 87' lang='lat' dir='ltr'>nihilo-</span> 
     </span>
     <span class='ocr_line' id='line_1_22' title="bbox 116 1584 1296 1640; baseline 0.002 -16"><span class='ocrx_word' id='word_1_209' title='bbox 116 1586 240 1626; x_wconf 90' lang='lat' dir='ltr'>minus</span> <span class='ocrx_word' id='word_1_210' title='bbox 272 1592 398 1625; x_wconf 82' lang='lat' dir='ltr'>tamen</span> <span class='ocrx_word' id='word_1_211' title='bbox 430 1584 556 1624; x_wconf 83' lang='lat' dir='ltr'>onmia</span> <span class='ocrx_word' id='word_1_212' title='bbox 590 1585 780 1625; x_wconf 82' lang='lat' dir='ltr'>malitiose</span> <span class='ocrx_word' id='word_1_213' title='bbox 813 1585 1024 1639; x_wconf 84' lang='lat' dir='ltr'>callideque</span> <span class='ocrx_word' id='word_1_214' title='bbox 1056 1586 1296 1640; x_wconf 80' lang='lat' dir='ltr'>depravavit.</span> 
     </span>
    </p>
   </div>
   <div class='ocr_carea' id='block_1_5' title="bbox 112 1721 1848 2048">
    <p class='ocr_par' dir='ltr' id='par_1_7' title="bbox 112 1721 1848 2048">
     <span class='ocr_line' id='line_1_23' title="bbox 242 1721 1532 1763; baseline 0.002 -11"><span class='ocrx_word' id='word_1_215' title='bbox 242 1721 303 1752; x_wconf 90' lang='lat' dir='ltr'>EX</span> <span class='ocrx_word' id='word_1_216' title='bbox 330 1721 540 1753; x_wconf 80' lang='lat' dir='ltr'><strong>EPISTOLA</strong></span> <span class='ocrx_word' id='word_1_217' title='bbox 566 1722 623 1752; x_wconf 87' lang='lat' dir='ltr'>AD</span> <span class='ocrx_word' id='word_1_218' title='bbox 649 1721 878 1760; x_wconf 83' lang='lat' dir='ltr'><strong>ROMANOS,</strong></span> <span class='ocrx_word' id='word_1_219' title='bbox 905 1722 1024 1760; x_wconf 84' lang='lat' dir='ltr'><strong>QUAE</strong></span> <span class='ocrx_word' id='word_1_220' title='bbox 1050 1723 1167 1754; x_wconf 84' lang='lat' dir='ltr'>APUD</span> <span class='ocrx_word' id='word_1_221' title='bbox 1192 1723 1336 1754; x_wconf 76' lang='lat' dir='ltr'>ILLUM</span> <span class='ocrx_word' id='word_1_222' title='bbox 1360 1723 1415 1755; x_wconf 85' lang='lat' dir='ltr'>lv.</span> <span class='ocrx_word' id='word_1_223' title='bbox 1440 1724 1532 1763; x_wconf 90' lang='lat' dir='ltr'>EST,</span> 
     </span>
     <span class='ocr_line' id='line_1_24' title="bbox 683 1777 1071 1810; baseline 0.003 -1"><span class='ocrx_word' id='word_1_224' title='bbox 683 1777 731 1809; x_wconf 89' lang='lat' dir='ltr'>IN</span> <span class='ocrx_word' id='word_1_225' title='bbox 756 1778 1023 1810; x_wconf 79' lang='lat' dir='ltr'>APOSTOLICO</span> <span class='ocrx_word' id='word_1_226' title='bbox 1048 1780 1071 1810; x_wconf 88' lang='grc' dir='ltr'>Ι.</span> 
     </span>
     <span class='ocr_line' id='line_1_25' title="bbox 227 1855 1848 1914; baseline 0.003 -18"><span class='ocrx_word' id='word_1_227' title='bbox 227 1855 258 1896; x_wconf 86' lang='lat' dir='ltr'>l.</span> <span class='ocrx_word' id='word_1_228' title='bbox 304 1859 528 1909; x_wconf 80' lang='lat' dir='ltr'>Quicumque</span> <span class='ocrx_word' id='word_1_229' title='bbox 556 1861 635 1896; x_wconf 83' lang='lat' dir='ltr'>siue</span> <span class='ocrx_word' id='word_1_230' title='bbox 665 1860 746 1909; x_wconf 79' lang='lat' dir='ltr'>lege</span> <span class='ocrx_word' id='word_1_231' title='bbox 770 1866 1038 1909; x_wconf 80' lang='lat' dir='ltr'>peceaverunt,</span> <span class='ocrx_word' id='word_1_232' title='bbox 1084 1862 1164 1898; x_wconf 80' lang='lat' dir='ltr'>sine</span> <span class='ocrx_word' id='word_1_233' title='bbox 1194 1862 1276 1911; x_wconf 77' lang='lat' dir='ltr'>lege</span> <span class='ocrx_word' id='word_1_234' title='bbox 1309 1868 1347 1899; x_wconf 90' lang='lat' dir='ltr'>et</span> <span class='ocrx_word' id='word_1_235' title='bbox 1368 1862 1564 1912; x_wconf 75' lang='lat' dir='ltr'>peribunt,</span> <span class='ocrx_word' id='word_1_236' title='bbox 1610 1870 1647 1901; x_wconf 84' lang='lat' dir='ltr'>et</span> <span class='ocrx_word' id='word_1_237' title='bbox 1664 1877 1749 1906; x_wconf 86' lang='lat' dir='ltr'>Rom.</span> <span class='ocrx_word' id='word_1_238' title='bbox 1763 1879 1789 1914; x_wconf 83' lang='lat'>2,</span> <span class='ocrx_word' id='word_1_239' title='bbox 1807 1879 1848 1907; x_wconf 83' lang='lat'>12.</span> 
     </span>
     <span class='ocr_line' id='line_1_26' title="bbox 113 1928 1643 1977; baseline 0.003 -13"><span class='ocrx_word' id='word_1_240' title='bbox 113 1929 329 1977; x_wconf 78' lang='lat' dir='ltr'>quicumque</span> <span class='ocrx_word' id='word_1_241' title='bbox 359 1928 395 1964; x_wconf 75' lang='lat' dir='ltr'>in</span> <span class='ocrx_word' id='word_1_242' title='bbox 429 1928 510 1977; x_wconf 79' lang='lat' dir='ltr'>lege</span> <span class='ocrx_word' id='word_1_243' title='bbox 535 1934 805 1977; x_wconf 80' lang='lat' dir='ltr'>peccaverunt,</span> <span class='ocrx_word' id='word_1_244' title='bbox 849 1941 921 1977; x_wconf 80' lang='lat' dir='ltr'>per</span> <span class='ocrx_word' id='word_1_245' title='bbox 949 1928 1064 1977; x_wconf 77' lang='lat' dir='ltr'>legem</span> <span class='ocrx_word' id='word_1_246' title='bbox 1091 1929 1368 1966; x_wconf 68' lang='lat' dir='ltr'>iudicabuntur.</span> <span class='ocrx_word' id='word_1_247' title='bbox 1430 1931 1516 1968; x_wconf 85' lang='lat' dir='ltr'>Nou</span> <span class='ocrx_word' id='word_1_248' title='bbox 1549 1933 1643 1969; x_wconf 83' lang='lat' dir='ltr'>euim</span> 
     </span>
     <span class='ocr_line' id='line_1_27' title="bbox 112 1995 1639 2048; baseline 0.003 -17"><span class='ocrx_word' id='word_1_249' title='bbox 112 1996 302 2032; x_wconf 71' lang='lat' dir='ltr'>auditores</span> <span class='ocrx_word' id='word_1_250' title='bbox 325 1995 425 2044; x_wconf 77' lang='lat' dir='ltr'>leges</span> <span class='ocrx_word' id='word_1_251' title='bbox 448 1996 540 2032; x_wconf 78' lang='lat' dir='ltr'>iusti</span> <span class='ocrx_word' id='word_1_252' title='bbox 555 2002 644 2032; x_wconf 81' lang='lat' dir='ltr'>suut</span> <span class='ocrx_word' id='word_1_253' title='bbox 663 1996 763 2045; x_wconf 83' lang='lat' dir='ltr'>opud</span> <span class='ocrx_word' id='word_1_254' title='bbox 783 1996 901 2037; x_wconf 84' lang='lat' dir='ltr'>deum,</span> <span class='ocrx_word' id='word_1_255' title='bbox 936 1997 1002 2033; x_wconf 83' lang='lat' dir='ltr'>secl</span> <span class='ocrx_word' id='word_1_256' title='bbox 1008 1996 1182 2047; x_wconf 80' lang='lat' dir='ltr'>suctores</span> <span class='ocrx_word' id='word_1_257' title='bbox 1204 1998 1298 2047; x_wconf 79' lang='lat' dir='ltr'>legis</span> <span class='ocrx_word' id='word_1_258' title='bbox 1322 1998 1639 2048; x_wconf 70' lang='lat' dir='ltr'>iuslfficobuutur.</span> 
     </span>
    </p>
   </div>
   <div class='ocr_carea' id='block_1_6' title="bbox 106 2128 1794 2320">
    <p class='ocr_par' dir='ltr' id='par_1_8' title="bbox 106 2128 1794 2320">
     <span class='ocr_line' id='line_1_28' title="bbox 223 2128 1794 2182; baseline 0.003 -13"><span class='ocrx_word' id='word_1_259' title='bbox 223 2128 277 2169; x_wconf 87' lang='lat' dir='ltr'>Il.</span> <span class='ocrx_word' id='word_1_260' title='bbox 324 2132 563 2168; x_wconf 78' lang='lat' dir='ltr'>Circumcesio</span> <span class='ocrx_word' id='word_1_261' title='bbox 597 2132 738 2181; x_wconf 83' lang='lat' dir='ltr'>quidem</span> <span class='ocrx_word' id='word_1_262' title='bbox 769 2133 941 2182; x_wconf 82' lang='lat' dir='ltr'>prodest,</span> <span class='ocrx_word' id='word_1_263' title='bbox 988 2134 1026 2170; x_wconf 83' lang='lat' dir='ltr'>si</span> <span class='ocrx_word' id='word_1_264' title='bbox 1053 2133 1169 2182; x_wconf 81' lang='lat' dir='ltr'>legem</span> <span class='ocrx_word' id='word_1_265' title='bbox 1200 2133 1381 2171; x_wconf 74' lang='lat' dir='ltr'>observes.</span> <span class='ocrx_word' id='word_1_266' title='bbox 1446 2136 1494 2172; x_wconf 89' lang='lat' dir='ltr'>Si</span> <span class='ocrx_word' id='word_1_267' title='bbox 1521 2141 1794 2180; x_wconf 72' lang='lat' dir='ltr'>autem1bm,25.</span> 
     </span>
     <span class='ocr_line' id='line_1_29' title="bbox 106 2199 1467 2254; baseline 0.001 -17"><span class='ocrx_word' id='word_1_268' title='bbox 106 2201 389 2250; x_wconf 77' lang='lat' dir='ltr'>praevaricator</span> <span class='ocrx_word' id='word_1_269' title='bbox 419 2199 513 2248; x_wconf 82' lang='lat' dir='ltr'>legis</span> <span class='ocrx_word' id='word_1_270' title='bbox 541 2200 614 2244; x_wconf 83' lang='lat' dir='ltr'>sis,</span> <span class='ocrx_word' id='word_1_271' title='bbox 649 2200 881 2237; x_wconf 70' lang='lat' dir='ltr'>circumcisio</span> <span class='ocrx_word' id='word_1_272' title='bbox 913 2206 975 2238; x_wconf 82' lang='lat' dir='ltr'>tua</span> <span class='ocrx_word' id='word_1_273' title='bbox 1001 2203 1237 2251; x_wconf 77' lang='lat' dir='ltr'>praeputium</span> <span class='ocrx_word' id='word_1_274' title='bbox 1257 2203 1369 2254; x_wconf 80' lang='lat' dir='ltr'>suctu</span> <span class='ocrx_word' id='word_1_275' title='bbox 1399 2209 1467 2239; x_wconf 78' lang='lat' dir='ltr'>est.</span> 
     </span>
     <span class='ocr_line' id='line_1_30' title="bbox 222 2264 1792 2320; baseline 0.003 -15"><span class='ocrx_word' id='word_1_276' title='bbox 222 2264 294 2306; x_wconf 82' lang='grc' dir='ltr'><strong>ΙΙΙ.</strong></span> <span class='ocrx_word' id='word_1_277' title='bbox 338 2266 537 2304; x_wconf 75' lang='lat' dir='ltr'>Habentem</span> <span class='ocrx_word' id='word_1_278' title='bbox 564 2266 722 2315; x_wconf 80' lang='lat' dir='ltr'>formam</span> <span class='ocrx_word' id='word_1_279' title='bbox 752 2269 996 2317; x_wconf 74' lang='lat' dir='ltr'>cognitiones,</span> <span class='ocrx_word' id='word_1_280' title='bbox 1030 2276 1066 2306; x_wconf 79' lang='lat' dir='ltr'>el</span> <span class='ocrx_word' id='word_1_281' title='bbox 1095 2271 1263 2307; x_wconf 74' lang='lat' dir='ltr'>veritatis</span> <span class='ocrx_word' id='word_1_282' title='bbox 1293 2272 1330 2308; x_wconf 79' lang='lat' dir='ltr'>in</span> <span class='ocrx_word' id='word_1_283' title='bbox 1362 2272 1456 2320; x_wconf 80' lang='lat' dir='ltr'>lege.</span> <span class='ocrx_word' id='word_1_284' title='bbox 1660 2286 1734 2315; x_wconf 74' lang='lat' dir='ltr'>ibid.</span> <span class='ocrx_word' id='word_1_285' title='bbox 1751 2289 1792 2316; x_wconf 78' lang='lat'>20.</span> 
     </span>
    </p>
   </div>
   <div class='ocr_carea' id='block_1_7' title="bbox 221 2400 1807 2457">
    <p class='ocr_par' dir='ltr' id='par_1_9' title="bbox 221 2400 1807 2457">
     <span class='ocr_line' id='line_1_31' title="bbox 221 2400 1807 2457; baseline 0.004 -15"><span class='ocrx_word' id='word_1_286' title='bbox 221 2400 294 2442; x_wconf 91' lang='lat' dir='ltr'>lV.</span> <span class='ocrx_word' id='word_1_287' title='bbox 342 2404 477 2441; x_wconf 78' lang='lat' dir='ltr'>Adhuc</span> <span class='ocrx_word' id='word_1_288' title='bbox 498 2405 591 2440; x_wconf 86' lang='lat' dir='ltr'>euim</span> <span class='ocrx_word' id='word_1_289' title='bbox 614 2404 797 2450; x_wconf 76' lang='lat' dir='ltr'>Christus,</span> <span class='ocrx_word' id='word_1_290' title='bbox 832 2418 912 2442; x_wconf 84' lang='lat' dir='ltr'>eum</span> <span class='ocrx_word' id='word_1_291' title='bbox 933 2406 1053 2443; x_wconf 78' lang='lat' dir='ltr'>adhuc</span> <span class='ocrx_word' id='word_1_292' title='bbox 1073 2407 1217 2455; x_wconf 80' lang='lat' dir='ltr'>infirmi</span> <span class='ocrx_word' id='word_1_293' title='bbox 1233 2420 1406 2453; x_wconf 87' lang='lat' dir='ltr'>essemus,</span> <span class='ocrx_word' id='word_1_294' title='bbox 1439 2409 1637 2446; x_wconf 80' lang='lat' dir='ltr'>secuudum</span> <span class='ocrx_word' id='word_1_295' title='bbox 1658 2419 1730 2457; x_wconf 83' lang='lat' dir='ltr'>cap.</span> <span class='ocrx_word' id='word_1_296' title='bbox 1743 2422 1769 2453; x_wconf 86' lang='lat'>5,</span> <span class='ocrx_word' id='word_1_297' title='bbox 1783 2423 1807 2449; x_wconf 83' lang='lat'>6.</span> 
     </span>
    </p>
   </div>
   <div class='ocr_carea' id='block_1_8' title="bbox 113 2473 1822 2594">
    <p class='ocr_par' dir='ltr' id='par_1_10' title="bbox 113 2473 1822 2594">
     <span class='ocr_line' id='line_1_32' title="bbox 113 2473 816 2522; baseline 0 -13"><span class='ocrx_word' id='word_1_298' title='bbox 113 2478 271 2522; x_wconf 77' lang='lat' dir='ltr'>tempus,</span> <span class='ocrx_word' id='word_1_299' title='bbox 301 2485 374 2522; x_wconf 81' lang='lat' dir='ltr'>pro</span> <span class='ocrx_word' id='word_1_300' title='bbox 405 2473 525 2521; x_wconf 83' lang='lat' dir='ltr'>impiis</span> <span class='ocrx_word' id='word_1_301' title='bbox 556 2477 722 2509; x_wconf 84' lang='lat' dir='ltr'>mortuus</span> <span class='ocrx_word' id='word_1_302' title='bbox 752 2478 816 2510; x_wconf 81' lang='lat' dir='ltr'>est.</span> 
     </span>
     <span class='ocr_line' id='line_1_33' title="bbox 223 2536 1822 2594; baseline 0.004 -16"><span class='ocrx_word' id='word_1_303' title='bbox 223 2536 273 2578; x_wconf 88' lang='lat' dir='ltr'>V.</span> <span class='ocrx_word' id='word_1_304' title='bbox 324 2540 423 2577; x_wconf 81' lang='lat' dir='ltr'>Unde</span> <span class='ocrx_word' id='word_1_305' title='bbox 453 2540 514 2576; x_wconf 57' lang='lat' dir='ltr'>lem</span> <span class='ocrx_word' id='word_1_306' title='bbox 541 2540 682 2589; x_wconf 84' lang='lat' dir='ltr'>quidem</span> <span class='ocrx_word' id='word_1_307' title='bbox 707 2546 857 2585; x_wconf 76' lang='lat' dir='ltr'>sancta,</span> <span class='ocrx_word' id='word_1_308' title='bbox 904 2548 942 2578; x_wconf 84' lang='lat' dir='ltr'>et</span> <span class='ocrx_word' id='word_1_309' title='bbox 967 2544 1176 2580; x_wconf 79' lang='lat' dir='ltr'>mundatum</span> <span class='ocrx_word' id='word_1_310' title='bbox 1203 2549 1393 2590; x_wconf 82' lang='lat' dir='ltr'>sanctum,</span> <span class='ocrx_word' id='word_1_311' title='bbox 1439 2551 1477 2582; x_wconf 87' lang='lat' dir='ltr'>et</span> <span class='ocrx_word' id='word_1_312' title='bbox 1501 2546 1636 2584; x_wconf 86' lang='lat' dir='ltr'>iustum</span> <span class='ocrx_word' id='word_1_313' title='bbox 1657 2557 1766 2594; x_wconf 55' lang='lat' dir='ltr'>Capsa</span> <span class='ocrx_word' id='word_1_314' title='bbox 1784 2560 1822 2587; x_wconf 83' lang='lat'>12.</span> 
     </span>
    </p>
   </div>
   <div class='ocr_carea' id='block_1_9' title="bbox 110 2607 1804 2731">
    <p class='ocr_par' dir='ltr' id='par_1_11' title="bbox 110 2607 1804 2731">
     <span class='ocr_line' id='line_1_34' title="bbox 110 2607 319 2645; baseline -0.005 -1"><span class='ocrx_word' id='word_1_315' title='bbox 110 2613 146 2644; x_wconf 81' lang='lat' dir='ltr'>et</span> <span class='ocrx_word' id='word_1_316' title='bbox 175 2607 319 2645; x_wconf 85' lang='lat' dir='ltr'>bonum.</span> 
     </span>
     <span class='ocr_line' id='line_1_35' title="bbox 224 2671 1804 2731; baseline 0.007 -20"><span class='ocrx_word' id='word_1_317' title='bbox 224 2671 294 2713; x_wconf 86' lang='lat' dir='ltr'>Vl.</span> <span class='ocrx_word' id='word_1_318' title='bbox 344 2676 391 2712; x_wconf 77' lang='lat' dir='ltr'>Ut</span> <span class='ocrx_word' id='word_1_319' title='bbox 419 2674 634 2724; x_wconf 53' lang='lat' dir='ltr'>&amp;sificatio</span> <span class='ocrx_word' id='word_1_320' title='bbox 665 2676 760 2725; x_wconf 79' lang='lat' dir='ltr'>legis</span> <span class='ocrx_word' id='word_1_321' title='bbox 789 2678 986 2727; x_wconf 77' lang='lat' dir='ltr'>impleatur</span> <span class='ocrx_word' id='word_1_322' title='bbox 1017 2680 1054 2716; x_wconf 81' lang='lat' dir='ltr'>iu</span> <span class='ocrx_word' id='word_1_323' title='bbox 1085 2678 1202 2716; x_wconf 79' lang='lat' dir='ltr'>uobis.</span> <span class='ocrx_word' id='word_1_324' title='bbox 1657 2694 1804 2731; x_wconf 69' lang='lat' dir='ltr'>Cap.8‚4.</span> 
     </span>
    </p>
   </div>
   <div class='ocr_carea' id='block_1_10' title="bbox 110 2842 1635 2930">
    <p class='ocr_par' dir='ltr' id='par_1_12' title="bbox 110 2842 1635 2930">
     <span class='ocr_line' id='line_1_36' title="bbox 111 2842 1635 2890; baseline 0.007 -19"><span class='ocrx_word' id='word_1_325' title='bbox 111 2847 185 2883; x_wconf 83' lang='lat' dir='ltr'>post</span> <span class='ocrx_word' id='word_1_326' title='bbox 215 2853 293 2874; x_wconf 84' lang='lat' dir='ltr'>vero</span> <span class='ocrx_word' id='word_1_327' title='bbox 317 2843 405 2874; x_wconf 80' lang='lat' dir='ltr'>Ilum·</span> <span class='ocrx_word' id='word_1_328' title='bbox 433 2843 531 2874; x_wconf 80' lang='lat' dir='ltr'>habet</span> <span class='ocrx_word' id='word_1_329' title='bbox 555 2842 703 2881; x_wconf 56' lang='lat' dir='ltr'>xxix„</span> <span class='ocrx_word' id='word_1_330' title='bbox 740 2850 773 2874; x_wconf 89' lang='lat' dir='ltr'>et</span> <span class='ocrx_word' id='word_1_331' title='bbox 803 2844 849 2875; x_wconf 89' lang='lat' dir='ltr'>sic</span> <span class='ocrx_word' id='word_1_332' title='bbox 894 2846 1043 2883; x_wconf 79' lang='lat' dir='ltr'>XXX1.‚</span> <span class='ocrx_word' id='word_1_333' title='bbox 1074 2858 1174 2890; x_wconf 84' lang='lat' dir='ltr'>usque</span> <span class='ocrx_word' id='word_1_334' title='bbox 1196 2846 1238 2878; x_wconf 87' lang='lat' dir='ltr'>ad</span> <span class='ocrx_word' id='word_1_335' title='bbox 1262 2846 1435 2890; x_wconf 80' lang='lat' dir='ltr'>epistolam</span> <span class='ocrx_word' id='word_1_336' title='bbox 1459 2847 1500 2880; x_wconf 76' lang='lat' dir='ltr'>ad</span> <span class='ocrx_word' id='word_1_337' title='bbox 1526 2849 1635 2882; x_wconf 82' lang='lat' dir='ltr'>Phile-</span> 
     </span>
     <span class='ocr_line' id='line_1_37' title="bbox 110 2886 1058 2930; baseline 0.008 -14"><span class='ocrx_word' id='word_1_338' title='bbox 110 2886 263 2930; x_wconf 81' lang='lat' dir='ltr'>deinceps</span> <span class='ocrx_word' id='word_1_339' title='bbox 283 2894 359 2930; x_wconf 85' lang='lat' dir='ltr'>post</span> <span class='ocrx_word' id='word_1_340' title='bbox 374 2889 479 2919; x_wconf 78' lang='lat' dir='ltr'>[llum.</span> <span class='ocrx_word' id='word_1_341' title='bbox 504 2888 631 2926; x_wconf 78' lang='lat' dir='ltr'>XXX.,</span> <span class='ocrx_word' id='word_1_342' title='bbox 653 2894 728 2930; x_wconf 84' lang='lat' dir='ltr'>post</span> <span class='ocrx_word' id='word_1_343' title='bbox 746 2889 848 2920; x_wconf 80' lang='lat' dir='ltr'>qum·</span> <span class='ocrx_word' id='word_1_344' title='bbox 893 2896 1058 2923; x_wconf 58' lang='lat' dir='ltr'>monemf*</span> 
     </span>
    </p>
   </div>
  </div>
 </body>
</html>
