<?xml version="1.0" encoding="UTF-8"?>
<!DOCTYPE html PUBLIC "-//W3C//DTD XHTML 1.0 Transitional//EN"
    "http://www.w3.org/TR/xhtml1/DTD/xhtml1-transitional.dtd">
<html xmlns="http://www.w3.org/1999/xhtml" xml:lang="en" lang="en">
 <head>
  <title>
</title>
<meta http-equiv="Content-Type" content="text/html;charset=utf-8" />
  <meta name='ocr-system' content='tesseract 3.04.00' />
  <meta name='ocr-capabilities' content='ocr_page ocr_carea ocr_par ocr_line ocrx_word'/>
</head>
<body>
  <div class='ocr_page' id='page_1' title='image "./p1corporishaereseo02epipuoft/p1corporishaereseo02epipuoft_0151.png"; bbox 0 0 2034 3267; ppageno 0'>
   <div class='ocr_carea' id='block_1_1' title="bbox 430 203 1632 242">
    <p class='ocr_par' dir='ltr' id='par_1_1' title="bbox 430 203 1632 242">
     <span class='ocr_line' id='line_1_1' title="bbox 430 203 1632 242; baseline 0.002 -3"><span class='ocrx_word' id='word_1_1' title='bbox 430 207 604 239; x_wconf 70' lang='lat' dir='ltr'>PANARH</span> <span class='ocrx_word' id='word_1_2' title='bbox 632 209 728 239; x_wconf 69' lang='lat' dir='ltr'><strong>ADV.</strong></span> <span class='ocrx_word' id='word_1_3' title='bbox 754 208 976 239; x_wconf 74' lang='lat' dir='ltr'>HAERESES</span> <span class='ocrx_word' id='word_1_4' title='bbox 1002 208 1082 241; x_wconf 87' lang='lat' dir='ltr'>LIB.</span> <span class='ocrx_word' id='word_1_5' title='bbox 1105 210 1127 240; x_wconf 87' lang='lat'>1.</span> <span class='ocrx_word' id='word_1_6' title='bbox 1153 210 1256 242; x_wconf 84' lang='lat' dir='ltr'>ToM.</span> <span class='ocrx_word' id='word_1_7' title='bbox 1275 210 1316 241; x_wconf 84' lang='lat'>11.</span> <span class='ocrx_word' id='word_1_8' title='bbox 1556 203 1632 242; x_wconf 80' lang='lat'>139</span> 
     </span>
    </p>
   </div>
   <div class='ocr_carea' id='block_1_2' title="bbox 106 284 1831 2899">
    <p class='ocr_par' dir='ltr' id='par_1_2' title="bbox 106 284 1831 2899">
     <span class='ocr_line' id='line_1_2' title="bbox 119 284 1632 342; baseline 0.003 -17"><span class='ocrx_word' id='word_1_9' title='bbox 119 284 298 338; x_wconf 72' lang='lat' dir='ltr'>exprimit</span> <span class='ocrx_word' id='word_1_10' title='bbox 323 298 389 337; x_wconf 92' lang='lat' dir='ltr'>per</span> <span class='ocrx_word' id='word_1_11' title='bbox 411 299 518 338; x_wconf 81' lang='lat' dir='ltr'>quam</span> <span class='ocrx_word' id='word_1_12' title='bbox 543 300 635 339; x_wconf 87' lang='lat' dir='ltr'>opus</span> <span class='ocrx_word' id='word_1_13' title='bbox 658 285 778 338; x_wconf 87' lang='lat' dir='ltr'>ipsum</span> <span class='ocrx_word' id='word_1_14' title='bbox 804 287 984 336; x_wconf 75' lang='lat' dir='ltr'>efficitur3</span> <span class='ocrx_word' id='word_1_15' title='bbox 1016 288 1328 340; x_wconf 76' lang='lat' dir='ltr'>quemadmodum</span> <span class='ocrx_word' id='word_1_16' title='bbox 1353 287 1533 342; x_wconf 89' lang='lat' dir='ltr'>scriptum</span> <span class='ocrx_word' id='word_1_17' title='bbox 1557 297 1632 340; x_wconf 88' lang='lat' dir='ltr'>est,</span> 
     </span>
     <span class='ocr_line' id='line_1_3' title="bbox 119 353 1831 408; baseline 0.005 -19"><span class='ocrx_word' id='word_1_18' title='bbox 119 354 216 390; x_wconf 78' lang='lat' dir='ltr'>Num</span> <span class='ocrx_word' id='word_1_19' title='bbox 236 353 466 403; x_wconf 72' lang='lat' dir='ltr'>gloriabitur·</span> <span class='ocrx_word' id='word_1_20' title='bbox 493 367 598 391; x_wconf 73' lang='lat' dir='ltr'>Serra</span> <span class='ocrx_word' id='word_1_21' title='bbox 623 357 702 392; x_wconf 71' lang='lat' dir='ltr'>sine</span> <span class='ocrx_word' id='word_1_22' title='bbox 725 356 892 392; x_wconf 75' lang='lat' dir='ltr'>trahente</span> <span class='ocrx_word' id='word_1_23' title='bbox 915 357 1027 405; x_wconf 65' lang='lat' dir='ltr'>zpsam</span> <span class='ocrx_word' id='word_1_24' title='bbox 1041 360 1060 393; x_wconf 65' lang='lat'>:2</span> <span class='ocrx_word' id='word_1_25' title='bbox 1089 362 1164 394; x_wconf 88' lang='lat' dir='ltr'>etc.</span> <span class='ocrx_word' id='word_1_26' title='bbox 1224 354 1353 408; x_wconf 78' lang='lat' dir='ltr'>Atque</span> <span class='ocrx_word' id='word_1_27' title='bbox 1377 356 1447 396; x_wconf 88' lang='lat' dir='ltr'>hoc</span> <span class='ocrx_word' id='word_1_28' title='bbox 1470 357 1633 397; x_wconf 79' lang='lat' dir='ltr'>caeteris</span> <span class='ocrx_word' id='word_1_29' title='bbox 1649 363 1730 390; x_wconf 75' lang='lat' dir='ltr'>Esai.</span> <span class='ocrx_word' id='word_1_30' title='bbox 1744 364 1781 398; x_wconf 68' lang='lat'>10,</span> <span class='ocrx_word' id='word_1_31' title='bbox 1794 364 1831 390; x_wconf 83' lang='lat'>15.</span> 
     </span>
     <span class='ocr_line' id='line_1_4' title="bbox 117 418 1634 474; baseline 0.005 -17"><span class='ocrx_word' id='word_1_32' title='bbox 117 418 155 458; x_wconf 89' lang='lat' dir='ltr'>in</span> <span class='ocrx_word' id='word_1_33' title='bbox 181 418 296 458; x_wconf 91' lang='lat' dir='ltr'>rebus</span> <span class='ocrx_word' id='word_1_34' title='bbox 321 418 372 458; x_wconf 84' lang='lat' dir='ltr'>ita</span> <span class='ocrx_word' id='word_1_35' title='bbox 395 432 481 458; x_wconf 89' lang='lat' dir='ltr'>sese</span> <span class='ocrx_word' id='word_1_36' title='bbox 505 419 646 459; x_wconf 79' lang='lat' dir='ltr'>habere</span> <span class='ocrx_word' id='word_1_37' title='bbox 668 421 874 459; x_wconf 84' lang='lat' dir='ltr'>cernimus.</span> <span class='ocrx_word' id='word_1_38' title='bbox 934 419 1073 474; x_wconf 84' lang='lat' dir='ltr'><strong>Neque</strong></span> <span class='ocrx_word' id='word_1_39' title='bbox 1094 423 1192 461; x_wconf 91' lang='lat' dir='ltr'>enim</span> <span class='ocrx_word' id='word_1_40' title='bbox 1215 422 1362 474; x_wconf 81' lang='lat' dir='ltr'>gladius</span> <span class='ocrx_word' id='word_1_41' title='bbox 1387 437 1521 464; x_wconf 83' lang='lat' dir='ltr'>caussa</span> <span class='ocrx_word' id='word_1_42' title='bbox 1546 438 1634 464; x_wconf 86' lang='lat' dir='ltr'>cae-</span> 
     </span>
     <span class='ocr_line' id='line_1_5' title="bbox 118 486 1634 544; baseline 0.004 -19"><span class='ocrx_word' id='word_1_43' title='bbox 118 486 174 526; x_wconf 91' lang='lat' dir='ltr'>dis</span> <span class='ocrx_word' id='word_1_44' title='bbox 203 492 283 536; x_wconf 88' lang='lat' dir='ltr'>est,</span> <span class='ocrx_word' id='word_1_45' title='bbox 330 487 395 526; x_wconf 90' lang='lat' dir='ltr'>sed</span> <span class='ocrx_word' id='word_1_46' title='bbox 424 487 456 526; x_wconf 91' lang='lat' dir='ltr'>is</span> <span class='ocrx_word' id='word_1_47' title='bbox 488 487 548 540; x_wconf 89' lang='lat' dir='ltr'>qui</span> <span class='ocrx_word' id='word_1_48' title='bbox 580 487 703 540; x_wconf 86' lang='lat' dir='ltr'>gladio</span> <span class='ocrx_word' id='word_1_49' title='bbox 734 486 777 525; x_wconf 84' lang='lat' dir='ltr'>ad</span> <span class='ocrx_word' id='word_1_50' title='bbox 807 488 1095 539; x_wconf 77' lang='lat' dir='ltr'>perpetrandam</span> <span class='ocrx_word' id='word_1_51' title='bbox 1121 489 1275 529; x_wconf 90' lang='lat' dir='ltr'>caedem</span> <span class='ocrx_word' id='word_1_52' title='bbox 1303 490 1434 530; x_wconf 89' lang='lat' dir='ltr'>utitur.</span> <span class='ocrx_word' id='word_1_53' title='bbox 1493 489 1634 544; x_wconf 88' lang='lat' dir='ltr'>Neque</span> 
     </span>
     <span class='ocr_line' id='line_1_6' title="bbox 117 553 1634 611; baseline 0.003 -18"><span class='ocrx_word' id='word_1_54' title='bbox 117 567 314 593; x_wconf 82' lang='lat' dir='ltr'>ocrearum</span> <span class='ocrx_word' id='word_1_55' title='bbox 345 553 550 606; x_wconf 78' lang='lat' dir='ltr'>imaginum</span> <span class='ocrx_word' id='word_1_56' title='bbox 582 560 693 608; x_wconf 84' lang='lat' dir='ltr'>typus</span> <span class='ocrx_word' id='word_1_57' title='bbox 725 565 820 605; x_wconf 88' lang='lat' dir='ltr'>quae</span> <span class='ocrx_word' id='word_1_58' title='bbox 848 553 1040 604; x_wconf 84' lang='lat' dir='ltr'>finguntur</span> <span class='ocrx_word' id='word_1_59' title='bbox 1064 568 1131 607; x_wconf 90' lang='lat' dir='ltr'>per</span> <span class='ocrx_word' id='word_1_60' title='bbox 1161 569 1202 594; x_wconf 93' lang='lat' dir='ltr'>se</span> <span class='ocrx_word' id='word_1_61' title='bbox 1228 557 1350 596; x_wconf 89' lang='lat' dir='ltr'>moliri</span> <span class='ocrx_word' id='word_1_62' title='bbox 1378 564 1524 611; x_wconf 85' lang='lat' dir='ltr'>potest,</span> <span class='ocrx_word' id='word_1_63' title='bbox 1565 558 1634 598; x_wconf 83' lang='lat' dir='ltr'>sed</span> 
     </span>
     <span class='ocr_line' id='line_1_7' title="bbox 117 620 1632 677; baseline 0.003 -17"><span class='ocrx_word' id='word_1_64' title='bbox 117 620 150 660; x_wconf 87' lang='lat' dir='ltr'>is</span> <span class='ocrx_word' id='word_1_65' title='bbox 176 620 330 660; x_wconf 89' lang='lat' dir='ltr'>omnino</span> <span class='ocrx_word' id='word_1_66' title='bbox 355 622 416 674; x_wconf 90' lang='lat' dir='ltr'>qui</span> <span class='ocrx_word' id='word_1_67' title='bbox 438 628 476 660; x_wconf 93' lang='lat' dir='ltr'>et</span> <span class='ocrx_word' id='word_1_68' title='bbox 499 628 625 675; x_wconf 88' lang='lat' dir='ltr'>typum</span> <span class='ocrx_word' id='word_1_69' title='bbox 650 620 771 672; x_wconf 90' lang='lat' dir='ltr'>ipsum</span> <span class='ocrx_word' id='word_1_70' title='bbox 798 625 836 657; x_wconf 87' lang='lat' dir='ltr'>et</span> <span class='ocrx_word' id='word_1_71' title='bbox 858 632 1084 672; x_wconf 82' lang='lat' dir='ltr'>expressam</span> <span class='ocrx_word' id='word_1_72' title='bbox 1107 621 1311 675; x_wconf 80' lang='lat' dir='ltr'>imaginem</span> <span class='ocrx_word' id='word_1_73' title='bbox 1337 625 1440 664; x_wconf 81' lang='lat' dir='ltr'>fecit.</span> <span class='ocrx_word' id='word_1_74' title='bbox 1503 623 1632 677; x_wconf 81' lang='lat' dir='ltr'>Quare</span> 
     </span>
     <span class='ocr_line' id='line_1_8' title="bbox 117 685 1633 742; baseline 0.003 -15"><span class='ocrx_word' id='word_1_75' title='bbox 117 702 193 728; x_wconf 90' lang='lat' dir='ltr'>non</span> <span class='ocrx_word' id='word_1_76' title='bbox 219 687 360 740; x_wconf 87' lang='lat' dir='ltr'>Angeli</span> <span class='ocrx_word' id='word_1_77' title='bbox 388 688 480 742; x_wconf 88' lang='lat' dir='ltr'>ipsi,</span> <span class='ocrx_word' id='word_1_78' title='bbox 521 687 586 727; x_wconf 90' lang='lat' dir='ltr'>sed</span> <span class='ocrx_word' id='word_1_79' title='bbox 614 685 677 738; x_wconf 89' lang='lat' dir='ltr'>qui</span> <span class='ocrx_word' id='word_1_80' title='bbox 705 685 878 738; x_wconf 78' lang='lat' dir='ltr'>Angelos</span> <span class='ocrx_word' id='word_1_81' title='bbox 907 687 1109 739; x_wconf 78' lang='lat' dir='ltr'>produxit,</span> <span class='ocrx_word' id='word_1_82' title='bbox 1151 689 1313 729; x_wconf 87' lang='lat' dir='ltr'>hominis</span> <span class='ocrx_word' id='word_1_83' title='bbox 1338 704 1473 732; x_wconf 83' lang='lat' dir='ltr'>caussa</span> <span class='ocrx_word' id='word_1_84' title='bbox 1498 705 1633 732; x_wconf 88' lang='lat' dir='ltr'>cense-</span> 
     </span>
     <span class='ocr_line' id='line_1_9' title="bbox 119 753 1634 799; baseline 0.003 -5"><span class='ocrx_word' id='word_1_85' title='bbox 119 762 193 799; x_wconf 82' lang='lat' dir='ltr'>tur,</span> <span class='ocrx_word' id='word_1_86' title='bbox 226 755 373 794; x_wconf 84' lang='lat' dir='ltr'>tametsi</span> <span class='ocrx_word' id='word_1_87' title='bbox 399 769 445 794; x_wconf 88' lang='lat' dir='ltr'>ne</span> <span class='ocrx_word' id='word_1_88' title='bbox 470 753 658 793; x_wconf 86' lang='lat' dir='ltr'>hominem</span> <span class='ocrx_word' id='word_1_89' title='bbox 682 753 894 792; x_wconf 87' lang='lat' dir='ltr'>conderent</span> <span class='ocrx_word' id='word_1_90' title='bbox 917 753 990 792; x_wconf 92' lang='lat' dir='ltr'>illis</span> <span class='ocrx_word' id='word_1_91' title='bbox 1015 753 1276 795; x_wconf 75' lang='lat' dir='ltr'>interdixerit.</span> <span class='ocrx_word' id='word_1_92' title='bbox 1335 756 1437 797; x_wconf 84' lang='lat' dir='ltr'>Nam</span> <span class='ocrx_word' id='word_1_93' title='bbox 1460 759 1521 798; x_wconf 89' lang='lat' dir='ltr'>vel</span> <span class='ocrx_word' id='word_1_94' title='bbox 1544 773 1634 799; x_wconf 90' lang='lat' dir='ltr'>coe-</span> 
     </span>
     <span class='ocr_line' id='line_1_10' title="bbox 118 819 1632 876; baseline 0.003 -15"><span class='ocrx_word' id='word_1_95' title='bbox 118 822 204 862; x_wconf 90' lang='lat' dir='ltr'>lesti</span> <span class='ocrx_word' id='word_1_96' title='bbox 231 821 373 862; x_wconf 80' lang='lat' dir='ltr'>Virtuti</span> <span class='ocrx_word' id='word_1_97' title='bbox 404 820 588 860; x_wconf 85' lang='lat' dir='ltr'>inscitiam</span> <span class='ocrx_word' id='word_1_98' title='bbox 619 832 663 858; x_wconf 86' lang='lat' dir='ltr'>ac</span> <span class='ocrx_word' id='word_1_99' title='bbox 694 819 907 859; x_wconf 86' lang='lat' dir='ltr'>suturarum</span> <span class='ocrx_word' id='word_1_100' title='bbox 939 833 1065 860; x_wconf 90' lang='lat' dir='ltr'>rerum</span> <span class='ocrx_word' id='word_1_101' title='bbox 1097 835 1195 874; x_wconf 88' lang='lat' dir='ltr'>quae</span> <span class='ocrx_word' id='word_1_102' title='bbox 1222 830 1376 876; x_wconf 87' lang='lat' dir='ltr'>praeter</span> <span class='ocrx_word' id='word_1_103' title='bbox 1400 825 1632 866; x_wconf 85' lang='lat' dir='ltr'>voluntatem</span> 
     </span>
     <span class='ocr_line' id='line_1_11' title="bbox 118 886 1632 944; baseline 0.002 -15"><span class='ocrx_word' id='word_1_104' title='bbox 118 903 223 929; x_wconf 86' lang='lat' dir='ltr'>suam</span> <span class='ocrx_word' id='word_1_105' title='bbox 248 888 497 943; x_wconf 84' lang='lat' dir='ltr'>perficiendae</span> <span class='ocrx_word' id='word_1_106' title='bbox 518 893 607 926; x_wconf 91' lang='lat' dir='ltr'>sunt</span> <span class='ocrx_word' id='word_1_107' title='bbox 630 886 884 939; x_wconf 75' lang='lat' dir='ltr'>ignorantiam</span> <span class='ocrx_word' id='word_1_108' title='bbox 911 887 1117 938; x_wconf 82' lang='lat' dir='ltr'>adscribit,</span> <span class='ocrx_word' id='word_1_109' title='bbox 1151 896 1214 929; x_wconf 86' lang='lat' dir='ltr'>aut</span> <span class='ocrx_word' id='word_1_110' title='bbox 1236 903 1319 929; x_wconf 88' lang='lat' dir='ltr'>eam</span> <span class='ocrx_word' id='word_1_111' title='bbox 1345 891 1495 944; x_wconf 83' lang='lat' dir='ltr'>propria</span> <span class='ocrx_word' id='word_1_112' title='bbox 1517 893 1632 932; x_wconf 86' lang='lat' dir='ltr'>animi</span> 
     </span>
     <span class='ocr_line' id='line_1_12' title="bbox 118 952 1633 1012; baseline 0.003 -17"><span class='ocrx_word' id='word_1_113' title='bbox 118 956 334 996; x_wconf 81' lang='lat' dir='ltr'>inductione</span> <span class='ocrx_word' id='word_1_114' title='bbox 365 961 469 1009; x_wconf 88' lang='lat' dir='ltr'>putat</span> <span class='ocrx_word' id='word_1_115' title='bbox 492 952 666 1005; x_wconf 87' lang='lat' dir='ltr'>Angelos</span> <span class='ocrx_word' id='word_1_116' title='bbox 689 967 938 1006; x_wconf 83' lang='lat' dir='ltr'>procreasse,</span> <span class='ocrx_word' id='word_1_117' title='bbox 982 955 1080 1007; x_wconf 90' lang='lat' dir='ltr'>quod</span> <span class='ocrx_word' id='word_1_118' title='bbox 1110 955 1179 995; x_wconf 89' lang='lat' dir='ltr'>hoc</span> <span class='ocrx_word' id='word_1_119' title='bbox 1205 956 1326 1010; x_wconf 89' lang='lat' dir='ltr'>ipsum</span> <span class='ocrx_word' id='word_1_120' title='bbox 1351 958 1396 997; x_wconf 86' lang='lat' dir='ltr'>ad</span> <span class='ocrx_word' id='word_1_121' title='bbox 1421 959 1633 1012; x_wconf 90' lang='lat' dir='ltr'>producen-</span> 
     </span>
     <span class='ocr_line' id='line_1_13' title="bbox 118 1020 1632 1079; baseline 0.001 -15"><span class='ocrx_word' id='word_1_122' title='bbox 118 1024 202 1064; x_wconf 90' lang='lat' dir='ltr'>dum</span> <span class='ocrx_word' id='word_1_123' title='bbox 236 1022 422 1062; x_wconf 92' lang='lat' dir='ltr'>hominem</span> <span class='ocrx_word' id='word_1_124' title='bbox 451 1020 543 1060; x_wconf 88' lang='lat' dir='ltr'>utile</span> <span class='ocrx_word' id='word_1_125' title='bbox 576 1021 675 1060; x_wconf 84' lang='lat' dir='ltr'>foret</span> <span class='ocrx_word' id='word_1_126' title='bbox 705 1035 814 1073; x_wconf 89' lang='lat' dir='ltr'>quem</span> <span class='ocrx_word' id='word_1_127' title='bbox 851 1022 1018 1061; x_wconf 82' lang='lat' dir='ltr'>formare</span> <span class='ocrx_word' id='word_1_128' title='bbox 1052 1030 1231 1076; x_wconf 87' lang='lat' dir='ltr'>cuperet,</span> <span class='ocrx_word' id='word_1_129' title='bbox 1276 1039 1358 1064; x_wconf 92' lang='lat' dir='ltr'>cum</span> <span class='ocrx_word' id='word_1_130' title='bbox 1393 1032 1430 1065; x_wconf 85' lang='lat' dir='ltr'>et</span> <span class='ocrx_word' id='word_1_131' title='bbox 1459 1026 1632 1079; x_wconf 82' lang='lat' dir='ltr'>Angelos</span> 
     </span>
     <span class='ocr_line' id='line_1_14' title="bbox 119 1087 1632 1143; baseline 0.002 -13"><span class='ocrx_word' id='word_1_132' title='bbox 119 1090 371 1138; x_wconf 81' lang='lat' dir='ltr'>condidisset,</span> <span class='ocrx_word' id='word_1_133' title='bbox 414 1101 484 1127; x_wconf 81' lang='lat' dir='ltr'>nec</span> <span class='ocrx_word' id='word_1_134' title='bbox 515 1101 583 1127; x_wconf 85' lang='lat' dir='ltr'>eos</span> <span class='ocrx_word' id='word_1_135' title='bbox 610 1087 868 1141; x_wconf 87' lang='lat' dir='ltr'>prohibuisset</span> <span class='ocrx_word' id='word_1_136' title='bbox 899 1103 992 1143; x_wconf 90' lang='lat' dir='ltr'>opus</span> <span class='ocrx_word' id='word_1_137' title='bbox 1012 1090 1221 1141; x_wconf 84' lang='lat' dir='ltr'>eiusmodi,</span> <span class='ocrx_word' id='word_1_138' title='bbox 1266 1091 1442 1132; x_wconf 88' lang='lat' dir='ltr'>nimirum</span> <span class='ocrx_word' id='word_1_139' title='bbox 1469 1092 1632 1133; x_wconf 88' lang='lat' dir='ltr'>hominis</span> 
     </span>
     <span class='ocr_line' id='line_1_15' title="bbox 119 1155 1628 1208; baseline 0.001 -10"><span class='ocrx_word' id='word_1_140' title='bbox 119 1157 371 1204; x_wconf 86' lang='lat' dir='ltr'>molitionem,</span> <span class='ocrx_word' id='word_1_141' title='bbox 405 1155 583 1207; x_wconf 85' lang='lat' dir='ltr'>aggredi,</span> <span class='ocrx_word' id='word_1_142' title='bbox 616 1155 653 1194; x_wconf 91' lang='lat' dir='ltr'>id</span> <span class='ocrx_word' id='word_1_143' title='bbox 679 1155 776 1208; x_wconf 89' lang='lat' dir='ltr'>quod</span> <span class='ocrx_word' id='word_1_144' title='bbox 803 1156 1015 1196; x_wconf 80' lang='lat' dir='ltr'>fabulosum</span> <span class='ocrx_word' id='word_1_145' title='bbox 1042 1158 1191 1197; x_wconf 91' lang='lat' dir='ltr'>illorum</span> <span class='ocrx_word' id='word_1_146' title='bbox 1216 1159 1415 1199; x_wconf 83' lang='lat' dir='ltr'>artificium</span> <span class='ocrx_word' id='word_1_147' title='bbox 1442 1161 1628 1200; x_wconf 85' lang='lat' dir='ltr'>continet.</span> 
     </span>
     <span class='ocr_line' id='line_1_16' title="bbox 227 1221 1809 1280; baseline 0.004 -19"><span class='ocrx_word' id='word_1_148' title='bbox 227 1221 482 1274; x_wconf 79' lang='lat' dir='ltr'>Quamobrem</span> <span class='ocrx_word' id='word_1_149' title='bbox 517 1236 666 1261; x_wconf 91' lang='lat' dir='ltr'>rursum</span> <span class='ocrx_word' id='word_1_150' title='bbox 700 1224 744 1262; x_wconf 83' lang='lat' dir='ltr'>(le</span> <span class='ocrx_word' id='word_1_151' title='bbox 784 1223 992 1263; x_wconf 82' lang='lat' dir='ltr'>fabularum</span> <span class='ocrx_word' id='word_1_152' title='bbox 1025 1225 1227 1266; x_wconf 86' lang='lat' dir='ltr'>inventore</span> <span class='ocrx_word' id='word_1_153' title='bbox 1258 1228 1516 1280; x_wconf 85' lang='lat' dir='ltr'>quaerendum</span> <span class='ocrx_word' id='word_1_154' title='bbox 1552 1234 1627 1278; x_wconf 86' lang='lat' dir='ltr'>est,</span> <span class='ocrx_word' id='word_1_155' title='bbox 1655 1229 1732 1273; x_wconf 85' lang='lat' dir='ltr'>Cap.</span> <span class='ocrx_word' id='word_1_156' title='bbox 1756 1230 1809 1262; x_wconf 73' lang='lat' dir='ltr'>IV·</span> 
     </span>
     <span class='ocr_line' id='line_1_17' title="bbox 115 1288 1632 1346; baseline 0.003 -16"><span class='ocrx_word' id='word_1_157' title='bbox 115 1290 260 1344; x_wconf 86' lang='lat' dir='ltr'>Ecquid</span> <span class='ocrx_word' id='word_1_158' title='bbox 283 1289 462 1329; x_wconf 85' lang='lat' dir='ltr'>coelestis</span> <span class='ocrx_word' id='word_1_159' title='bbox 485 1290 546 1329; x_wconf 84' lang='lat' dir='ltr'>illa</span> <span class='ocrx_word' id='word_1_160' title='bbox 566 1288 702 1330; x_wconf 91' lang='lat' dir='ltr'>Virtus</span> <span class='ocrx_word' id='word_1_161' title='bbox 726 1298 888 1330; x_wconf 87' lang='lat' dir='ltr'>noverat</span> <span class='ocrx_word' id='word_1_162' title='bbox 911 1291 998 1344; x_wconf 91' lang='lat' dir='ltr'>quid</span> <span class='ocrx_word' id='word_1_163' title='bbox 1022 1300 1153 1333; x_wconf 86' lang='lat' dir='ltr'>essent</span> <span class='ocrx_word' id='word_1_164' title='bbox 1176 1293 1315 1346; x_wconf 88' lang='lat' dir='ltr'>Angeli</span> <span class='ocrx_word' id='word_1_165' title='bbox 1340 1295 1503 1335; x_wconf 82' lang='lat' dir='ltr'>facturi?</span> <span class='ocrx_word' id='word_1_166' title='bbox 1546 1293 1632 1334; x_wconf 88' lang='lat' dir='ltr'>No-</span> 
     </span>
     <span class='ocr_line' id='line_1_18' title="bbox 113 1356 1632 1415; baseline 0.003 -17"><span class='ocrx_word' id='word_1_167' title='bbox 113 1364 244 1408; x_wconf 84' lang='lat' dir='ltr'>verat,</span> <span class='ocrx_word' id='word_1_168' title='bbox 277 1357 412 1410; x_wconf 91' lang='lat' dir='ltr'>inquit.</span> <span class='ocrx_word' id='word_1_169' title='bbox 474 1356 595 1410; x_wconf 86' lang='lat' dir='ltr'>lgitur</span> <span class='ocrx_word' id='word_1_170' title='bbox 625 1371 700 1396; x_wconf 90' lang='lat' dir='ltr'>non</span> <span class='ocrx_word' id='word_1_171' title='bbox 726 1357 866 1410; x_wconf 87' lang='lat' dir='ltr'>Angeli</span> <span class='ocrx_word' id='word_1_172' title='bbox 892 1358 987 1412; x_wconf 92' lang='lat' dir='ltr'>ipsi,</span> <span class='ocrx_word' id='word_1_173' title='bbox 1022 1361 1088 1399; x_wconf 89' lang='lat' dir='ltr'>sed</span> <span class='ocrx_word' id='word_1_174' title='bbox 1111 1360 1175 1400; x_wconf 84' lang='lat' dir='ltr'>illa</span> <span class='ocrx_word' id='word_1_175' title='bbox 1196 1361 1326 1414; x_wconf 88' lang='lat' dir='ltr'>utique</span> <span class='ocrx_word' id='word_1_176' title='bbox 1351 1362 1455 1401; x_wconf 84' lang='lat' dir='ltr'>fecit.</span> <span class='ocrx_word' id='word_1_177' title='bbox 1517 1360 1632 1415; x_wconf 81' lang='lat' dir='ltr'>Quod</span> 
     </span>
     <span class='ocr_line' id='line_1_19' title="bbox 112 1424 1631 1482; baseline 0.003 -18"><span class='ocrx_word' id='word_1_178' title='bbox 112 1424 142 1464; x_wconf 87' lang='lat' dir='ltr'>si</span> <span class='ocrx_word' id='word_1_179' title='bbox 168 1431 330 1465; x_wconf 84' lang='lat' dir='ltr'>noverat</span> <span class='ocrx_word' id='word_1_180' title='bbox 351 1425 524 1478; x_wconf 88' lang='lat' dir='ltr'>quidem,</span> <span class='ocrx_word' id='word_1_181' title='bbox 559 1425 624 1465; x_wconf 87' lang='lat' dir='ltr'>sed</span> <span class='ocrx_word' id='word_1_182' title='bbox 652 1425 731 1464; x_wconf 85' lang='lat' dir='ltr'>fieri</span> <span class='ocrx_word' id='word_1_183' title='bbox 756 1431 883 1465; x_wconf 87' lang='lat' dir='ltr'>tamen</span> <span class='ocrx_word' id='word_1_184' title='bbox 905 1427 1079 1476; x_wconf 82' lang='lat' dir='ltr'>nolebat,</span> <span class='ocrx_word' id='word_1_185' title='bbox 1112 1441 1156 1467; x_wconf 88' lang='lat' dir='ltr'>ac</span> <span class='ocrx_word' id='word_1_186' title='bbox 1178 1435 1331 1482; x_wconf 86' lang='lat' dir='ltr'>praeter</span> <span class='ocrx_word' id='word_1_187' title='bbox 1352 1428 1452 1469; x_wconf 89' lang='lat' dir='ltr'>illius</span> <span class='ocrx_word' id='word_1_188' title='bbox 1474 1436 1631 1469; x_wconf 87' lang='lat' dir='ltr'>senten-</span> 
     </span>
     <span class='ocr_line' id='line_1_20' title="bbox 112 1491 1630 1550; baseline 0.003 -18"><span class='ocrx_word' id='word_1_189' title='bbox 112 1492 201 1532; x_wconf 87' lang='lat' dir='ltr'>tiam</span> <span class='ocrx_word' id='word_1_190' title='bbox 222 1491 412 1545; x_wconf 82' lang='lat' dir='ltr'>attingere</span> <span class='ocrx_word' id='word_1_191' title='bbox 435 1506 529 1545; x_wconf 88' lang='lat' dir='ltr'>opus</span> <span class='ocrx_word' id='word_1_192' title='bbox 550 1492 648 1531; x_wconf 88' lang='lat' dir='ltr'>istud</span> <span class='ocrx_word' id='word_1_193' title='bbox 673 1493 845 1546; x_wconf 84' lang='lat' dir='ltr'>aggressi</span> <span class='ocrx_word' id='word_1_194' title='bbox 869 1501 973 1542; x_wconf 89' lang='lat' dir='ltr'>sunt,</span> <span class='ocrx_word' id='word_1_195' title='bbox 1006 1509 1075 1534; x_wconf 92' lang='lat' dir='ltr'>cur</span> <span class='ocrx_word' id='word_1_196' title='bbox 1097 1509 1171 1534; x_wconf 88' lang='lat' dir='ltr'>non</span> <span class='ocrx_word' id='word_1_197' title='bbox 1195 1496 1411 1550; x_wconf 84' lang='lat' dir='ltr'>prohibuit?</span> <span class='ocrx_word' id='word_1_198' title='bbox 1471 1494 1541 1536; x_wconf 90' lang='lat' dir='ltr'>Sin</span> <span class='ocrx_word' id='word_1_199' title='bbox 1562 1496 1630 1536; x_wconf 93' lang='lat' dir='ltr'>ob-</span> 
     </span>
     <span class='ocr_line' id='line_1_21' title="bbox 111 1559 1630 1616; baseline 0.003 -17"><span class='ocrx_word' id='word_1_200' title='bbox 111 1566 213 1599; x_wconf 86' lang='lat' dir='ltr'>stare</span> <span class='ocrx_word' id='word_1_201' title='bbox 244 1559 397 1599; x_wconf 91' lang='lat' dir='ltr'>minime</span> <span class='ocrx_word' id='word_1_202' title='bbox 432 1559 572 1613; x_wconf 86' lang='lat' dir='ltr'>potuit,</span> <span class='ocrx_word' id='word_1_203' title='bbox 617 1559 775 1613; x_wconf 88' lang='lat' dir='ltr'>primum</span> <span class='ocrx_word' id='word_1_204' title='bbox 809 1560 879 1599; x_wconf 90' lang='lat' dir='ltr'>boc</span> <span class='ocrx_word' id='word_1_205' title='bbox 908 1560 1040 1600; x_wconf 90' lang='lat' dir='ltr'>vitium</span> <span class='ocrx_word' id='word_1_206' title='bbox 1074 1570 1154 1613; x_wconf 84' lang='lat' dir='ltr'>est,</span> <span class='ocrx_word' id='word_1_207' title='bbox 1197 1563 1294 1616; x_wconf 92' lang='lat' dir='ltr'>quod</span> <span class='ocrx_word' id='word_1_208' title='bbox 1326 1570 1458 1603; x_wconf 88' lang='lat' dir='ltr'>contra</span> <span class='ocrx_word' id='word_1_209' title='bbox 1489 1571 1630 1604; x_wconf 87' lang='lat' dir='ltr'>semet-</span> 
     </span>
     <span class='ocr_line' id='line_1_22' title="bbox 114 1627 1631 1681; baseline 0.004 -16"><span class='ocrx_word' id='word_1_210' title='bbox 114 1627 234 1681; x_wconf 87' lang='lat' dir='ltr'>ipsam</span> <span class='ocrx_word' id='word_1_211' title='bbox 270 1627 443 1666; x_wconf 88' lang='lat' dir='ltr'>conditos</span> <span class='ocrx_word' id='word_1_212' title='bbox 477 1642 496 1666; x_wconf 90' lang='lat' dir='ltr'>a</span> <span class='ocrx_word' id='word_1_213' title='bbox 531 1640 574 1666; x_wconf 88' lang='lat' dir='ltr'>se</span> <span class='ocrx_word' id='word_1_214' title='bbox 605 1627 806 1680; x_wconf 85' lang='lat' dir='ltr'>Angelos,</span> <span class='ocrx_word' id='word_1_215' title='bbox 851 1627 922 1667; x_wconf 90' lang='lat' dir='ltr'>sibi</span> <span class='ocrx_word' id='word_1_216' title='bbox 958 1636 998 1667; x_wconf 94' lang='lat' dir='ltr'>ut</span> <span class='ocrx_word' id='word_1_217' title='bbox 1026 1629 1254 1670; x_wconf 84' lang='lat' dir='ltr'>resisterent</span> <span class='ocrx_word' id='word_1_218' title='bbox 1290 1645 1333 1670; x_wconf 85' lang='lat' dir='ltr'>ac</span> <span class='ocrx_word' id='word_1_219' title='bbox 1360 1645 1402 1670; x_wconf 88' lang='lat' dir='ltr'>sc</span> <span class='ocrx_word' id='word_1_220' title='bbox 1434 1631 1631 1671; x_wconf 87' lang='lat' dir='ltr'>irritarent</span> 
     </span>
     <span class='ocr_line' id='line_1_23' title="bbox 113 1694 1628 1752; baseline 0.003 -19"><span class='ocrx_word' id='word_1_221' title='bbox 113 1694 237 1733; x_wconf 87' lang='lat' dir='ltr'>moliri</span> <span class='ocrx_word' id='word_1_222' title='bbox 260 1694 447 1734; x_wconf 87' lang='lat' dir='ltr'>voluerit:</span> <span class='ocrx_word' id='word_1_223' title='bbox 481 1694 664 1743; x_wconf 83' lang='lat' dir='ltr'>alterum,</span> <span class='ocrx_word' id='word_1_224' title='bbox 698 1695 795 1747; x_wconf 89' lang='lat' dir='ltr'>quod</span> <span class='ocrx_word' id='word_1_225' title='bbox 821 1709 905 1734; x_wconf 91' lang='lat' dir='ltr'>cum</span> <span class='ocrx_word' id='word_1_226' title='bbox 929 1703 1060 1748; x_wconf 89' lang='lat' dir='ltr'>posset</span> <span class='ocrx_word' id='word_1_227' title='bbox 1081 1697 1236 1737; x_wconf 86' lang='lat' dir='ltr'>minime</span> <span class='ocrx_word' id='word_1_228' title='bbox 1262 1697 1518 1752; x_wconf 87' lang='lat' dir='ltr'>prohibuerit,</span> <span class='ocrx_word' id='word_1_229' title='bbox 1552 1699 1628 1738; x_wconf 90' lang='lat' dir='ltr'>imo</span> 
     </span>
     <span class='ocr_line' id='line_1_24' title="bbox 109 1761 1628 1818; baseline 0.003 -18"><span class='ocrx_word' id='word_1_230' title='bbox 109 1761 222 1801; x_wconf 88' lang='lat' dir='ltr'>etiam</span> <span class='ocrx_word' id='word_1_231' title='bbox 254 1762 300 1801; x_wconf 86' lang='lat' dir='ltr'>ad</span> <span class='ocrx_word' id='word_1_232' title='bbox 332 1761 536 1815; x_wconf 85' lang='lat' dir='ltr'>pessimum</span> <span class='ocrx_word' id='word_1_233' title='bbox 569 1761 658 1801; x_wconf 91' lang='lat' dir='ltr'>illud</span> <span class='ocrx_word' id='word_1_234' title='bbox 681 1761 918 1814; x_wconf 88' lang='lat' dir='ltr'>Angelorum</span> <span class='ocrx_word' id='word_1_235' title='bbox 951 1763 1138 1816; x_wconf 84' lang='lat' dir='ltr'>opificium</span> <span class='ocrx_word' id='word_1_236' title='bbox 1173 1766 1438 1818; x_wconf 81' lang='lat' dir='ltr'>exequendum</span> <span class='ocrx_word' id='word_1_237' title='bbox 1470 1765 1628 1805; x_wconf 86' lang='lat' dir='ltr'>adiutri-</span> 
     </span>
     <span class='ocr_line' id='line_1_25' title="bbox 110 1828 1626 1886; baseline 0.004 -19"><span class='ocrx_word' id='word_1_238' title='bbox 110 1842 191 1868; x_wconf 89' lang='lat' dir='ltr'>cem</span> <span class='ocrx_word' id='word_1_239' title='bbox 217 1842 305 1868; x_wconf 90' lang='lat' dir='ltr'>sese</span> <span class='ocrx_word' id='word_1_240' title='bbox 335 1828 567 1883; x_wconf 88' lang='lat' dir='ltr'>praebuerit.</span> <span class='ocrx_word' id='word_1_241' title='bbox 630 1828 742 1882; x_wconf 79' lang='lat' dir='ltr'>Quod</span> <span class='ocrx_word' id='word_1_242' title='bbox 768 1829 800 1868; x_wconf 90' lang='lat' dir='ltr'>si</span> <span class='ocrx_word' id='word_1_243' title='bbox 828 1843 898 1869; x_wconf 92' lang='lat' dir='ltr'>nec</span> <span class='ocrx_word' id='word_1_244' title='bbox 923 1830 1009 1870; x_wconf 89' lang='lat' dir='ltr'>illos</span> <span class='ocrx_word' id='word_1_245' title='bbox 1036 1830 1203 1882; x_wconf 88' lang='lat' dir='ltr'>adiuvit,</span> <span class='ocrx_word' id='word_1_246' title='bbox 1247 1839 1285 1872; x_wconf 93' lang='lat' dir='ltr'>et</span> <span class='ocrx_word' id='word_1_247' title='bbox 1311 1832 1513 1886; x_wconf 85' lang='lat' dir='ltr'>probibere</span> <span class='ocrx_word' id='word_1_248' title='bbox 1541 1847 1626 1872; x_wconf 90' lang='lat' dir='ltr'>cum</span> 
     </span>
     <span class='ocr_line' id='line_1_26' title="bbox 109 1895 1626 1953; baseline 0.004 -19"><span class='ocrx_word' id='word_1_249' title='bbox 109 1895 224 1935; x_wconf 87' lang='lat' dir='ltr'>vellet</span> <span class='ocrx_word' id='word_1_250' title='bbox 256 1910 330 1935; x_wconf 90' lang='lat' dir='ltr'>non</span> <span class='ocrx_word' id='word_1_251' title='bbox 366 1897 508 1950; x_wconf 89' lang='lat' dir='ltr'>potuit,</span> <span class='ocrx_word' id='word_1_252' title='bbox 553 1910 786 1950; x_wconf 85' lang='lat' dir='ltr'>magnopere</span> <span class='ocrx_word' id='word_1_253' title='bbox 817 1897 1042 1937; x_wconf 87' lang='lat' dir='ltr'>imbecillam</span> <span class='ocrx_word' id='word_1_254' title='bbox 1075 1912 1158 1938; x_wconf 90' lang='lat' dir='ltr'>eam</span> <span class='ocrx_word' id='word_1_255' title='bbox 1189 1906 1340 1953; x_wconf 84' lang='lat' dir='ltr'>oportet</span> <span class='ocrx_word' id='word_1_256' title='bbox 1371 1913 1483 1950; x_wconf 87' lang='lat' dir='ltr'>esse,</span> <span class='ocrx_word' id='word_1_257' title='bbox 1528 1913 1626 1953; x_wconf 86' lang='lat' dir='ltr'>quae</span> 
     </span>
     <span class='ocr_line' id='line_1_27' title="bbox 107 1963 1627 2018; baseline 0.003 -16"><span class='ocrx_word' id='word_1_258' title='bbox 107 1963 207 2016; x_wconf 91' lang='lat' dir='ltr'>quod</span> <span class='ocrx_word' id='word_1_259' title='bbox 240 1964 406 2003; x_wconf 89' lang='lat' dir='ltr'>voluerit</span> <span class='ocrx_word' id='word_1_260' title='bbox 438 1964 586 2003; x_wconf 87' lang='lat' dir='ltr'>efficere</span> <span class='ocrx_word' id='word_1_261' title='bbox 619 1978 695 2003; x_wconf 92' lang='lat' dir='ltr'>non</span> <span class='ocrx_word' id='word_1_262' title='bbox 727 1965 869 2018; x_wconf 84' lang='lat' dir='ltr'>potuit,</span> <span class='ocrx_word' id='word_1_263' title='bbox 914 1964 1061 2018; x_wconf 85' lang='lat' dir='ltr'>eritque</span> <span class='ocrx_word' id='word_1_264' title='bbox 1092 1967 1188 2006; x_wconf 88' lang='lat' dir='ltr'>adeo</span> <span class='ocrx_word' id='word_1_265' title='bbox 1223 1968 1374 2007; x_wconf 91' lang='lat' dir='ltr'>condita</span> <span class='ocrx_word' id='word_1_266' title='bbox 1410 1967 1474 2007; x_wconf 85' lang='lat' dir='ltr'>illa</span> <span class='ocrx_word' id='word_1_267' title='bbox 1503 1967 1549 2007; x_wconf 86' lang='lat' dir='ltr'>ab</span> <span class='ocrx_word' id='word_1_268' title='bbox 1580 1980 1627 2007; x_wconf 81' lang='lat' dir='ltr'>ea</span> 
     </span>
     <span class='ocr_line' id='line_1_28' title="bbox 108 2030 1626 2088; baseline 0.004 -19"><span class='ocrx_word' id='word_1_269' title='bbox 108 2030 346 2083; x_wconf 83' lang='lat' dir='ltr'>Angelorum</span> <span class='ocrx_word' id='word_1_270' title='bbox 378 2037 535 2071; x_wconf 84' lang='lat' dir='ltr'>caterva</span> <span class='ocrx_word' id='word_1_271' title='bbox 570 2032 707 2071; x_wconf 87' lang='lat' dir='ltr'>fortior</span> <span class='ocrx_word' id='word_1_272' title='bbox 742 2046 851 2085; x_wconf 83' lang='lat' dir='ltr'>quam</span> <span class='ocrx_word' id='word_1_273' title='bbox 885 2031 1048 2087; x_wconf 83' lang='lat' dir='ltr'>ipsamet</span> <span class='ocrx_word' id='word_1_274' title='bbox 1086 2047 1184 2087; x_wconf 86' lang='lat' dir='ltr'>quae</span> <span class='ocrx_word' id='word_1_275' title='bbox 1215 2035 1454 2088; x_wconf 88' lang='lat' dir='ltr'>Angelorum</span> <span class='ocrx_word' id='word_1_276' title='bbox 1488 2049 1626 2076; x_wconf 82' lang='lat' dir='ltr'>caussa</span> 
     </span>
     <span class='ocr_line' id='line_1_29' title="bbox 109 2097 1626 2157; baseline 0.005 -21"><span class='ocrx_word' id='word_1_277' title='bbox 109 2104 169 2136; x_wconf 83' lang='lat' dir='ltr'>est</span> <span class='ocrx_word' id='word_1_278' title='bbox 184 2097 241 2137; x_wconf 76' lang='lat' dir='ltr'>‘ac</span> <span class='ocrx_word' id='word_1_279' title='bbox 274 2097 514 2153; x_wconf 71' lang='lat' dir='ltr'>principium,</span> <span class='ocrx_word' id='word_1_280' title='bbox 575 2097 697 2151; x_wconf 86' lang='lat' dir='ltr'>lgitur</span> <span class='ocrx_word' id='word_1_281' title='bbox 729 2099 901 2140; x_wconf 84' lang='lat' dir='ltr'>haeresis</span> <span class='ocrx_word' id='word_1_282' title='bbox 930 2101 1001 2140; x_wconf 91' lang='lat' dir='ltr'>ista</span> <span class='ocrx_word' id='word_1_283' title='bbox 1030 2100 1185 2142; x_wconf 90' lang='lat' dir='ltr'>minime</span> <span class='ocrx_word' id='word_1_284' title='bbox 1216 2102 1424 2143; x_wconf 83' lang='lat' dir='ltr'>cohaerere</span> <span class='ocrx_word' id='word_1_285' title='bbox 1451 2103 1534 2157; x_wconf 86' lang='lat' dir='ltr'>ipsa</span> <span class='ocrx_word' id='word_1_286' title='bbox 1564 2116 1626 2142; x_wconf 85' lang='lat' dir='ltr'>se-</span> 
     </span>
     <span class='ocr_line' id='line_1_30' title="bbox 107 2166 1623 2223; baseline 0.003 -19"><span class='ocrx_word' id='word_1_287' title='bbox 107 2178 192 2204; x_wconf 88' lang='lat' dir='ltr'>cum</span> <span class='ocrx_word' id='word_1_288' title='bbox 216 2172 328 2218; x_wconf 86' lang='lat' dir='ltr'>atque</span> <span class='ocrx_word' id='word_1_289' title='bbox 351 2179 372 2204; x_wconf 89' lang='lat' dir='ltr'>a</span> <span class='ocrx_word' id='word_1_290' title='bbox 395 2166 556 2205; x_wconf 83' lang='lat' dir='ltr'>veritate</span> <span class='ocrx_word' id='word_1_291' title='bbox 578 2166 760 2206; x_wconf 87' lang='lat' dir='ltr'>recedere</span> <span class='ocrx_word' id='word_1_292' title='bbox 785 2167 886 2206; x_wconf 89' lang='lat' dir='ltr'>omni</span> <span class='ocrx_word' id='word_1_293' title='bbox 912 2181 962 2207; x_wconf 82' lang='lat' dir='ltr'>ex</span> <span class='ocrx_word' id='word_1_294' title='bbox 983 2175 1090 2223; x_wconf 87' lang='lat' dir='ltr'>parte</span> <span class='ocrx_word' id='word_1_295' title='bbox 1114 2170 1369 2211; x_wconf 86' lang='lat' dir='ltr'>convincitur.</span> <span class='ocrx_word' id='word_1_296' title='bbox 1426 2168 1506 2210; x_wconf 85' lang='lat' dir='ltr'>Iam</span> <span class='ocrx_word' id='word_1_297' title='bbox 1529 2184 1623 2210; x_wconf 88' lang='lat' dir='ltr'>vero</span> 
     </span>
     <span class='ocr_line' id='line_1_31' title="bbox 108 2231 1623 2290; baseline 0.004 -19"><span class='ocrx_word' id='word_1_298' title='bbox 108 2231 140 2272; x_wconf 93' lang='lat' dir='ltr'>si</span> <span class='ocrx_word' id='word_1_299' title='bbox 171 2232 376 2272; x_wconf 87' lang='lat' dir='ltr'>coelestem</span> <span class='ocrx_word' id='word_1_300' title='bbox 408 2231 601 2272; x_wconf 86' lang='lat' dir='ltr'>Virtutem</span> <span class='ocrx_word' id='word_1_301' title='bbox 633 2233 787 2273; x_wconf 86' lang='lat' dir='ltr'>minime</span> <span class='ocrx_word' id='word_1_302' title='bbox 815 2234 878 2275; x_wconf 90' lang='lat' dir='ltr'>illa</span> <span class='ocrx_word' id='word_1_303' title='bbox 911 2236 1059 2289; x_wconf 89' lang='lat' dir='ltr'>quidem</span> <span class='ocrx_word' id='word_1_304' title='bbox 1091 2236 1281 2287; x_wconf 88' lang='lat' dir='ltr'>latebant,</span> <span class='ocrx_word' id='word_1_305' title='bbox 1325 2238 1390 2278; x_wconf 88' lang='lat' dir='ltr'>sed</span> <span class='ocrx_word' id='word_1_306' title='bbox 1422 2251 1489 2276; x_wconf 87' lang='lat' dir='ltr'>cos</span> <span class='ocrx_word' id='word_1_307' title='bbox 1519 2237 1623 2290; x_wconf 90' lang='lat' dir='ltr'>ipsos</span> 
     </span>
     <span class='ocr_line' id='line_1_32' title="bbox 106 2299 1621 2356; baseline 0.004 -18"><span class='ocrx_word' id='word_1_308' title='bbox 106 2305 256 2349; x_wconf 86' lang='lat' dir='ltr'>tamen,</span> <span class='ocrx_word' id='word_1_309' title='bbox 297 2299 359 2352; x_wconf 88' lang='lat' dir='ltr'>qui</span> <span class='ocrx_word' id='word_1_310' title='bbox 385 2300 482 2353; x_wconf 91' lang='lat' dir='ltr'>quod</span> <span class='ocrx_word' id='word_1_311' title='bbox 508 2302 615 2339; x_wconf 86' lang='lat' dir='ltr'>nefas</span> <span class='ocrx_word' id='word_1_312' title='bbox 639 2308 742 2340; x_wconf 89' lang='lat' dir='ltr'>esset</span> <span class='ocrx_word' id='word_1_313' title='bbox 765 2309 918 2356; x_wconf 84' lang='lat' dir='ltr'>praeter</span> <span class='ocrx_word' id='word_1_314' title='bbox 940 2303 1175 2343; x_wconf 86' lang='lat' dir='ltr'>voluntatem</span> <span class='ocrx_word' id='word_1_315' title='bbox 1200 2317 1307 2343; x_wconf 88' lang='lat' dir='ltr'>suam</span> <span class='ocrx_word' id='word_1_316' title='bbox 1335 2312 1443 2345; x_wconf 81' lang='lat' dir='ltr'>erant</span> <span class='ocrx_word' id='word_1_317' title='bbox 1466 2304 1621 2354; x_wconf 82' lang='lat' dir='ltr'>facturi,</span> 
     </span>
     <span class='ocr_line' id='line_1_33' title="bbox 107 2366 1624 2421; baseline 0.004 -15"><span class='ocrx_word' id='word_1_318' title='bbox 107 2366 329 2406; x_wconf 90' lang='lat' dir='ltr'>necessario</span> <span class='ocrx_word' id='word_1_319' title='bbox 355 2368 544 2417; x_wconf 90' lang='lat' dir='ltr'>condidit,</span> <span class='ocrx_word' id='word_1_320' title='bbox 577 2367 650 2407; x_wconf 84' lang='lat' dir='ltr'>alia</span> <span class='ocrx_word' id='word_1_321' title='bbox 673 2382 806 2408; x_wconf 85' lang='lat' dir='ltr'>rursus</span> <span class='ocrx_word' id='word_1_322' title='bbox 829 2369 867 2409; x_wconf 88' lang='lat' dir='ltr'>in</span> <span class='ocrx_word' id='word_1_323' title='bbox 891 2383 934 2411; x_wconf 89' lang='lat' dir='ltr'>re</span> <span class='ocrx_word' id='word_1_324' title='bbox 961 2370 1134 2421; x_wconf 86' lang='lat' dir='ltr'>deficiet,</span> <span class='ocrx_word' id='word_1_325' title='bbox 1168 2384 1238 2410; x_wconf 89' lang='lat' dir='ltr'>nec</span> <span class='ocrx_word' id='word_1_326' title='bbox 1260 2371 1375 2411; x_wconf 89' lang='lat' dir='ltr'>ullum</span> <span class='ocrx_word' id='word_1_327' title='bbox 1401 2372 1439 2412; x_wconf 90' lang='lat' dir='ltr'>iu</span> <span class='ocrx_word' id='word_1_328' title='bbox 1465 2372 1624 2412; x_wconf 86' lang='lat' dir='ltr'>coelesti</span> 
     </span>
     <span class='ocr_line' id='line_1_34' title="bbox 106 2432 1623 2492; baseline 0.004 -18"><span class='ocrx_word' id='word_1_329' title='bbox 106 2432 250 2474; x_wconf 86' lang='lat' dir='ltr'>virtute</span> <span class='ocrx_word' id='word_1_330' title='bbox 273 2435 589 2488; x_wconf 88' lang='lat' dir='ltr'>complementum</span> <span class='ocrx_word' id='word_1_331' title='bbox 620 2449 672 2474; x_wconf 81' lang='lat' dir='ltr'>ex</span> <span class='ocrx_word' id='word_1_332' title='bbox 694 2435 794 2476; x_wconf 88' lang='lat' dir='ltr'>illius</span> <span class='ocrx_word' id='word_1_333' title='bbox 819 2438 1010 2478; x_wconf 86' lang='lat' dir='ltr'>sententia</span> <span class='ocrx_word' id='word_1_334' title='bbox 1036 2438 1234 2478; x_wconf 88' lang='lat' dir='ltr'>residebit.</span> <span class='ocrx_word' id='word_1_335' title='bbox 1294 2439 1423 2492; x_wconf 88' lang='lat' dir='ltr'>Atque</span> <span class='ocrx_word' id='word_1_336' title='bbox 1455 2446 1493 2480; x_wconf 91' lang='lat' dir='ltr'>ut</span> <span class='ocrx_word' id='word_1_337' title='bbox 1518 2440 1623 2480; x_wconf 90' lang='lat' dir='ltr'>illum</span> 
     </span>
     <span class='ocr_line' id='line_1_35' title="bbox 107 2500 1623 2563; baseline 0.005 -23"><span class='ocrx_word' id='word_1_338' title='bbox 107 2501 231 2541; x_wconf 90' lang='lat' dir='ltr'>denuo</span> <span class='ocrx_word' id='word_1_339' title='bbox 255 2501 560 2554; x_wconf 89' lang='lat' dir='ltr'>interrogemus,</span> <span class='ocrx_word' id='word_1_340' title='bbox 593 2500 700 2542; x_wconf 87' lang='lat' dir='ltr'>Heus</span> <span class='ocrx_word' id='word_1_341' title='bbox 721 2510 784 2553; x_wconf 87' lang='lat' dir='ltr'>tu,</span> <span class='ocrx_word' id='word_1_342' title='bbox 816 2503 992 2558; x_wconf 87' lang='lat' dir='ltr'>inquam,</span> <span class='ocrx_word' id='word_1_343' title='bbox 1025 2506 1086 2559; x_wconf 93' lang='lat' dir='ltr'>qui</span> <span class='ocrx_word' id='word_1_344' title='bbox 1111 2520 1178 2560; x_wconf 90' lang='lat' dir='ltr'>per</span> <span class='ocrx_word' id='word_1_345' title='bbox 1199 2507 1388 2547; x_wconf 88' lang='lat' dir='ltr'>fenestras</span> <span class='ocrx_word' id='word_1_346' title='bbox 1409 2507 1510 2548; x_wconf 85' lang='lat' dir='ltr'>intro</span> <span class='ocrx_word' id='word_1_347' title='bbox 1535 2523 1623 2563; x_wconf 91' lang='lat' dir='ltr'>pro-</span> 
     </span>
     <span class='ocr_line' id='line_1_36' title="bbox 107 2568 1623 2628; baseline 0.005 -21"><span class='ocrx_word' id='word_1_348' title='bbox 107 2568 307 2622; x_wconf 79' lang='lat' dir='ltr'>spexeris,</span> <span class='ocrx_word' id='word_1_349' title='bbox 342 2575 383 2608; x_wconf 90' lang='lat' dir='ltr'>ut</span> <span class='ocrx_word' id='word_1_350' title='bbox 405 2583 451 2608; x_wconf 88' lang='lat' dir='ltr'>eo</span> <span class='ocrx_word' id='word_1_351' title='bbox 475 2569 639 2609; x_wconf 89' lang='lat' dir='ltr'>ludibrio</span> <span class='ocrx_word' id='word_1_352' title='bbox 661 2570 792 2611; x_wconf 89' lang='lat' dir='ltr'>deliria</span> <span class='ocrx_word' id='word_1_353' title='bbox 815 2578 880 2612; x_wconf 82' lang='lat' dir='ltr'>tua</span> <span class='ocrx_word' id='word_1_354' title='bbox 902 2586 1126 2627; x_wconf 87' lang='lat' dir='ltr'>prosequar,</span> <span class='ocrx_word' id='word_1_355' title='bbox 1158 2572 1284 2627; x_wconf 89' lang='lat' dir='ltr'>ibique</span> <span class='ocrx_word' id='word_1_356' title='bbox 1307 2576 1623 2628; x_wconf 82' lang='lat' dir='ltr'>quemadmodum</span> 
     </span>
     <span class='ocr_line' id='line_1_37' title="bbox 106 2635 1622 2695; baseline 0.006 -21"><span class='ocrx_word' id='word_1_357' title='bbox 106 2635 248 2689; x_wconf 88' lang='lat' dir='ltr'>Angeli</span> <span class='ocrx_word' id='word_1_358' title='bbox 281 2637 399 2676; x_wconf 87' lang='lat' dir='ltr'>creati</span> <span class='ocrx_word' id='word_1_359' title='bbox 429 2636 505 2676; x_wconf 90' lang='lat' dir='ltr'>sint</span> <span class='ocrx_word' id='word_1_360' title='bbox 533 2637 768 2690; x_wconf 83' lang='lat' dir='ltr'>pervideris,</span> <span class='ocrx_word' id='word_1_361' title='bbox 810 2652 1019 2694; x_wconf 89' lang='lat' dir='ltr'>eorumque</span> <span class='ocrx_word' id='word_1_362' title='bbox 1048 2641 1086 2680; x_wconf 90' lang='lat' dir='ltr'>in</span> <span class='ocrx_word' id='word_1_363' title='bbox 1117 2640 1268 2680; x_wconf 87' lang='lat' dir='ltr'>homine</span> <span class='ocrx_word' id='word_1_364' title='bbox 1296 2642 1473 2695; x_wconf 84' lang='lat' dir='ltr'>fingendo</span> <span class='ocrx_word' id='word_1_365' title='bbox 1504 2643 1622 2683; x_wconf 85' lang='lat' dir='ltr'>artifi-</span> 
     </span>
     <span class='ocr_line' id='line_1_38' title="bbox 106 2701 1618 2762; baseline 0.007 -21"><span class='ocrx_word' id='word_1_366' title='bbox 106 2701 203 2742; x_wconf 85' lang='lat' dir='ltr'>cium</span> <span class='ocrx_word' id='word_1_367' title='bbox 244 2703 422 2756; x_wconf 88' lang='lat' dir='ltr'>cognoris</span> <span class='ocrx_word' id='word_1_368' title='bbox 460 2717 504 2743; x_wconf 89' lang='lat' dir='ltr'>ac</span> <span class='ocrx_word' id='word_1_369' title='bbox 541 2703 720 2744; x_wconf 85' lang='lat' dir='ltr'>coelestis</span> <span class='ocrx_word' id='word_1_370' title='bbox 754 2704 919 2746; x_wconf 85' lang='lat' dir='ltr'>Virtutis</span> <span class='ocrx_word' id='word_1_371' title='bbox 954 2707 1149 2747; x_wconf 89' lang='lat' dir='ltr'>solertiam</span> <span class='ocrx_word' id='word_1_372' title='bbox 1182 2716 1442 2762; x_wconf 84' lang='lat' dir='ltr'>perscrutatus</span> <span class='ocrx_word' id='word_1_373' title='bbox 1482 2711 1618 2762; x_wconf 82' lang='lat' dir='ltr'>fueris,</span> 
     </span>
     <span class='ocr_line' id='line_1_39' title="bbox 107 2770 1620 2831; baseline 0.007 -23"><span class='ocrx_word' id='word_1_374' title='bbox 107 2782 219 2809; x_wconf 90' lang='lat' dir='ltr'>unum</span> <span class='ocrx_word' id='word_1_375' title='bbox 245 2784 313 2810; x_wconf 91' lang='lat' dir='ltr'>oro</span> <span class='ocrx_word' id='word_1_376' title='bbox 336 2778 373 2810; x_wconf 84' lang='lat' dir='ltr'>te</span> <span class='ocrx_word' id='word_1_377' title='bbox 394 2770 452 2810; x_wconf 90' lang='lat' dir='ltr'>dic</span> <span class='ocrx_word' id='word_1_378' title='bbox 476 2770 607 2810; x_wconf 89' lang='lat' dir='ltr'>nobis:</span> <span class='ocrx_word' id='word_1_379' title='bbox 639 2770 743 2811; x_wconf 81' lang='lat' dir='ltr'>Num</span> <span class='ocrx_word' id='word_1_380' title='bbox 767 2773 818 2812; x_wconf 92' lang='lat' dir='ltr'>illi</span> <span class='ocrx_word' id='word_1_381' title='bbox 842 2774 930 2827; x_wconf 89' lang='lat' dir='ltr'>quid</span> <span class='ocrx_word' id='word_1_382' title='bbox 953 2775 1179 2815; x_wconf 87' lang='lat' dir='ltr'>molirentur</span> <span class='ocrx_word' id='word_1_383' title='bbox 1198 2784 1408 2827; x_wconf 85' lang='lat' dir='ltr'>noverant,</span> <span class='ocrx_word' id='word_1_384' title='bbox 1441 2791 1489 2817; x_wconf 87' lang='lat' dir='ltr'>an</span> <span class='ocrx_word' id='word_1_385' title='bbox 1511 2778 1620 2831; x_wconf 88' lang='lat' dir='ltr'>igno-</span> 
     </span>
     <span class='ocr_line' id='line_1_40' title="bbox 106 2835 1619 2899; baseline 0.008 -25"><span class='ocrx_word' id='word_1_386' title='bbox 106 2835 241 2876; x_wconf 86' lang='lat' dir='ltr'>rabant</span> <span class='ocrx_word' id='word_1_387' title='bbox 269 2838 420 2892; x_wconf 80' lang='lat' dir='ltr'>potius?</span> <span class='ocrx_word' id='word_1_388' title='bbox 480 2836 523 2879; x_wconf 85' lang='lat' dir='ltr'>Si</span> <span class='ocrx_word' id='word_1_389' title='bbox 547 2838 646 2878; x_wconf 89' lang='lat' dir='ltr'>enim</span> <span class='ocrx_word' id='word_1_390' title='bbox 670 2839 919 2892; x_wconf 86' lang='lat' dir='ltr'>ignorabant,</span> <span class='ocrx_word' id='word_1_391' title='bbox 965 2856 1061 2895; x_wconf 85' lang='lat' dir='ltr'>quae</span> <span class='ocrx_word' id='word_1_392' title='bbox 1084 2842 1142 2882; x_wconf 85' lang='lat' dir='ltr'>vis</span> <span class='ocrx_word' id='word_1_393' title='bbox 1165 2843 1250 2883; x_wconf 92' lang='lat' dir='ltr'>illos</span> <span class='ocrx_word' id='word_1_394' title='bbox 1273 2844 1434 2898; x_wconf 85' lang='lat' dir='ltr'>cogebat</span> <span class='ocrx_word' id='word_1_395' title='bbox 1458 2852 1498 2885; x_wconf 89' lang='lat' dir='ltr'>ut</span> <span class='ocrx_word' id='word_1_396' title='bbox 1521 2847 1619 2899; x_wconf 91' lang='lat' dir='ltr'>quod</span> 
     </span>
    </p>
   </div>
   <div class='ocr_carea' id='block_1_3' title="bbox 147 2934 1618 3032">
    <p class='ocr_par' dir='ltr' id='par_1_3' title="bbox 147 2934 1618 3032">
     <span class='ocr_line' id='line_1_41' title="bbox 147 2934 1618 2987; baseline 0.006 -17"><span class='ocrx_word' id='word_1_397' title='bbox 147 2934 178 2967; x_wconf 80' lang='lat'>3·</span> <span class='ocrx_word' id='word_1_398' title='bbox 202 2937 429 2978; x_wconf 73' lang='grc' dir='ltr'>κατοπτεύσας</span> <span class='ocrx_word' id='word_1_399' title='bbox 442 2958 484 2963; x_wconf 92' lang='lat'>—-</span> <span class='ocrx_word' id='word_1_400' title='bbox 499 2937 684 2983; x_wconf 71' lang='grc' dir='ltr'>ἐξιχνιάσας</span> <span class='ocrx_word' id='word_1_401' title='bbox 698 2942 840 2981; x_wconf 81' lang='lat' dir='ltr'>rescripsi</span> <span class='ocrx_word' id='word_1_402' title='bbox 885 2951 922 2973; x_wconf 78' lang='lat' dir='ltr'>ex</span> <span class='ocrx_word' id='word_1_403' title='bbox 942 2944 1148 2975; x_wconf 79' lang='lat' dir='ltr'>emendatione</span> <span class='ocrx_word' id='word_1_404' title='bbox 1171 2945 1299 2976; x_wconf 81' lang='lat' dir='ltr'>Petavii.</span> <span class='ocrx_word' id='word_1_405' title='bbox 1345 2947 1430 2978; x_wconf 80' lang='lat' dir='ltr'>Libri</span> <span class='ocrx_word' id='word_1_406' title='bbox 1450 2949 1540 2987; x_wconf 71' lang='lat' dir='ltr'>vulyo</span> <span class='ocrx_word' id='word_1_407' title='bbox 1559 2958 1618 2979; x_wconf 85' lang='grc' dir='ltr'>κα-</span> 
     </span>
     <span class='ocr_line' id='line_1_42' title="bbox 879 2982 1341 3032; baseline 0.006 -13"><span class='ocrx_word' id='word_1_408' title='bbox 879 2982 1072 3026; x_wconf 58' lang='lat' dir='ltr'>tutata-:um</span> <span class='ocrx_word' id='word_1_409' title='bbox 1088 3007 1129 3012; x_wconf 87' lang='lat'>—</span> <span class='ocrx_word' id='word_1_410' title='bbox 1147 2987 1341 3032; x_wconf 67' lang='grc' dir='ltr'>ἐξιχνίασας.</span> 
     </span>
    </p>
   </div>
  </div>
 </body>
</html>
