2034 3267
486 177 662 210 PANARH
687 177 769 210 ΜΒ.
789 178 813 209 1.
839 177 945 210 ToM.
965 178 1023 208 111.
1048 177 1306 208 HAER XL11.
1577 166 1654 206 621

137 255 353 296 substituit:
388 258 566 295 Mandata
586 260 682 296 novi.
737 256 813 298 Sed
838 257 1028 311 integrum
1052 265 1162 312 caput
1182 256 1270 296 illud
1294 269 1345 295 ex
1366 255 1446 308 ipsa
1470 254 1660 294 sermonis

138 331 196 364 est
226 323 500 376 consequentia
535 325 794 365 manifestum.
857 323 910 364 Et
941 324 1118 378 quoniam
1152 331 1294 380 patrem
1327 323 1466 363 bonum
1499 322 1662 377 appellat

136 405 180 432 ae
206 392 339 442 deum,
373 392 570 445 praeclare
592 393 679 432 illud
707 393 895 442 ostendit,
929 393 1136 446 quemlibet
1158 407 1208 432 ex
1231 391 1349 446 patris
1371 391 1428 431 sui
1452 391 1537 444 lege
1558 390 1662 430 velut

137 459 321 512 quoddam
353 459 456 500 vitae
490 460 758 515 patrimonium
791 473 904 514 posse
934 460 1140 513 consequi,
1188 473 1257 499 nec
1290 459 1388 499 illam
1415 459 1660 509 condemnat,

137 534 203 567 aut
236 527 384 578 reiicit,
427 529 493 568 sed
524 542 591 568 eos
624 528 747 581 potius
780 528 845 581 qui>
873 527 911 567 in
943 528 1028 581 lege
1058 528 1237 568 vixerunt
1264 527 1517 568 immortalem
1545 527 1661 567 vitam

139 595 297 635 sortitos
329 609 414 636 esse
447 603 630 646 testatur,
664 594 832 650 Moysen
867 595 1066 645 videlicet,
1100 610 1144 634 ae
1177 595 1379 649 prophetas
1411 602 1579 635 ceteros.

250 662 382 704 Sellol.
408 663 476 704 LI.
522 667 675 703 Factum
700 672 820 702 antem
845 671 903 702 est
921 678 1001 702 cam
1026 666 1342 715 appropinquaret
1363 666 1529 710 Iere'elzo,
1577 677 1658 701 cae·
1678 671 1747 699 Luc.
1762 674 1803 706 la,
1822 673 1863 700 31..

137 746 203 770 ens
228 733 430 771 clamabat:
472 735 556 771 Iesu
568 734 641 783 fili
659 735 798 779 David,
842 734 1016 770 miserere
1036 733 1129 770 mei!
1187 734 1238 770 Et
1261 746 1341 770 eam
1369 739 1522 770 curatus
1549 739 1656 777 esset,

137 803 210 847 ait,
244 803 354 839 Fides
386 808 447 839 lua
479 808 513 838 te
541 802 680 838 salvum
699 801 811 852 feeit.

249 867 382 908 Refut.
407 866 474 907 LI.
518 866 674 907 Nullum
696 868 796 907 inest
817 867 855 906 in
877 867 947 906 fide
972 867 1227 907 mendacium.
1282 866 1384 907 Nam
1407 868 1438 906 si
1464 868 1659 918 mentitur,

138 935 230 975 tides
254 950 329 975 non
353 943 425 976 est.
488 935 543 975 At
562 935 626 975 ille
648 950 730 975 eum
756 934 941 984 dixisset,
974 937 1207 982 Fe‘le'Dam’d,
1243 949 1264 975 a
1287 932 1444 975 Christo
1469 935 1660 983 laudatur,

138 1017 352 1057 nomenque
380 1004 581 1043 confessus
609 1004 707 1057 quod
734 1003 898 1057 petierat
923 1002 1117 1056 impetrat.
1177 1001 1269 1043 Non
1296 1003 1359 1043 ille
1382 1003 1601 1057 increpatur
1623 1011 1663 1043 ut

137 1071 326 1121 mendax,
360 1071 425 1110 sed
451 1071 695 1125 praedicatur
719 1078 759 1111 ut
783 1070 919 1111 fidelis.
980 1069 1073 1110 Non
1100 1071 1227 1111 carnis
1252 1071 1369 1124 igitur
1398 1078 1481 1110 erat
1503 1084 1660 1125 experS‚

138 1139 198 1192 qui
229 1139 275 1179 ob
308 1139 410 1179 illam
444 1139 609 1179 nominis
639 1138 923 1180 invocationem
957 1152 1072 1179 caeco
1110 1139 1236 1180 visum
1268 1139 1449 1179 restituit.
1513 1136 1663 1192 Quippe

139 1221 215 1247 non
238 1220 333 1247 vana
356 1207 544 1248 duntaxat
568 1206 712 1262 specie,
747 1207 813 1247 sed
835 1207 962 1261 reipsa
985 1207 1192 1247 secund‘um
1220 1221 1375 1248 earnem
1400 1221 1420 1247 e
1446 1207 1564 1260 stirpe
1586 1204 1664 1246 Da-

138 1274 235 1315 vidis
261 1275 447 1329 originem
475 1276 642 1316 duxerat
666 1276 711 1316 de
738 1274 960 1315 beatissima
985 1274 1136 1328 virgine
1160 1273 1286 1316 Maria
1310 1282 1437 1326 natus,
1471 1282 1510 1315 et
1532 1289 1552 1314 a
1576 1289 1664 1314 san-

138 1349 200 1383 cto
230 1342 366 1397 spiritu
399 1344 600 1384 formatus.

249 1409 382 1452 Seliol.
409 1411 497 1452 LII.
540 1411 738 1453 Mutitavit
757 1411 852 1451 ista:
886 1414 1100 1463 Assumple's
1116 1414 1303 1450 duodecim
1323 1415 1388 1459 ait,
1421 1414 1519 1451 Eece
1536 1425 1663 1450 aseen-
1685 1419 1757 1447 ibid.
1776 1422 1814 1448 31.

136 1482 255 1519 dimus
280 1482 593 1531 Hierosolymam,
628 1488 666 1519 et
687 1481 1036 1519 consmnmabuntm'
1060 1482 1179 1518 omnia
1204 1495 1297 1531 qnae
1322 1483 1462 1531 scripta
1487 1487 1575 1518 sune
1595 1495 1664 1531 per

130 1550 332 1600 prophetas
356 1550 400 1587 tle
409 1550 500 1600 filio
523 1551 702 1587 homimis:
736 1551 926 1595 tradetur,
962 1550 1168 1595 occidetur,
1204 1556 1241 1587 et
1260 1552 1369 1587 tertia
1392 1551 1451 1587 die
1473 1556 1658 1599 resurget.

135 1614 243 1657 Haec
275 1616 403 1657 omnia
434 1617 603 1657 sustulit.

248 1751 380 1792 Refut.
402 1751 489 1792 LII.
530 1750 584 1793 Ut
606 1765 789 1806 nusquam
810 1759 916 1792 recta
938 1752 1148 1804 gradiatur.
1191 1749 1432 1805 Quamquam
1451 1751 1551 1791 illius
1571 1751 1664 1791 obli-

138 1820 263 1875 quitas
291 1834 335 1860 ac
359 1820 455 1860 mala
481 1820 518 1860 in
545 1820 720 1860 omnibus
745 1820 838 1860 fides
862 1819 1091 1874 reprehendi
1115 1825 1254 1873 potest.
1316 1817 1451 1859 Verba
1477 1819 1576 1859 enim
1603 1818 1665 1858 illa

139 1888 394 1929 dissimulavit
427 1888 537 1938 ideo,
584 1895 626 1928 ut
658 1902 755 1942 quae
787 1889 831 1928 ad
864 1887 1008 1928 Christi
1041 1886 1259 1942 passionem
1292 1886 1455 1927 attinent
1486 1893 1660 1941 negaret.

139 1954 218 1996 Sed
239 1971 321 1996 cum
345 1957 480 1996 deinde
501 1956 730 1996 crucifixum
750 1956 910 1996 eundem
934 1962 1022 1996 esse
1045 1955 1268 2005 confitetur,
1300 1956 1440 1995 frustra
1463 1962 1524 1995 est
1543 1954 1665 1995 omnis

139 2024 184 2064 ab
217 2038 264 2064 eo
296 2024 531 2078 depravandi
561 2025 661 2065 illius
692 2024 765 2064 loci
795 2030 997 2079 susceptus
1028 2023 1151 2064 labor.

252 2092 383 2132 Schol.
411 2090 520 2132 Llll.
566 2091 771 2147 Expunxit
803 2100 840 2132 et
870 2099 982 2147 caput
1010 2091 1100 2131 illud
1127 2092 1171 2130 de
1200 2091 1332 2142 asino,
1376 2089 1599 2145 Bethphage
1627 2097 1661 2130 et
1683 2102 1807 2139 Cap.19‚
1826 2107 1868 2133 29.

139 2160 233 2201 urbe
256 2167 369 2213 atque
391 2160 546 2214 templo.
611 2163 786 2210 Quoniam
807 2164 984 2212 seriptum
1008 2157 1083 2207 esi,
1118 2163 1255 2198 Damas
1277 2173 1354 2198 mea
1377 2161 1504 2197 domus
1526 2161 1664 2197 oraa‘o-
1684 2171 1755 2199 thid.
1774 2175 1814 2201 46.

138 2232 196 2267 nis
226 2230 430 2268 vocabitur.
494 2231 544 2267 Ec
562 2230 698 2281 facillis*
727 2243 804 2268 eam
833 2231 1043 2281 speluncam
1075 2230 1273 2267 latronum.

250 2364 383 2405 Refut.
409 2363 518 2404 LllI.
565 2362 692 2405 Caeca
720 2372 778 2405 est
800 2364 1023 2418 improbitas
1050 2364 1196 2414 omnis,
1231 2377 1302 2403 nec
1330 2377 1374 2403 ea
1399 2362 1502 2402 videt
1530 2361 1664 2416 quibus

139 2433 319 2486 redargui
346 2432 490 2486 possit,
536 2447 579 2472 ac
602 2446 644 2472 se
666 2433 763 2486 quod
790 2432 873 2473 fieri
899 2433 1032 2486 nequit
1053 2432 1232 2481 omniuo,
1281 2430 1454 2471 veritatis
1477 2430 1577 2470 viam
1603 2444 1666 2470 oc-

140 2501 285 2541 cultare
316 2507 445 2554 sperat
476 2514 605 2555 posse.
669 2498 734 2540 Sic
765 2500 837 2541 iste
863 2499 1148 2555 praetermissis
1181 2500 1227 2539 iis
1254 2498 1429 2538 omnibus
1461 2511 1558 2552 quae
1587 2498 1664 2537 dixi

142 2568 328 2623 capitibus
361 2568 520 2622 abrupte
553 2568 751 2618 transiliit,
796 2575 835 2608 nt
867 2569 956 2608 illud
985 2569 1029 2608 de
1057 2568 1194 2622 templo
1223 2566 1480 2606 testimonium
1506 2565 1662 2616 vitaret,

142 2651 215 2690 quo
248 2636 440 2691 peculiare
475 2635 545 2676 sibi
580 2636 669 2675 illud
703 2649 790 2676 esse
822 2651 865 2676 ae
896 2636 1039 2676 nomini
1072 2650 1142 2676 suo
1175 2635 1421 2675 constitutum
1454 2633 1662 2686 significat.

141 2703 202 2744 Ac
228 2703 408 2758 deinceps
440 2703 486 2743 ab
513 2702 775 2743 Hierichuntis
802 2704 995 2744 mentione
1025 2711 1140 2744 totam
1169 2702 1317 2742 itineris
1344 2701 1483 2742 seriem
1510 2702 1663 2752 omittit⁷

143 2778 257 2825 utque
292 2770 516 2811 Bethaniam
551 2785 595 2811 ac
628 2769 850 2826 Betliphage
881 2772 1116 2826 pervenerit.
1179 2769 1301 2811 Vetus
1337 2770 1436 2809 enim
1474 2777 1556 2809 erat
1588 2770 1663 2820 via,

145 2852 241 2892 quae
264 2853 332 2894 per
356 2836 501 2880 Oliveti
527 2845 694 2879 montem
717 2838 991 2894 Hierosolyma
1017 2838 1200 2889 ducebat,
1235 2851 1346 2892 quam
1368 2838 1467 2878 haud
1489 2838 1668 2892 ignorant

187 2937 240 2972 24.
268 2942 413 2972 Construe
437 2936 531 2973 ’Όλα
561 2940 665 2974 ταῦτα
698 2939 879 2983 παρέκυψε,
970 2943 1023 2974 25.
1048 2944 1152 2981 Supra
1177 2935 1238 2973 ἔτι.

143 2983 195 3018 ἵνα
218 2983 251 3019 ἐν
275 2985 393 3029 μηδένι
421 2982 648 3029 ἆρὲοτῑοδήσῃ.
971 2986 1024 3021 26,
1051 2988 1156 3027 Supra
1180 2987 1261 3018 abest
1282 2982 1500 3028 κληὲἤσεται.
