2034 3267
782 605 961 643 sANeT1

536 706 1210 763 EPIPHANII

282 843 746 891 CONTRA
834 841 1467 889 HAERESES

656 965 771 997 LIBRI
801 967 822 997 Ι.
857 965 1008 997 TOMUS
1034 966 1088 996 ΙΙΙ.

398 1125 757 1174 CONTRA
815 1124 1353 1185 MARCOSIOS,

508 1205 700 1253 haeresis
724 1204 874 1265 XIV.‚
911 1206 1003 1253 sive
1030 1205 1240 1252 XXXIV.

225 1305 383 1347 Marcus
416 1321 508 1347 vero
541 1306 714 1360 quidam,
757 1321 777 1346 a
809 1320 881 1360 quo
909 1304 1192 1346 Marcosiorum
1220 1312 1325 1346 secta
1354 1305 1572 1360 pullulavit,
1616 1320 1637 1346 a
1665 1314 1740 1357 Cap.
1761 1316 1781 1346 1.

115 1374 306 1429 prioribus
331 1375 404 1415 illis
431 1376 647 1430 profectus,
681 1388 725 1414 ac
745 1374 897 1414 diversa
922 1374 1106 1428 quaedam
1129 1373 1174 1413 ab
1196 1373 1269 1413 iilis
1293 1374 1486 1424 sentiens,
1522 1373 1638 1428 pesti-

115 1444 236 1483 ferum
267 1442 306 1482 in
332 1443 462 1483 orbem
490 1443 595 1483 virus
623 1441 806 1482 evomuit.
870 1441 943 1482 Hie
970 1442 1069 1481 enim
1097 1440 1276 1482 Secundo
1305 1448 1418 1495 atque
1448 1440 1636 1496 Epiphani

112 1517 151 1550 et
172 1508 396 1551 Ptolemaeo
424 1509 708 1564 Valentinoque
739 1510 952 1550 succedens
982 1510 1197 1550 insaniores
1228 1510 1273 1549 ad
1307 1524 1428 1563 nugas
1460 1524 1503 1550 ae
1534 1510 1639 1550 velut

112 1578 380 1619 circulatorum
410 1579 555 1618 fabulas
581 1578 810 1618 asserendas
840 1591 1069 1632 progressus
1097 1584 1170 1618 est.
1234 1576 1285 1616 Et
1308 1577 1458 1631 quidem
1482 1578 1637 1618 mulier-

115 1645 220 1686 culas
245 1646 427 1701 virosque
452 1646 647 1686 fraudibus
670 1646 750 1686 suis
774 1646 1058 1686 circumventos
1083 1645 1256 1696 induxit,
1290 1645 1531 1699 superiorum
1556 1645 1637 1685 itto-

113 1727 194 1754 rum
217 1714 466 1769 impostorum
490 1721 689 1754 corrector
714 1713 886 1764 babitus,
921 1727 1004 1753 cum
1028 1713 1263 1767 magicarum
1285 1720 1391 1753 esset
1411 1714 1547 1753 artium
1574 1728 1638 1768 ap—

114 1781 235 1836 prime
257 1782 416 1837 peritus.
482 1780 752 1836 Compluribus
776 1781 889 1835 igitur
912 1780 1109 1835 utriusque
1130 1794 1249 1822 sexus
1273 1795 1314 1821 se
1340 1788 1379 1821 ut
1401 1780 1638 1836 potissimum

114 1851 290 1891 audirent
315 1850 526 1904 persuasit,
573 1857 703 1904 utpote
727 1848 1025 1889 scientissimum
1051 1850 1293 1904 maximaque
1321 1863 1373 1890 ex
1397 1849 1550 1889 nomine
1576 1863 1638 1890 ca-

113 1918 287 1959 rentibus
313 1918 512 1972 visumque
538 1917 771 1971 fugientibus
795 1917 888 1957 loeis
913 1924 1100 1971 potestate
1127 1918 1361 1972 praeditum,
1407 1931 1456 1958 ex
1481 1932 1553 1972 quo
1578 1931 1639 1957 re-

115 2000 209 2028 vera
237 2001 279 2027 se
305 1985 533 2026 Antichristi
559 1999 852 2041 praecursorem
879 1985 1060 2026 ostendit.
1122 1985 1307 2025 Anaxilai
1334 1986 1477 2026 ludicra
1503 1986 1638 2040 quippe

115 2054 264 2095 somnia
287 2069 370 2094 cum
393 2068 524 2095 eorum
550 2068 645 2108 quos
667 2067 798 2107 magos
821 2054 1039 2103 nominant,
1074 2053 1243 2093 versutia
1269 2054 1507 2108 coniungens
1528 2062 1640 2108 atque

115 2122 210 2163 iisee
231 2122 450 2177 praestigiis
473 2129 510 2162 et
530 2122 674 2162 artibus
697 2121 859 2161 illudens
881 2128 1119 2175 spectatores
1142 2135 1274 2162 omnes
1294 2136 1338 2162 ae
1359 2123 1527 2162 fautores
1548 2135 1639 2161 suos

115 2190 153 2230 in
185 2197 379 2246 stuporem
407 2190 774 2243 admirationemque
807 2189 1021 2241 convertit3
1060 2190 1157 2244 quod
1190 2191 1310 2244 ipsum
1344 2190 1390 2230 ad
1417 2189 1637 2230 hodiernam

117 2272 237 2313 usque
261 2258 359 2299 diem
385 2266 600 2299 sectatores
626 2258 726 2297 illius
754 2256 908 2297 faciunt.
972 2255 1197 2298 Cuiusmodi
1223 2257 1393 2311 magicae
1417 2258 1510 2297 artis
1536 2258 1640 2297 faita-

117 2326 196 2367 eias
220 2326 281 2381 qui
307 2327 462 2377 vident,
500 2334 539 2366 ut
563 2326 607 2366 ab
633 2325 696 2366 illo
722 2325 908 2379 quondam
935 2326 1019 2366 dum
1047 2325 1220 2374 viveret,
1254 2325 1310 2365 sic
1334 2325 1379 2365 ab
1405 2325 1503 2365 iliius
1528 2325 1639 2365 modo

117 2394 390 2445 sectatoribus,
423 2393 607 2434 miracula
632 2393 711 2433 fieri
734 2392 983 2434 arbitrantur.
1039 2390 1137 2433 Cum
1161 2393 1258 2434 enim
1286 2400 1412 2433 mente
1434 2393 1546 2432 etiam
1569 2392 1641 2447 ipsi

120 2462 218 2517 capti
244 2462 336 2512 sint,
366 2469 404 2502 ut
424 2463 497 2502 ista
521 2462 742 2501 discernere
762 2462 915 2502 omnino
937 2469 1145 2516 nequeant,
1175 2461 1333 2514 magieis
1358 2460 1640 2501 cantationibus

118 2529 288 2581 ludicra,
325 2538 365 2570 ut
386 2544 460 2570 uno
483 2529 602 2570 verbo
627 2529 771 2579 dicam,
805 2529 990 2570 eiusmodi
1012 2529 1212 2569 tribuenda
1234 2543 1307 2569 non
1332 2529 1476 2569 vident.
1526 2526 1640 2568 Falsa

120 2597 256 2653 quippe
290 2598 470 2653 opinione
507 2596 656 2652 decepti
690 2596 845 2637 hebetes
880 2605 992 2652 atque
1024 2597 1176 2637 attoniti
1208 2597 1430 2636 redduntur.
1493 2593 1642 2636 Ferunt

120 2666 219 2706 enim
250 2665 321 2706 tria
345 2667 441 2722 apud
469 2666 554 2706 illos
581 2664 849 2705 candidissimo
875 2679 925 2705 ex
951 2666 1050 2705 vitro
1078 2679 1171 2706 vasa
1196 2664 1433 2718 comparari,
1478 2663 1516 2704 in
1546 2677 1641 2718 quae

121 2733 245 2774 album
272 2733 401 2774 viuum
426 2734 620 2783 infusum,
654 2733 739 2772 dum
764 2731 864 2773 iit-nm
888 2747 998 2788 quam
1025 2739 1158 2788 putant
1182 2732 1471 2783 eucharistiam,
1505 2745 1643 2773 revera

123 2840 248 2867 ctorum
265 2842 430 2868 correctm
446 2835 629 2873 habeiQetur
649 2833 858 2866 offuciarum-
903 2835 986 2887 τες]
1001 2841 1118 2878 utpote
1146 2835 1200 2878 qui
1231 2840 1263 2866 et
1287 2833 1518 2866 scientissimus
1547 2840 1642 2873 esset,

124 2890 184 2922 que
195 2892 392 2924 ma⁰1cattlm
406 2881 616 2924 pesitlSSlmUS
633 2880 796 2920 ΘΧὶΒῖΕΓΕἷ,
810 2880 858 2911 dl-
903 2892 1031 2912 ΠῙάΧΙΠὶἱ
1024 2892 1139 2924 {mque
1155 2891 1223 2911 SlVe
1238 2891 1256 2911 a
1273 2878 1354 2911 loels
1369 2890 1438 2910 Sive
1456 2891 1474 2910 a
1490 2878 1597 2922 logis
1588 2891 1641 2910 ln·

125 2931 192 2956 ctas
211 2934 319 2957 autem
340 2926 510 2968 dictosque·
531 2937 642 2957 omues
661 2925 857 2967 decepisset)
904 2925 1042 2957 visitatis
1061 2924 1333 2967 innominatisque
1353 2924 1437 2964 vim,
1463 2935 1519 2955 seu
1526 2903 1644 2956 bvirtu-

125 2975 160 3000 ut
182 2970 240 3001 sibi
264 2971 472 3002 attenderent
497 2971 602 3025 [prout
625 2972 726 3002 lucas
748 2972 784 3002 de
808 2972 858 3002 St'-
903 2977 990 3010 tem,
1017 2970 1190 3002 obtineret.

125 3024 210 3047 'norae
227 3016 319 3056 Mago
338 3020 401 3049 Act.
417 3016 447 3049 9.
475 3017 523 3049 lv.
547 3027 574 3060 ῳ
595 3018 761 3059 προςεῖχον
780 3012 858 3048 πάν-
