2034 3267
499 163 677 196 PANARu
699 163 781 197 Lm.
802 165 826 198 Ι.
850 164 956 198 ΤοΜ.
973 165 1028 198 nr.
1063 163 1193 198 HAER.
1210 164 1318 197 XLn.
1583 158 1663 199 679

259 239 391 283 Schol.
418 240 456 282 ΙΙ
484 249 522 282 et
547 241 772 284 XXXVII.
833 247 918 283 Ideo
951 247 1063 292 dz'ez't,
1098 247 1222 296 Surge
1253 248 1321 297 qui
1347 247 1504 294 dormis,
1539 254 1577 285 et
1603 261 1662 285 re·
1681 261 1795 297 Eph.5‚
1812 264 1836 290 ⁴.

144 325 259 361 surge
286 324 309 348 α
339 314 513 358 mortuis,
549 319 587 349 et
613 312 839 350 illuminabit
864 319 897 350 te
929 314 1111 350 Christus.

255 376 387 417 Refut.
416 376 473 417 ΙΙΙ
502 385 539 418 et
558 376 762 419 XXXVI.
823 377 1022 420 Undenam
1052 379 1116 419 illa
1151 380 1290 431 verba,
1333 383 1418 420 Ideo
1453 384 1562 429 dicit,
1597 382 1662 422 de-

144 445 331 500 prompsit
354 445 577 500 apostolus‘?
616 444 707 486 Non
733 445 884 486 aliunde
907 447 1035 500 utique
1059 461 1168 500 quam
1192 461 1240 487 ex
1261 455 1493 489 testamento
1513 456 1660 490 vetere.

143 512 250 553 Haec
276 513 374 552 enim
399 514 496 568 apud
523 511 648 553 Etiam
674 513 867 567 leguntur.
921 512 1000 553 lam
1022 528 1114 555 vero
1143 530 1215 568 quo
1241 529 1291 555 ex
1315 530 1432 570 grege
1456 515 1564 557 Elias
1593 531 1662 558 ex-

145 581 242 620 titit?
299 579 443 620 Nonne
470 594 491 620 e
517 581 712 635 prophetis
744 595 865 631 unuS,
900 582 1039 634 quiex
1071 582 1167 635 legis
1198 584 1434 637 praescripto
1460 584 1658 636 vixerunt,

144 654 184 688 ut
207 655 245 688 et
276 648 339 688 ille
366 648 438 701 legi
471 662 514 688 ac
545 648 739 703 prophetis
765 648 953 689 inhaesit?
1014 648 1126 702 Quod
1149 650 1181 690 si
1204 651 1257 690 ita
1281 652 1318 690 in
1344 649 1501 692 Christo
1525 653 1661 694 vatici-

143 723 254 757 natus
279 723 360 756 est:
394 718 520 767 Surge
541 719 607 768 qui
627 718 786 764 dormis,
823 724 859 755 et
887 731 1042 768 resurge
1065 731 1087 756 (ι
1107 722 1283 766 mortuis,
1321 727 1359 758 et
1377 721 1602 759 illuminabit
1628 729 1662 760 te

143 786 336 831 Christus,
371 783 481 838 plane
509 784 630 838 ipsum
657 783 875 838 exemplar,
910 785 1008 837 quod
1035 785 1167 838 figuris
1194 786 1267 827 illis
1294 787 1554 828 adumbratum
1583 795 1657 839 est,

141 852 179 892 in
203 850 383 902 Lazaro,
418 850 634 904 ceterisque
666 850 701 890 id
725 864 847 904 genus
877 851 1071 906 impletum
1105 860 1178 894 est.
1239 852 1299 894 De
1324 853 1478 895 Lazaro
1509 855 1659 909 quidem

141 917 294 959 Martha
320 933 365 959 ac
389 917 514 958 Maria
537 918 754 958 dubitantes
777 919 828 958 ita
853 919 1004 959 locutae
1026 928 1135 960 sunt:
1176 924 1252 960 Iam
1273 924 1407 975 foetet,
1443 927 1660 974 qnatrz'dcca-
1695 918 1796 987 {ff'ffij

140 1001 210 1026 nus
234 995 300 1025 est.
363 986 418 1026 At
442 999 663 1040 synagogae
687 986 868 1041 principis
893 987 1068 1027 comites.
1129 991 1268 1037 Nolite,
1303 989 1539 1044 inquiebant,
1561 994 1660 1045 sati-

137 1069 233 1106 gare
266 1057 497 1105 magzstrum.
563 1051 640 1094 Sed
673 1054 847 1094 dominus
885 1054 960 1095 ista
995 1055 1180 1096 subiecit:
1233 1060 1359 1097 Nolite
1393 1061 1542 1108 tc'mere3
1586 1076 1658 1100 non
1671 1077 1857 1111 Marc.5,39.

139 1125 232 1161 em'm
264 1130 430 1161 mortuus
451 1130 526 1170 est,
560 1124 627 1160 sed
648 1124 795 1160 dormit.
859 1120 938 1162 Iam
971 1130 1048 1163 tum
1082 1124 1181 1164 enim
1210 1126 1337 1166 futura
1370 1141 1438 1181 per
1463 1124 1658 1168 Christum

138 1189 373 1230 resurrectio
399 1189 516 1230 divini
541 1189 648 1230 verbi
675 1190 880 1244 praeconio
912 1190 1192 1233 celebrabatur.
1257 1192 1334 1234 Sed
1364 1202 1401 1234 et
1428 1202 1657 1249 potestatem

137 1258 238 1298 illius
259 1257 472 1312 agendique
498 1257 720 1298 facilitatem
743 1259 952 1313 expressit,
987 1265 1027 1298 ut
1053 1274 1163 1313 quam
1191 1268 1327 1315 potens
1354 1270 1458 1302 esset
1477 1261 1657 1305 Christus

140 1326 378 1376 ostenderet,
413 1339 464 1365 ex
486 1339 532 1365 eo
559 1326 657 1379 quod
682 1326 737 1366 uti
759 1326 902 1366 homini
925 1326 1142 1368 facillimum
1165 1336 1223 1369 est
1244 1343 1320 1369 non
1350 1337 1556 1382 mortuum,
1590 1333 1658 1372 sed

138 1393 389 1434 dormientem
419 1407 516 1434 voce
542 1394 752 1444 suscitare,
783 1394 836 1434 ita
862 1391 1017 1435 Christo
1043 1396 1364 1451 promptissimum
1397 1406 1482 1439 erat
1512 1400 1655 1451 dicere,

136 1464 298 1509 [αι’-τινε,
324 1463 545 1514 vem'soras,
575 1468 670 1512 tum,
700 1465 821 1509 sturm,
850 1465 963 1501 Humi
983 1465 1142 1511 ΤαΙίῐΙῑα,
1179 1464 1249 1505 hoc
1272 1473 1332 1505 est
1354 1469 1491 1518 Surge,
1511 1470 1652 1519 puella.

133 1527 263 1583 lisque
288 1529 611 1580 manifestissimis
642 1530 878 1584 argumentis
909 1530 968 1570 dei
1000 1531 1159 1572 verbum
1191 1532 1431 1574 vocationem
1464 1536 1657 1576 indicabat

65 1605 67 1607 '
135 1604 323 1648 nostram,
353 1593 625 1651 Christumque
648 1597 838 1637 dominum
859 1598 905 1638 ab
929 1598 1108 1653 operibus
1131 1601 1291 1641 mortuis
1315 1609 1352 1641 et
1372 1602 1557 1643 altissimo
1580 1619 1654 1659 quo

134 1664 359 1705 tenebamur
388 1679 522 1705 somno
550 1665 806 1720 nosmetipsos
835 1666 1094 1718 excitantem,
1128 1682 1171 1708 ac
1202 1670 1405 1710 vocatione
1434 1685 1502 1711 sua
1535 1673 1654 1713 collu-

132 1740 342 1784 strantem,
377 1747 471 1786 quae
498 1733 647 1788 quidem
682 1734 850 1774 secunda
875 1734 944 1774 fuit
976 1735 1170 1776 habitudo.
1233 1735 1334 1777 Nam
1366 1740 1576 1792 perfectum
1609 1754 1653 1781 ac

132 1801 314 1855 generale
346 1801 436 1841 illud
470 1802 749 1856 expectandum
784 1809 865 1852 est,
907 1817 991 1842 cum
1026 1803 1202 1844 nimirum
1233 1804 1297 1845 ille
1330 1805 1412 1860 ipse
1444 1807 1505 1861 qui
1537 1808 1649 1859 dixit,

131 1872 215 1920 Ego
238 1883 317 1907 sum
338 1872 583 1917 resurreetio,
618 1870 822 1910 universos
844 1871 1090 1923 evocaverit,
1124 1879 1160 1912 et
1184 1886 1345 1927 corpore
1371 1889 1414 1915 ac
1435 1882 1564 1916 mente
1587 1891 1652 1931 pa-

133 1935 228 1976 riter
259 1935 461 1985 excitarit,
495 1944 606 1990 atque
638 1937 675 1977 in
708 1939 835 1978 futuro
867 1938 1034 1979 adventu
1065 1953 1133 1980 sua
1164 1940 1248 1981 luce
1279 1943 1504 1995 perfuderit.

248 2001 379 2044 Schol.
409 2002 465 2043 ΙΙΙ
489 2011 526 2044 et
547 2002 793 2045 XXXVIII.
855 2004 896 2046 ln
928 2020 974 2046 eo
1005 2007 1104 2060 quod
1132 2009 1311 2062 scriptum
1345 2017 1427 2061 est,
1460 2013 1654 2065 Relinquat
1671 2028 1744 2065 Eph.
1764 2032 1790 2065 5,
1810 2031 1850 2059 31.

133 2074 239 2111 homo
259 2080 410 2124 ‚patrem
435 2087 539 2111 sumn
569 2081 606 2111 et
631 2081 804 2122 matrem,
839 2082 876 2113 et
903 2076 1119 2114 adhaerebit
1146 2080 1278 2124 uoeorz',
1312 2085 1349 2116 et
1374 2087 1484 2118 erunt
1512 2083 1583 2119 deco
1613 2085 1650 2120 in

130 2154 275 2179 carnem
306 2155 436 2188 unam,
470 2140 720 2192 vocabulum,
759 2144 896 2190 Uoeori,
931 2143 1098 2184 sustulit.

244 2207 378 2248 Resut.
403 2206 460 2247 ΙΙΙ
483 2215 522 2248 et
541 2206 784 2249 XXXVIII.
846 2208 1138 2266 Saepenumero
1171 2212 1366 2254 docuimus
1396 2214 1493 2255 haud
1525 2216 1649 2258 aliena

131 2289 217 2316 esse
242 2289 338 2330 quae
362 2276 401 2316 iu
425 2276 510 2330 lege
541 2283 630 2316 sunt
653 2277 699 2316 ab
723 2277 770 2318 iis
799 2291 896 2331 quae
921 2280 1115 2332 apostolus
1140 2280 1315 2332 tradidit,
1351 2282 1444 2333 etsi,
1476 2282 1644 2336 Marcio,

131 2358 270 2384 nomen
299 2344 434 2384 uxoris
461 2345 715 2399 expunxeris.
777 2345 943 2386 Eteuem
972 2346 1036 2387 illa
1063 2347 1147 2402 ipsa
1171 2348 1311 2399 verba,
1344 2353 1469 2390 Erunt
1496 2355 1533 2391 z'n
1563 2368 1647 2393 car·-

129 2427 207 2452 nem
238 2426 368 2459 emam,
404 2413 574 2453 fraudem
608 2419 708 2453 tuam
741 2414 834 2453 satis
864 2428 1055 2469 superque
1086 2417 1282 2470 detegunt.

129 2560 191 2592 EX
202 2560 414 2592 EPISTOLA
435 2560 492 2591 AD
509 2559 816 2600 COLOSSENSES,
840 2562 969 2602 QUAM
990 2562 1200 2595 OCTAVAM
1216 2563 1383 2596 MARCIO
1404 2565 1644 2608 COLLOCAT,

646 2618 896 2650 APOSTOLUS
921 2620 1036 2652 VERO
1061 2620 1131 2652 VH.

242 2694 374 2737 Schol.
399 2693 417 2735 Ι
438 2702 475 2735 et
499 2693 705 2736 XXXIX.
767 2699 882 2737 Nemo
913 2713 1003 2750 ergo
1039 2713 1100 2738 vos
1131 2701 1267 2738 iudicet
1299 2703 1336 2739 z'n
1369 2702 1469 2748 cibo,
1511 2711 1578 2742 aut
1604 2708 1640 2745 z‘n
1668 2720 1731 2749 Col.
1750 2722 1781 2755 2,
1800 2723 1839 2751 16.

130 2844 197 2885 γῶν
226 2839 442 2882 ἀποδείξεων,
477 2853 555 2883 quae
581 2853 636 2874 nos
656 2847 724 2883 post
747 2844 863 2886 κλῆσιν
953 2844 1005 2878 92.
1029 2843 1144 2879 τούτου
1164 2848 1282 2878 restitui
1302 2857 1359 2887 pro
1378 2849 1448 2891 τοῦ,
1472 2851 1553 2890 quod
1573 2854 1640 2884 vul-

129 2889 260 2920 incidere
288 2891 389 2928 iubet,
424 2892 450 2920 et
479 2891 671 2920 accusativos
700 2887 863 2930 ἐγείροντα
908 2902 946 2932 9⁰
970 2896 1062 2923 extat.

129 2930 184 2966 τὸν
206 2931 350 2975 Χριστὸν
372 2935 503 2974 pendere
527 2935 565 2964 ab
590 2931 807 2981 firtossstxvuzv.
954 2934 1007 2969 93.
1034 2936 1313 2971 ΚΟΛΟΣΣΕΙΣ
1337 2940 1406 2971 edit.
1431 2941 1536 2972 Petav-
