2034 3267
194 374 280 416 Κεφ.
305 371 340 411 ς’.

217 665 282 692 pag.
296 656 352 682 130.

319 2597 355 2639 ‘sY

206 2598 292 2642 Κεφ.

229 2818 292 2845 pag.
312 2811 367 2838 131.

375 156 456 195 ‘250
935 157 1095 189 SANCTI
1117 158 1339 190 EP1PHAN11

373 241 588 290 ἐπισκοπῆς
617 233 735 276 αὐτὸν
763 236 992 283 καταξιοῦν,
1019 257 1075 264 —
1105 230 1127 273 ὅ
1151 233 1192 273 δὲ
1214 233 1361 283 ἔφασκε
1382 233 1521 277 τούτου
1545 236 1655 290 χάριν
1679 239 1886 289 συνῆφθαι

372 308 440 347 καὶ
469 306 577 359 ἑτέρᾳ
607 302 778 357 γυναικὶ,
810 299 918 348 ὅπως
949 297 1153 354 διαδράσοι
1179 297 1249 347 τάς
1277 298 1405 340 αὐτῶν
1431 306 1672 355 χειροτονίας.

480 369 589 411 Ἀλλά
609 367 786 421 ἐπάνειμι
806 366 876 420 τήν
895 365 1091 421 ὑφήγησιν
1110 371 1179 420 τῆς
1198 365 1296 407 κατά
1315 365 1383 407 τόν
1401 368 1639 423 πατριάρχην
1658 368 1886 417 ὑποθέσεως

372 440 438 480 καὶ
467 436 587 478 αὐτοῦ
615 440 684 477 τοῦ
706 433 896 488 Ἰωσήπου
927 436 980 483 εἰς
1003 432 1224 486 τούμφανὲς
1247 431 1346 474 κατά
1371 433 1579 488 λεπτότητα
1601 443 1681 486 τοῖς
1704 436 1886 490 βουλομέ-

372 521 455 553 νοις
479 502 719 558 ἐντυγχάνειν
742 502 806 543 διά
829 507 906 542 τῶν
935 500 1000 542 ὑπ’
1027 503 1175 542 ἐκείνου
1197 499 1321 555 λόγων
1344 501 1429 553 ἐμοὶ
1453 503 1660 555 εἰρημένων
1683 503 1887 557 ποιησόμε-

371 589 448 620 νος.
509 572 588 612 Καὶ
608 569 683 623 ἤδη
705 570 785 622 μὲν,
818 568 870 617 ὥς
892 571 1038 617 ἐκεῖνος
1057 567 1259 622 ὑφηγεῖτο,
1290 572 1360 609 τοῦ
1381 567 1619 623 πατριάρχου
1636 574 1798 624 λουτροῦ
1821 588 1887 611 κα-

372 639 646 691 ταξιουμένου,
677 636 742 679 διά
762 642 839 678 τῶν
860 639 899 678 ἐν
921 642 1004 685 ταῖς
1026 635 1172 690 θύραις
1194 633 1376 690 άρμογῶν
1399 637 1487 676 εἴσω
1509 636 1783 689 παρακύπτων,
1813 655 1887 690 φη-

371 708 430 758 σὶ,
460 704 673 747 κατενόουν
689 704 735 745 τά
756 703 834 746 find
859 708 931 746 τοῦ
953 702 1167 745 ἐπισκόπου
1186 707 1239 758 τῷ
1259 701 1471 759 πατριάρχῃ
1489 701 1690 757 γινόμενα,
1720 706 1773 753 εἰς
1793 710 1889 746 νοῦν

371 791 410 815 τε
439 776 596 826 ἔλαβον,
635 774 703 814 καὶ
732 770 821 826 παρ’
852 773 1005 828 ἐμαυτῷ
1036 768 1303 823 ἐταμιευόμην.
1363 771 1441 810 Καὶ
1471 773 1629 824 χρυσίου
1659 768 1776 824 ὁλκήν
1803 789 1888 813 τινα

371 840 611 893 ἱκανωτάτην
635 842 731 892 ἔχων
757 838 863 892 παρά
885 845 990 892 χεῖρα
1017 836 1039 880 ὁ
1062 836 1179 886 αὐτὸς
1203 837 1463 891 πατριάρχης,
1504 839 1673 885 ἐκτείνας
1694 836 1764 890 τήν
1786 844 1889 893 χεῖρα

373 910 542 950 ἐπέδωκε
562 912 615 964 τῷ
638 906 853 963 ἐπισκόπω,
885 906 1047 958 φάσκων
1067 905 1138 955 ὅτι,
1169 903 1374 959 Πρόςφερε
1392 902 1489 957 ὑπὲρ
1510 906 1617 957 ἐμοῦ.
1669 907 1888 959 Γέγραπται

372 975 464 1031 γάρ,
506 974 571 1016 διά
597 979 676 1016 τῶν
701 975 834 1028 ἱερέων
864 978 933 1015 τοῦ
957 978 1056 1014 θεοῦ
1081 970 1336 1025 δεσμεύεσθαι
1358 973 1424 1013 καὶ
1443 970 1606 1013 λύεσθαι
1629 973 1693 1014 ἐπὶ
1715 978 1784 1025 τῆς
1805 977 1888 1027 γῆς,

373 1045 439 1084 καὶ
464 1045 568 1084 ἔσται
587 1046 706 1083 ταῦτα
730 1041 913 1093 λελυμένα
935 1042 998 1082 καὶ
1020 1041 1203 1092 δεδεμένα
1228 1040 1269 1080 ἐν
1292 1044 1344 1095 τῷ
1366 1037 1532 1096 οὐρανῷ.
1589 1038 1656 1088 Ὡς
1678 1035 1751 1080 οὗν
1770 1045 1891 1080 ταῦτα

374 1110 572 1165 ἐπράχθη,
613 1110 731 1162 φησὶ,
771 1110 836 1149 καὶ
858 1106 1069 1162 ἠνοίγησαν
1091 1110 1133 1148 αῖ
1155 1105 1302 1160 θύραι,
1343 1105 1516 1159 ήρωτᾶτο
1539 1104 1617 1148 ὖπὸ
1642 1112 1718 1148 τῶν
1744 1108 1891 1148 ἐπισκε-

373 1178 574 1230 πτομένων
598 1175 621 1218 ὁ
643 1174 882 1230 πατριάρχης
907 1180 990 1223 πῶς
1014 1177 1093 1228 ἔχοι
1118 1173 1182 1216 διά
1207 1178 1277 1214 τοῦ
1302 1173 1575 1226 βοηθήματος,-
1614 1175 1680 1215 καὶ
1705 1172 1891 1229 ω’μολόγει

373 1248 579 1293 καλλίστως
598 1245 709 1296 ἔχειν*
740 1244 806 1284 καὶ
826 1242 897 1297 γάρ
918 1242 1001 1299 ᾔδει
1023 1242 1045 1283 ὃ
1066 1244 1200 1296 ἔλεγεν.
1245 1239 1408 1281 ’Ἐπειτα
1428 1241 1468 1281 δὲ
1488 1238 1633 1295 ἡμέρας
1654 1240 1724 1283 δύο
1745 1241 1770 1295 ἢ
1790 1247 1892 1295 τρεῖς

372 1312 440 1354 τόν
461 1311 643 1367 άριθμόν,
673 1309 857 1357 πολλάκις
879 1315 950 1350 τοῦ
968 1308 1183 1351 ἐπισκόπου
1205 1308 1529 1360 ἐπισκεπτομένου
1552 1307 1670 1350 αὐτόν
1691 1310 1732 1349 ἐν
1755 1311 1890 1363 ἰατροῦ

375 1379 590 1433 προφάσει,
624 1376 819 1430 ἐκοιμήθη
840 1375 863 1417 ὁ
886 1375 1123 1430 πατριάρχης
1148 1373 1240 1427 μετά
1263 1379 1382 1427 καλῆς
1406 1373 1652 1426 άποθέσεως,
1689 1375 1892 1429 παραδούς

375 1447 442 1488 τόν
461 1449 561 1487 ἴδιον
579 1443 667 1486 υἴὸν
687 1446 830 1496 κομιδῆ
850 1445 937 1485 νέον
956 1442 1049 1485 ὅντα
1064 1441 1239 1499 Ἰωσήπῳ
1261 1458 1300 1482 τε
1316 1443 1383 1483 καὶ
1403 1441 1500 1498 ἄλλῳ
1520 1443 1592 1483 τινὶ
1612 1441 1890 1500 ἐπιεικεστάτῳ.

382 1513 437 1554 Τά
468 1512 596 1554 πάντα
618 1515 749 1553 τοίνυν
775 1510 980 1566 ἐπράττετο
1006 1509 1070 1551 διά
1098 1514 1175 1551 τῶν
1198 1508 1269 1550 δύο
1296 1508 1463 1559 τούτων,
1502 1509 1566 1550 διά
1589 1508 1630 1550 vd
1655 1511 1710 1551 ἔτι
1730 1509 1796 1551 'cdv
1818 1527 1890 1551 πα·

375 1580 556 1635 τριάρχην
586 1582 708 1620 παῖδα
736 1578 829 1621 ὄντα
857 1578 1076 1632 νηπιάζειν,
1116 1578 1182 1618 καὶ
1212 1578 1253 1618 ἐν
1282 1578 1408 1631 χερσὶν
1435 1575 1563 1618 αὐτῶν
1592 1575 1890 1632 άνατρέφεσθαι.

374 1647 437 1689 Ἐν
459 1647 582 1705 τούτῳ
604 1651 656 1704 τῷ
678 1652 801 1704 καιρῷ
824 1651 893 1700 τῆς
913 1649 1090 1694 διανοίας
1111 1649 1182 1686 τοῦ
1203 1642 1393 1697 Ἰωσήπου
1417 1646 1687 1697 ἐνοχλουμένης
1710 1644 1893 1694 πολλάκις

378 1715 442 1758 διά
462 1721 538 1757 τῶν
554 1716 769 1770 γενομένων
789 1718 983 1767 μυστικῶν
1001 1715 1042 1755 ἐν
1060 1717 1107 1770 τῇ
1125 1711 1223 1753 κατά
1243 1711 1284 1753 τὸ
1302 1710 1463 1766 λουτρόν
1482 1710 1669 1753 ὑποθέσει
1690 1713 1891 1754 ἐσκέπτετο

377 1787 412 1825 τί
442 1783 489 1824 ἂν
520 1782 685 1837 πράξειε.
744 1783 823 1823 Καὶ
849 1776 898 1835 ἦν
923 1783 1042 1822 ἐκεῖσε
1064 1781 1352 1835 γαζοφυλακίου
1376 1796 1432 1827 τις
1457 1777 1564 1827 οἶκος
1589 1781 1894 1834 ἐσφραγισμένος

381 1850 499 1900 (Γάζα
521 1851 562 1891 δὲ
582 1848 830 1904 ἑρμηνεύεται
852 1847 948 1890 κατά
969 1847 1039 1900 τήν
1057 1846 1242 1900 Ἑβραΐδα
1264 1845 1496 1901 Θησαυρός).
1559 1850 1722 1887 Πολλῶν
1743 1847 1783 1887 δὲ
1802 1853 1891 1887 πολ-

379 1917 426 1958 λοὶ
450 1918 739 1969 διανοουμένων
767 1918 856 1971 περὶ
885 1921 955 1957 τοῦ
978 1918 1263 1970 γαζοφυλακίου
1292 1913 1431 1956 τούτου
1460 1912 1524 1954 διά
1552 1912 1622 1966 τὴν
1645 1916 1841 1968 σφραγῖδα
1870 1913 1893 1955 ό

377 1983 562 2038 Ἰώσηπος
582 1984 800 2037 λεληθότως
822 1982 1013 2036 τολμήσας
1035 1981 1183 2035 ἤνοιξε,
1215 1983 1282 2023 καὶ
1307 1976 1416 2035 εὗρεν
1434 1979 1548 2022 οὐδὲν
1569 1980 1772 2034 χρημάτων
1794 1980 1893 2034 πλήν

380 2055 539 2106 βίβλους
558 2052 626 2100 τάς
644 2050 740 2106 ’ὑπὲρ
761 2050 947 2106 χρήματα.
988 2049 1276 2104 ’Λναγινώσκων
1298 2050 1339 2090 δὲ
1358 2050 1399 2091 ἐν
1418 2047 1587 2098 ταύταις,
1612 2046 1664 2096 ὦς
1682 2047 1757 2101 ἤδη
1778 2050 1891 2101 ἔφην,

379 2118 423 2161 τὸ
451 2118 549 2161 κατά
569 2118 752 2172 Ἰωάννην
779 2117 996 2173 εὐαγγέλιον
1024 2116 1101 2158 άπὸ
1129 2115 1311 2165 Ἑλλάδος
1337 2118 1389 2164 εἰς
1410 2114 1591 2170 Ἑβραΐδα
1616 2115 1754 2168 φωνήν
1783 2133 1892 2169 μετα-

382 2187 535 2240 ληφθὲν
556 2186 720 2242 ηὕρετο,
749 2187 816 2227 καὶ
838 2184 908 2233 τάς
929 2190 1006 2226 τῶν
1026 2183 1269 2226 Ἀποστόλων
1293 2183 1472 2239 Πράξεις.
1534 2181 1591 2224 Οὐ
1614 2181 1690 2235 μὴν
1713 2182 1805 2224 ἄλλά
1826 2185 1892 2224 καὶ

381 2253 424 2296 τό
456 2254 553 2296 κατά
577 2260 796 2295 Ματθαῖον
817 2251 1026 2307 Ἑβραϊκόν
1053 2258 1067 2281 1
1083 2251 1207 2303 φυτὸν
1232 2254 1274 2294 ἐκ
1297 2251 1446 2293 τούτων
1470 2249 1657 2304 άναγνοῦς
1682 2249 1796 2291 πάλιν
1822 2250 1892 2303 τήν

383 2321 559 2363 διάνοιαν
584 2322 778 2375 ἐτρύχετο,
819 2319 1009 2374 άσχάλλων
1032 2320 1100 2372 μέν
1121 2338 1204 2368 πως
1225 2322 1312 2374 περὶ
1341 2324 1409 2372 τῆς
1434 2322 1592 2366 πίστεως
1612 2322 1682 2358 τοῦ
1706 2321 1891 2372 Χριστοῦ,

380 2388 455 2442 ’ἤδη
476 2390 516 2430 δὲ
536 2391 578 2431 ἐκ
597 2389 668 2431 δύο
689 2388 913 2431 ὑποθέσεων
931 2386 1255 2440 ύπονυττόμενος,
1284 2391 1352 2440 τῆς
1371 2391 1448 2427 τῶν
1467 2388 1623 2442 βιβλίων
1642 2382 1893 2439 άναγνώσεως

382 2459 448 2499 καὶ
475 2463 542 2510 τῆς
572 2462 642 2498 τοῦ
673 2455 912 2512 πατριάρχου
942 2459 1228 2510 μυσταγωγίας,
1266 2454 1373 2508 ὅμως
1400 2458 1445 2512 τῇ
1475 2455 1613 2509 καρδία
1642 2451 1890 2507 ἐσκληρύνετο

383 2524 446 2567 οἷα
476 2529 630 2580 γίνεται.

499 2591 594 2641 ΙὩς
618 2593 658 2633 δὲ
682 2594 722 2634 ἐν
743 2590 892 2639 τούτοις
914 2591 1172 2644 κατετρίβετο,
1202 2588 1406 2644 άδρύνεται
1427 2587 1450 2630 ὁ
1471 2594 1562 2636 παῖς
1580 2586 1603 2629 ὅ
1621 2588 1892 2637 καταλειφθεὶς

384 2659 460 2701 vad
480 2658 616 2712 Ἐλλήλ
639 2661 692 2707 εἰς
716 2660 968 2713 πατριαρχίαν
984 2656 1234 2710 τρεφόμενος·
1265 2655 1394 2705 οὐδεὶς
1415 2655 1487 2711 γάρ
1512 2655 1622 2702 ἄλλος
1643 2653 1800 2708 ἁρπάζει
1823 2653 1891 2702 τοὶς

386 2725 502 2781 άρχάς
524 2726 630 2780 παρά
652 2733 733 2775 τοῖς
751 2725 966 2775 Ἰουδαίοις,
998 2722 1088 2765 άλλά
1107 2724 1190 2773 υἴὸς
1209 2725 1354 2779 πατέρα
1375 2725 1595 2776 διαδέχεται.
1649 2719 1716 2769 Ὡς
1737 2716 1806 2761 οὖν
1828 2723 1892 2762 ἐπὶ

386 2792 427 2835 τὸ
451 2793 615 2846 άκμαῖον
635 2799 703 2846 τῆς
726 2792 874 2846 ἡλικίας
895 2791 916 2833 ὁ
939 2793 1025 2839 νέος
1042 2790 1175 2845 ’ἤρχετο
1188 2826 1197 2842 ,
1227 2793 1555 2845 προςεφθείροντο
1574 2787 1676 2845 αὐτῷ
1696 2805 1794 2836 τινες
1813 2788 1891 2841 ἥλι-

386 2877 449 2910 κες
471 2859 582 2915 άργοὶ
602 2863 667 2902 καὶ
687 2860 826 2909 ἐθάδες
847 2864 991 2901 κακῶν·
1020 2857 1115 2911 τάχα
1137 2859 1179 2900 δὲ
1201 2857 1312 2912 οἶμαι
1330 2857 1479 2906 Ἰούδας
1497 2851 1610 2906 οὗτος
1631 2857 1812 2907 ἐκαλεῖτο,
1843 2854 1892 2898 οὐ

432 2953 508 2984 Cn.
527 2953 583 2985 VI.
607 2970 650 2975 —
677 2954 703 2985 1.
728 2954 778 2984 Sic
797 2955 874 2984 libri.
912 2953 1049 2983 Fortasse
1067 2953 1272 2990 reponendum
1296 2948 1403 2983 τύπον.
