2034 3267
438 206 616 238 PANARII
639 206 721 239 Lm.
739 205 764 239 Ι.
789 206 895 239 ΤΟΜ.
911 206 968 238 111.
994 206 1123 238 HAER.
1143 206 1304 238 xxxiv.
1551 198 1631 236 447

110 283 250 323 minem
272 283 493 339 scripserit,
526 285 602 325 imo
625 285 738 325 etiam
762 299 830 325 cur
853 291 988 335 sexto,
1025 284 1094 325 hoc
1119 293 1179 326 est
1202 299 1448 341 parasceueS‚
1483 284 1543 324 die
1566 299 1631 339 po-

112 358 277 392 stremus
310 352 422 392 homo
454 352 499 392 ad
526 353 813 393 instaurandam
846 351 984 406 prioris
1016 352 1177 392 hominis
1203 354 1494 407 generationem
1524 366 1630 393 suam

109 419 209 459 illam
234 420 467 460 functionem
490 420 643 469 obierit,
677 420 784 460 cuius
807 420 954 459 initium
977 433 1020 459 ac
1042 420 1127 460 linis
1148 421 1239 461 hora
1263 429 1375 462 sexta
1399 421 1526 470 fuerit,
1560 434 1631 474 qua

108 486 212 540 ligno
236 487 285 527 sit
310 488 460 528 affixus.
522 486 740 527 Perfectam
766 487 902 541 quippe
928 493 1093 526 mentem
1121 502 1204 527 eum
1232 489 1268 528 in
1294 489 1447 528 senario
1472 501 1630 528 numero

108 555 293 595 efficiendi
320 555 634 609 instaurandique
663 555 738 594 vim
766 555 896 594 inesse
924 568 997 594 non
1023 554 1244 607 ignoraret,
1289 556 1375 596 filiis
1399 556 1493 596 lucis
1516 556 1631 595 itera-

107 628 182 661 tam
208 623 309 662 illam
338 623 556 664 declarasse
582 623 897 677 generationem,
941 635 1038 675 quae
1067 636 1136 675 per
1159 622 1347 677 insignem
1371 624 1492 677 ipsum
1518 637 1631 678 appa-

106 696 255 730 rentem
280 691 316 730 in
339 704 423 730 eum
447 705 645 731 numerum
669 690 857 730 extiterit.
912 687 1021 730 Unde
1042 696 1079 728 et
1101 690 1269 744 duplices
1291 691 1421 730 literas
1443 691 1629 744 insignem

107 758 308 798 continere
338 772 538 798 numerum
568 758 708 798 docuit.
773 756 938 811 lnsignis
964 757 1063 797 enim
1089 772 1271 798 numerus
1298 772 1381 798 cum
1408 766 1570 811 quatuor
1595 766 1632 797 et

106 825 243 878 viginti
275 826 480 880 permistus
514 825 713 866 elementis
745 825 899 878 triginta
928 825 1124 865 literarum
1156 839 1293 865 nomen
1321 825 1488 865 conficit.
1552 823 1628 865 Sed

106 907 354 933 numerorum
377 901 523 948 septem
547 893 807 946 magnitudine
831 899 1008 946 tauquam
1032 893 1255 933 administra
1277 893 1410 943 utitur,
1444 900 1484 932 ut
1505 891 1629 932 Marci

108 957 201 1014 Sige
230 962 431 1012 narrabat,
477 968 515 1000 ut
542 974 563 1000 a
589 974 657 1000 sua
681 960 878 1000 voluntate
905 961 1065 1014 profecti
1089 960 1239 1000 consilii
1266 962 1410 1000 fructus
1433 967 1627 1015 appareat.

107 1025 292 1069 Ceterum
316 1029 502 1083 insignem
529 1027 626 1068 hunc
649 1041 850 1068 numerum
877 1041 986 1078 eum,
1028 1028 1173 1082 inquit,
1217 1028 1387 1082 intellige
1415 1028 1475 1082 qui
1503 1028 1548 1068 ab
1573 1027 1630 1067 in-

105 1096 203 1150 signi
235 1098 420 1136 formatus
448 1102 530 1145 est,
576 1094 713 1149 quique
738 1095 842 1136 velut
867 1095 1012 1136 divisus
1041 1103 1078 1136 et
1104 1096 1304 1150 bipartitus
1334 1103 1416 1147 est,
1462 1096 1629 1149 forisque

105 1171 302 1214 remanet,
337 1163 396 1217 qui
421 1177 491 1203 sua
513 1163 655 1204 virtute
682 1178 725 1203 ac
748 1164 947 1217 prudentia
975 1164 1251 1218 efficientiaque
1275 1163 1426 1218 propria
1452 1163 1628 1203 mundum

105 1230 205 1271 hunc
229 1231 274 1271 ad
301 1231 509 1285 septenarii
531 1231 684 1271 virtutis
709 1230 960 1271 imitationem
985 1239 1130 1285 septem
1154 1231 1360 1272 virtutibus
1381 1231 1630 1286 comprehen-

105 1312 184 1338 sam
205 1298 410 1348 animavit,
444 1299 603 1352 eiusque
625 1299 771 1348 omnis,
805 1300 904 1353 quod
927 1299 1159 1354 aspectabile
1183 1306 1263 1349 est,
1298 1300 1462 1339 animam
1487 1300 1629 1340 consti-

105 1365 191 1406 tuit.
252 1365 338 1406 Hoc
358 1367 476 1420 igitur
499 1380 615 1421 opere
639 1367 744 1407 velut
767 1374 903 1421 sponte
927 1381 947 1407 a
971 1381 1012 1407 se
1037 1368 1136 1407 facto
1160 1367 1323 1422 ipsemet
1345 1368 1478 1408 utitur.
1540 1367 1628 1408 Alia

103 1447 221 1484 vero,
265 1449 348 1474 cum
387 1434 464 1474 sint
493 1434 725 1475 imitationes
761 1435 944 1488 quaedam
980 1449 1054 1475 non
1086 1435 1348 1485 imitabilium,
1393 1433 1628 1489 Cogitationi

102 1499 244 1542 Matris
276 1503 466 1542 serviunt.
527 1501 661 1556 ltaque
694 1502 854 1556 primum
887 1503 1032 1543 coelum
1065 1506 1103 1541 A
1134 1503 1375 1557 pronuntiat,
1419 1503 1626 1543 secundum

84 1572 165 1618 vH,
197 1569 349 1610 tertium
375 1572 429 1618 H,
460 1577 635 1623 quartum
660 1577 698 1610 et
721 1570 883 1610 medium
907 1570 1053 1611 vocalis
1077 1570 1194 1610 Ivim
1217 1571 1352 1620 effert,
1386 1571 1556 1624 quintum
1584 1573 1627 1620 Ο,

101 1645 255 1678 sextum
285 1641 338 1687 Y,
380 1638 582 1692 septimum
614 1645 651 1678 ct
677 1646 851 1692 quartum
878 1638 1108 1678 elementum
1136 1640 1177 1677 Ω
1202 1652 1222 1678 e
1249 1639 1373 1678 medio
1399 1639 1624 1693 proclamat,

101 1706 154 1746 ait
176 1704 377 1746 Marciana
405 1703 519 1759 Sige,
553 1720 649 1759 quae
671 1720 829 1759 magnas
852 1720 973 1759 nugas
995 1707 1174 1747 effutiens
1196 1707 1279 1746 veri
1301 1705 1394 1746 nibil
1417 1705 1623 1760 eloquitur.

102 1771 279 1813 Virtutes
300 1773 388 1813 illae
412 1788 527 1828 porro
551 1774 662 1814 simul
683 1788 816 1815 omues
840 1774 1003 1814 invicem
1026 1782 1229 1815 consertae
1255 1781 1454 1824 resonant,
1488 1773 1624 1827 inquit,

100 1855 144 1881 ac
169 1841 391 1896 praedicant
419 1856 503 1882 eum
530 1856 551 1881 a
577 1856 649 1895 quo
674 1842 882 1896 productae
907 1849 1011 1882 sunt.
1074 1840 1196 1883 Cuius
1220 1842 1370 1882 sonitus
1398 1841 1626 1882 collaudatio

100 1909 261 1964 primum
294 1910 331 1949 in
365 1907 571 1950 Parentem
608 1910 827 1960 confertur,
874 1911 1050 1964 idemque
1081 1924 1200 1950 sonus
1234 1910 1383 1950 delatus
1412 1910 1450 1950 in
1485 1916 1625 1949 terram

101 1977 267 2017 omnium
301 1991 397 2030 quae
430 1984 520 2018 sunt
550 1978 585 2017 in
619 1991 662 2016 ea
691 1978 800 2017 fictor
825 1991 869 2017 ac
898 1978 1121 2032 procreator
1147 1985 1208 2018 est
1233 1979 1372 2018 factus.
1436 1976 1548 2031 Quod
1575 1990 1626 2017 ex

98 2058 236 2085 recens
267 2045 380 2084 editis
410 2045 620 2085 iul'antibus
653 2046 916 2086 demonstrare
947 2047 1103 2096 nititur,
1148 2046 1208 2100 qui
1237 2046 1464 2100 simulatque
1491 2046 1624 2085 matris

101 2125 152 2152 ex
172 2119 284 2152 utero
317 2114 562 2166 prodierunt,
596 2113 723 2164 vagitu
747 2126 817 2153 suo
838 2114 1138 2167 uniuscuiusque
1165 2114 1439 2154 elementorum
1463 2114 1623 2153 istorum

100 2193 235 2220 sonum
262 2181 496 2234 exprimunt.
560 2178 610 2221 Ut
633 2180 750 2234 igitur
773 2188 954 2235 septenae
981 2181 1165 2231 virtutes,
1200 2181 1275 2231 ait,
1309 2180 1480 2221 Verbum
1506 2180 1626 2221 laudi-

100 2247 171 2288 bus
198 2247 384 2288 efferunt:
426 2249 477 2288 ita
503 2256 540 2288 et
561 2247 736 2288 Marcum
760 2248 880 2303 ipsum
906 2249 1058 2303 plorans
1082 2250 1119 2290 in
1142 2249 1353 2290 infantibus
1376 2264 1419 2289 ac
1445 2262 1624 2288 moerens

101 2315 225 2356 anima
257 2316 464 2370 praedicat.
527 2315 618 2356 ideo
646 2330 794 2370 quoque
819 2315 944 2356 David
976 2317 1139 2357 cecinit:
1183 2320 1247 2356 Ea:
1276 2332 1339 2356 ore
1363 2318 1559 2370 infantium
1589 2324 1627 2355 et
1640 2325 1823 2363 Psalm.e,3.

101 2384 311 2422 lactentium
339 2385 537 2436 perfecisti
562 2386 718 2422 laudem.
783 2384 843 2424 Ac
876 2398 1050 2424 rursum:
1097 2387 1201 2425 Coeli
1227 2387 1411 2424 coelorum
1444 2392 1623 2423 enarrant
1634 2394 1824 2431 Psalm.1e,2.

97 2453 258 2501 gloriam
287 2454 357 2490 clei.
422 2451 522 2491 Hinc
550 2458 608 2491 est
632 2451 729 2505 quod
753 2450 854 2491 inter
876 2452 1028 2493 labores
1056 2461 1093 2492 et
1118 2466 1347 2503 aerumnas,
1392 2459 1430 2492 ut
1456 2453 1506 2492 sit
1529 2466 1622 2506 quo-

101 2518 301 2559 dammodo
327 2519 562 2559 defaecatior
587 2519 735 2570 anima,
767 2519 916 2560 literam
943 2521 985 2558 ,Ω
1009 2520 1250 2574 pronuntiat,
1284 2520 1381 2574 quod
1408 2528 1468 2560 est
1493 2521 1622 2560 lauda-

145 2608 195 2641 12.
216 2603 240 2651 ἦ
254 2608 514 2653 διχοτομηὲέντα
527 2610 720 2640 desideratur
731 2611 761 2640 in
774 2611 838 2641 cod.
887 2612 1025 2650 Ori9ene.
1062 2613 1203 2651 Aynoscil
1223 2612 1314 2641 etiam
1338 2611 1398 2642 Vet.
1419 2611 1578 2649 Interpres.

102 2654 207 2686 Veneto
229 2658 255 2685 et
275 2656 361 2694 apud
385 2656 527 2686 Pseudo·
542 2656 706 2693 Originem.
931 2657 979 2689 17.
1003 2653 1068 2689 ἀπὸ
1092 2655 1193 2697 μέσον
1217 2657 1338 2695 reposui
1356 2665 1394 2686 erc
1414 2657 1622 2688 Pseudo-Ori-

147 2699 195 2731 13.
219 2697 280 2740 τήν
306 2697 394 2741 ζωὴν
418 2700 482 2732 τῶν
506 2699 594 2730 habet
613 2701 717 2730 vitiose
743 2702 837 2731 Pseu·
881 2710 955 2741 9ene
974 2705 999 2732 et
1025 2703 1267 2740 Vet.1nterprele.
1307 2702 1424 2732 Omittit
1442 2701 1508 2731 cod.
1530 2702 1621 2732 Vene-

102 2743 329 2784 do-Ori9enes.
882 2750 939 2778 lus.
985 2742 1032 2779 οἶτ-
1023 2744 1050 2778 ὸ
1078 2745 1197 2787 μέρους
1218 2747 1347 2797 vul9uta
1369 2748 1410 2776 est
1433 2747 1597 2785 scriptura.

148 2788 196 2820 14.
219 2787 304 2822 κατὰ
330 2788 467 2831 μίμησιν
495 2790 582 2821 codd.
608 2790 677 2820 len.
708 2790 837 2829 Rhediy.
928 2791 980 2822 18.
1003 2804 1024 2832 η
1047 2789 1138 2834 ψυχη
1157 2792 1279 2829 reposui
1299 2799 1336 2821 eoe
1355 2791 1489 2821 Pseudo·
1477 2792 1623 2830 -Oriyene

101 2833 200 2865 Paris.
235 2844 377 2876 μ.μησει
396 2836 539 2866 Pseudo·
553 2836 706 2874 Ori9enes.
742 2835 837 2875 Vulyo
881 2837 982 2868 etVet.
996 2820 1168 2875 [riter-prete,
1185 2837 1520 2886 sententiaposlulanle.
1547 2837 1622 2876 Epi-

101 2875 158 2909 καὶ
181 2877 216 2919 μί
219 2889 328 2920 μησι).
879 2882 989 2920 phanii
1011 2883 1080 2912 libri
1102 2882 1210 2912 habent
1233 2875 1315 2932 ηχή.

149 2922 196 2954 15.
219 2934 256 2964 γε
258 2922 338 2966 ιόμε
340 2936 378 2957 να
407 2922 448 2958 τοὶ
474 2920 516 2958 δι’
542 2924 570 2957 εἰ
573 2937 610 2957 7.0
604 2921 695 2961 'voum
733 2935 768 2965 μ.
772 2936 837 2967 μη·
932 2926 979 2957 19.
1006 2927 1101 2957 Verba
1123 2925 1188 2958 τῶι
1208 2921 1265 2965 ο3ρ
1270 2925 1354 2958 ανῶ)
1372 2935 1432 2957 uon
1452 2929 1622 2966 a9noscunt

103 2976 190 3008 ματα
211 2972 276 3000 cell.
299 2970 386 3001 habet
410 2971 552 3001 Pseudo·
567 2971 719 3009 Ori9enes.
882 2972 1026 3002 Pseudo·
1038 2972 1182 3009 Oriqenes
1205 2974 1230 3001 et
1256 2971 1317 3002 Ver.
1335 2972 1493 3010 Interpres.

148 3010 198 3044 16.
220 3010 258 3046 δὲ
275 3015 374 3046 adieci
393 3024 431 3046 ex
450 3017 516 3047 cod.
534 3015 640 3047 teneto
660 3017 687 3046 et
700 3016 837 3046 Pseudo·
927 3017 980 3048 20.
1003 3016 1051 3059 τῷ
1077 3017 1104 3049 ῶ
1128 3016 1194 3047 cod.
1218 3017 1316 3047 Venet.
