2034 3267
204 877 270 905 pag.
287 868 327 895 (Ξῖ.

179 1200 266 1243 Κεφ.
292 1197 329 1238 ς’.

352 172 428 211 142
903 171 1060 203 SANCTI
1084 171 1305 203 EPIPHANH

348 270 413 297 σεν
432 254 454 296 ὁ
474 254 568 302 θεὸς
586 250 650 293 τόν
671 248 896 302 ἄνθρωπον,
926 246 1040 301 ἄρσεν
1059 246 1126 287 καὶ
1145 250 1251 298 θῆλυ
1272 247 1449 298 ἐποίησεν
1470 246 1628 297 αὐτούς·
1658 248 1724 288 καὶ
1744 243 1860 287 πάλιν

347 321 435 376 μεθ’
465 324 572 374 ἕτερα
604 317 681 366 ὅτι,
711 314 871 356 4’Ένεκεν
893 312 1036 355 τούτου
1060 315 1282 363 καταλείψει
1303 311 1512 367 ἅνθρωπος
1534 314 1602 356 τὸν
1625 315 1771 369 πατέρα
1792 314 1859 354 καὶ

347 389 417 442 τὴν
440 387 582 440 μητέρα
601 381 741 434 αὑτοῦ,
770 383 836 423 καὶ
857 379 1235 435 προςκολληθήσεται
1256 384 1302 436 τῇ
1325 381 1477 433 γυναικὶ
1497 380 1638 433 αὑτοῦ,
1667 383 1732 423 καὶ
1753 382 1856 422 ἔσον-

345 474 407 497 ται
429 457 468 495 οἱ
485 452 555 493 δύο
580 454 634 500 εἰς
652 449 775 504 σάρκα
795 452 897 502 μίαν.
958 449 1036 488 Καὶ
1058 445 1179 495 εύθύς
1197 448 1420 501 προςέθηκε
1439 448 1577 501 λέγων,
1621 449 1699 498 Οὓς
1719 447 1741 490 ὁ
1762 446 1859 495 θεός

345 523 574 570 συνέζευξεν,
597 518 809 570 ἅνθρωπος
828 514 880 569 μὴ
898 516 1099 569 χωριζέτω·
1121 513 1173 563 ὥς
1188 513 1399 564 ἐξάπαντος
1412 512 1479 554 τὸν
1496 520 1647 568 σωτῆρα
1665 515 1857 557 διδάσκειν

344 587 413 630 τὸν
435 585 600 639 ποιητήν
620 590 696 627 τῶν
717 582 941 638 ἀνθρώπων
962 581 1057 623 θεὸν
1079 580 1175 623 εἶναι
1198 586 1275 623 τῶν
1297 580 1467 630 πάντων,
1496 580 1616 622 αὐτοῦ
1641 584 1681 624 δὲ
1702 584 1855 635 πατέρα.

345 656 425 696 Καὶ
446 654 507 695 ὅτι
525 652 548 695 ὁ
566 653 690 708 γάμος
712 649 784 694 οὐκ
809 652 851 692 ἐκ
872 654 942 691 τοῦ
964 654 1136 700 Σατανᾶ,
1167 648 1242 689 ἄλλ’
1266 650 1308 689 ἐκ
1330 653 1398 689 τοῦ
1420 653 1520 689 θεοῦ
1538 649 1726 702 τυγχάνει,
1753 654 1857 704 πρῶν

343 740 411 764 τον
433 722 500 775 μὲν
518 718 540 763 0‘
562 719 697 774 κύριος
717 720 831 773 λέγει·
868 716 949 764 Οὓς
969 715 992 757 ό
1012 715 1128 767 θεός,
1158 717 1277 769 φησὶ,
1308 717 1542 766 συνέζευξεν,
1572 715 1784 768 ἅνθρωπος
1804 715 1856 769 μή

343 790 540 843 χωριζέτω.
600 788 679 828 Καὶ
700 785 814 827 πάλιν
835 782 857 825 ὅ
878 784 988 839 ἅγιος
1010 782 1242 834 ἀπόστολος,
1279 786 1412 835 Τίμιος
1435 780 1456 824 o‘
1476 781 1595 837 γάμος
1617 784 1684 824 καὶ
1707 781 1731 835 ἡ
1749 787 1857 836 κοίτη

348 856 541 910 ἀμίαντος.
601 859 693 902 Ταῖς
712 853 754 894 δὲ
773 852 888 904 φύσει
905 849 1158 906 χηρευσάσαις
1178 849 1358 899 ὦςαύτως
1378 851 1635 904 παραγγέλλει,
1657 851 1777 904 λέγων
1794 850 1858 891 διὰ

351 924 570 976 Τιμοθέου,
614 922 818 974 Νεωτέρας
845 918 965 973 χήρας
991 923 1202 972 παραιτοῦ·
1246 916 1338 970 μετὰ
1367 915 1439 971 γάρ
1467 916 1509 958 τὸ
1537 917 1858 972 καταστρηνιάσαι

347 996 449 1032 4τοῦ
474 994 644 1045 Χριστοῦ
665 993 799 1043 γαμεῖν
817 988 989 1028 θέλουσι.
1048 987 1127 1026 Καὶ
1149 983 1238 1038 μεθ’
1261 987 1389 1038 ἕτερα,
1429 987 1694 1037 Γαμείτωσαν,
1733 1001 1858 1026 τεκνο-

345 1061 589 1114 γονείτωσαν,
620 1056 1022 1098 οἰκοδεσποτείτωσαν·
1057 1051 1176 1107 5ὑπὲρ
1199 1057 1268 1094 τοῦ
1289 1051 1413 1106 γάμου
1434 1051 1502 1093 τὸν
1521 1051 1642 1105 νόμον
1656 1053 1859 1105 τιθέμενος

346 1128 388 1168 ἐκ
419 1129 517 1166 θεοῦ
548 1123 661 1174 ὄντα,
691 1123 756 1164 καὶ
784 1120 882 1163 κατά
913 1119 1122 1173 σεμνότητα
1152 1118 1377 1173 ἀνθρώποις
1406 1121 1684 1173 κεχαρισμένον.

466 1192 565 1245 Περὶ
589 1191 629 1231 δὲ
651 1195 726 1231 τῶν
750 1188 847 1230 κατά
871 1187 940 1236 τάς
960 1193 1058 1229 θεοῦ
1081 1189 1320 1239 προφητείας
1344 1184 1408 1226 ὑπ’
1431 1185 1551 1228 αὐτοῦ
1574 1202 1858 1239 σεσυκοφαντη-

348 1260 474 1312 μένων
500 1256 718 1306 ὑπονοιῶν,
759 1254 811 1303 ὥς
845 1254 896 1308 μή
921 1253 1018 1295 εἶναι
1056 1252 1206 1301 Ῑαύτάς
1231 1255 1273 1294 ἐκ
1296 1257 1415 1302 θεοῦ,
1457 1257 1573 1307 μυρία
1598 1255 1698 1295 ἔστιν
1728 1256 1857 1296 εἰπεῖν.

343 1325 411 1375 Ὡς
432 1324 549 1373 αύτὸς
577 1325 672 1378 λέγει
703 1321 726 1364 ὁ
750 1320 981 1376 μονογενὴς,
1022 1322 1060 1369 ἐξ
1089 1315 1143 1360 ῶν
1170 1318 1270 1360 2τὸν
1289 1318 1435 1372 κόσμον
1459 1320 1598 1361 ἑαυτοῦ
1626 1319 1856 1376 εὐαγγελιζό-

347 1409 459 1446 μενος
493 1392 608 1445 λέγει,
646 1394 801 1443 πρῶτον
834 1389 900 1441 μὲν
935 1387 1013 1437 ὅτι,
1054 1385 1227 1440 Ἀβραάμ
1263 1384 1286 1428 ό
1314 1385 1441 1441 πατὴρ
1476 1384 1585 1439 ἡμῶν
1615 1388 1858 1441 ἐπεθύμησεν

350 1462 444 1500 ἰδεῖν
465 1457 534 1511 τήν
554 1456 700 1512 ἡμέραν
721 1454 791 1508 τήν
813 1454 928 1508 ἐμὴν,
968 1456 1034 1496 καὶ
1059 1459 1076 1482 3
1091 1451 1187 1504 εἶδε,
1217 1455 1283 1494 καὶ
1304 1452 1430 1508 ἐχάρη.
1489 1455 1568 1495 Καὶ
1587 1454 1700 1496 πάλιν
1723 1457 1856 1508 φησὶν,

347 1529 403 1567 Εἰ
434 1525 645 1568 ἐπιστεύετε
671 1529 859 1573 Μωϋσεῖ,
900 1520 1112 1564 ἐπιστεύετε
1142 1519 1191 1562 ἂν
1222 1522 1325 1573 ἐμοί·
1370 1522 1457 1575 περὶ
1488 1519 1559 1576 γάρ
1590 1523 1685 1574 ἐμοῦ
1714 1524 1858 1572 ἐκεῖνος

347 1596 505 1649 ἔγραψε.
569 1595 634 1640 Τίς
662 1591 703 1632 δὲ
725 1595 802 1631 τῶν
826 1587 1125 1644 εύφρονούντων
1152 1589 1217 1629 καὶ
1246 1586 1398 1629 σύνεσιν
1427 1589 1468 1630 ἐκ
1493 1594 1594 1630 θεοῦ
1615 1591 1858 1642 κεκτημένων

345 1659 418 1703 ούκ
443 1661 597 1715 ἐλέγξειε
620 1657 687 1700 τὸν
712 1656 915 1698 άπατεῶνα
938 1661 1196 1710 Σατορνῖλον,
1237 1654 1436 1710 γινώσκων
1468 1657 1508 1697 ἐν
1542 1655 1637 1713 δόξῃ
1664 1655 1856 1699 άποκαλυ-

347 1728 501 1780 φθέντα
519 1726 586 1768 τὸν
612 1730 765 1780 σωτῆρα
790 1726 843 1772 εἰς
867 1723 1108 1779 παράστασιν
1132 1721 1329 1775 άληθείας,
1349 1721 1467 1771 ἄλλως
1487 1722 1558 1776 τὴν
1579 1725 1719 1765 ἑαυτοῦ
1739 1723 1855 1774 δόξαν

347 1794 400 1848 μὴ
427 1793 700 1843 ὗποδείξαντα,
741 1790 816 1833 ἄλλ’
847 1790 907 1844 4ἢ
939 1789 1132 1843 άναμέσον
1150 1789 1257 1831 Ἠλία
1283 1791 1348 1831 καὶ
1372 1791 1577 1839 Μωϋσέως
1600 1795 1676 1832 τῶν
1704 1793 1770 1832 καὶ
1789 1790 1856 1832 αύ-

347 1867 424 1903 τῶν
446 1863 486 1903 ἐν
511 1859 606 1916 δόξῃ
631 1862 710 1916 ἰδίᾳ
733 1856 810 1912 μετ’
835 1857 956 1900 αὐτοῦ
981 1856 1198 1910 ὀφθέντων.
1246 1856 1364 1898 ”Ama
1392 1857 1432 1898 δὲ
1460 1857 1531 1899 ὅσα
1566 1857 1726 1899 τοιαῦτά
1756 1860 1857 1900 ἐστιν

349 1928 374 1970 ἃ
398 1926 461 1970 ὑπ’
486 1926 607 1969 αὐτοῦ
630 1931 699 1969 τοῦ
728 1929 886 1980 κυρίου,
926 1926 992 1966 καὶ
1024 1927 1064 1967 ἐν
1094 1925 1201 1983 πάσῃ
1226 1930 1273 1983 τῇ
1304 1930 1419 1982 καινῇ
1441 1923 1635 1982 διαθήκῃ,
1674 1924 1856 1980 λεγόμενα

347 1995 417 2049 τὴν
439 1994 619 2036 σύστασιν
639 1999 804 2036 ποιεῖται
823 1991 945 2045 νόμου
969 2008 1008 2033 τε
1030 1993 1096 2033 καὶ
1120 1996 1333 2047 προφητῶν
1351 1993 1416 2033 καὶ
1438 1991 1564 2044 πάσης
1585 1997 1750 2041 παλαιᾶς
1771 1995 1854 2034 δια-

346 2063 477 2116 θήκης
498 2061 596 2117 πρὸς
615 2061 684 2114 τὴν
705 2059 842 2113 καινὴν
868 2058 1076 2112 διαθήκην,
1108 2059 1168 2101 ὅτι
1194 2059 1281 2108 ἑνὸς
1304 2063 1403 2100 θεοῦ
1425 2061 1518 2100 εἰσιν
1542 2057 1769 2113 άμφότεραι,
1800 2058 1855 2109 ὥς

346 2131 464 2185 λέγει,
500 2128 737 2170 Ἐλεύσονται
763 2129 804 2169 ἐν
826 2126 986 2175 κόλποις
1008 2125 1179 2181 Ἀβραάμ
1212 2128 1279 2169 καὶ
1308 2125 1443 2168 Ἰσαάκ
1474 2127 1540 2167 καὶ
1559 2124 1705 2179 Ἰακώβ
1735 2128 1776 2168 ἐν
1806 2132 1853 2184 τῇ

348 2199 518 2253 βασιλείᾳ
538 2201 615 2237 τῶν
634 2194 832 2250 ούρανῶν,
861 2196 926 2236 καὶ
949 2192 1236 2236 άναπαύσονται
1261 2193 1337 2236 άπό
1358 2193 1570 2244 ἀνατολῶν,
1599 2194 1665 2233 καὶ
1686 2193 1732 2234 τά
1755 2195 1852 2246 ἑξῆς.

351 2264 479 2305 Πάλιν
509 2264 550 2305 δὲ
581 2262 624 2305 τὸ
657 2264 700 2305 ἐκ
732 2260 945 2317 προςώπου
966 2262 1094 2314 Δαβὶδ
1129 2263 1216 2316 περὶ
1250 2261 1370 2304 αὐτοῦ
1401 2259 1761 2316 προφητευόμενον,
1792 2260 1851 2312 τό,

349 2329 476 2372 Εἶπεν
503 2329 524 2372 ὁ
547 2331 680 2385 κύριος
709 2334 762 2387 τῷ
786 2332 906 2386 κυρίῳ
935 2345 1031 2381 μου,
1073 2328 1217 2371 Κάθου
1247 2331 1288 2370 ἐκ
1320 2331 1453 2378 δεξιῶν
1485 2345 1570 2381 μου.
1629 2328 1708 2368 Καὶ
1737 2327 1853 2370 πάλιν

348 2397 438 2452 παρ’
460 2396 580 2439 αὐτοῦ
600 2397 804 2452 λεγόμενον
827 2403 910 2444 τοῖς
932 2399 1179 2450 Φαρισαίοις,
1215 2395 1412 2438 Οὐδέποτε
1439 2393 1643 2449 ἀνέγνωτε,
1672 2397 1785 2436 λίθον
1805 2395 1852 2437 ὃν

348 2463 637 2518 ἀπεδοκίμασαν
663 2467 702 2506 οἱ
721 2466 1036 2517 οἰκοδομοῦντες,
1069 2465 1148 2504 Καὶ
1170 2462 1221 2512 ὥς
1243 2462 1267 2505 ὁ
1288 2468 1451 2512 Λουκᾶς
1471 2465 1759 2515 διαβεβαιοῦται
1782 2462 1850 2504 αύ-

347 2531 414 2573 τὸν
439 2532 505 2574 τὸν
536 2538 688 2587 σωτῆρα
722 2530 815 2584 μετά
845 2530 886 2572 τό
920 2529 1124 2583 άναστῆναι
1148 2532 1190 2572 ἐκ
1222 2536 1299 2573 τῶν
1321 2535 1466 2585 νεκρῶν
1493 2524 1628 2581 ὦφθαι
1656 2528 1754 2570 κατά
1783 2529 1851 2583 τὴν

348 2598 442 2641 ἆδὸν
461 2606 544 2648 τοῖς
570 2602 658 2654 περὶ
680 2599 747 2641 τόν
761 2597 980 2651 Ναθαναήλ
999 2599 1063 2639 καὶ
1084 2596 1150 2638 τόν
1172 2598 1365 2649 Κλεόπαν,
1396 2599 1462 2639 καὶ
1486 2595 1646 2645 τούτους
1666 2603 1849 2638 νενουθε-

348 2668 502 2719 τηκέναι
523 2666 601 2709 άπό
626 2671 733 2708 5τῶν
752 2670 977 2722 προφητῶν,
1008 2664 1066 2706 ὅτι
1090 2664 1213 2714 οὕτως
1235 2667 1312 2707 ἔδει
1329 2665 1397 2707 τόν
1421 2663 1586 2720 Χριστόν
1605 2669 1760 2716 παθεῖν,
1783 2666 1849 2706 καὶ

391 2799 421 2834 4.
445 2803 500 2835 τοῦ
521 2806 630 2843 recepit
646 2805 751 2835 Petav.
771 2813 808 2835 ecc
830 2804 984 2834 Vaticano.
1016 2803 1075 2832 De·
1119 2802 1189 2832 edit.
1204 2804 1301 2841 princ.
1333 2799 1549 2844 ἀνυπέρβατον
1569 2797 1647 2842 ὑπὲρ
1665 2800 1721 2832 τοῦ
1741 2797 1849 2842 γάμου

302 2868 308 2873 -
346 2848 499 2879 sideratur
518 2850 549 2879 in
570 2850 633 2879 cod.
655 2849 779 2888 thediy.
801 2851 827 2879 et
846 2849 915 2878 edit.
933 2848 1028 2886 princ.
1117 2843 1214 2887 νόμον
1236 2848 1305 2878 edit.
1327 2849 1432 2879 Petav.

393 2892 422 2923 5.
447 2889 524 2933 ὑπὲρ
543 2893 598 2924 τοῦ
618 2889 724 2934 γάμου
743 2890 798 2925 τὸν
817 2889 913 2932 νόμον
933 2892 998 2922 cod.
1014 2893 1074 2921 Va·
1167 2890 1242 2922 (λιι).
1255 2892 1309 2922 VI.
1333 2909 1377 2914 —
1414 2891 1440 2922 1.
1460 2887 1563 2927 αύτοὶς
1587 2891 1762 2921 cod.1='atic.
1789 2886 1847 2922 αὗ-

347 2938 395 2969 tic.
441 2932 656 2979 ἀνυπέρβατον
681 2934 778 2979 νόμον
808 2938 872 2968 cod.
895 2937 1020 2976 Rhediy.
1049 2939 1075 2967 et
1119 2933 1195 2973 τοὺς
1218 2937 1285 2967 cod.
1306 2937 1431 2975 Rhediy.
1451 2939 1477 2967 et
1497 2936 1566 2967 edit.
1588 2938 1720 2974 uterque.
