2034 3267
495 214 669 245 naman
698 215 776 245 Lm.
796 215 819 246 J.
844 215 949 246 Tomi.
973 215 1010 246 n.
1038 215 1165 246 mee.
1184 216 1344 247 xxxin.
1603 209 1684 249 417

162 292 315 334 Indaeis
338 299 538 333 vocantur.
596 291 773 346 Quatuor
793 302 917 334 antem
941 295 1090 334 illarum
1113 302 1202 335 sunt
1221 309 1381 348 genera.
1436 294 1603 336 Primum
1626 304 1686 338 est

160 361 258 415 quod
291 361 360 401 sub
392 359 518 401 Mosis
555 362 707 401 nomine
736 361 1024 402 circumferunt.
1088 360 1305 403 Secundum
1341 371 1400 404 est
1432 364 1530 418 quod
1557 362 1685 405 Rabbi

161 428 313 469 Akibae
342 428 528 469 tribuunt.
592 428 769 469 Tertium
797 430 955 480 Addae,
989 430 1071 470 sive
1101 428 1231 471 tudae.
1295 429 1483 484 Quartum
1513 432 1558 472 ad
1583 432 1685 473 Asa-

161 497 313 537 monaei
335 496 432 536 filios
455 497 637 537 refertur.
699 495 808 538 Cedo
831 498 959 550 igitur,
994 497 1106 537 bomo
1131 499 1482 540 contentiosissime
1506 514 1549 540 ac
1568 500 1685 541 levis-

158 564 277 615 sime,
323 579 485 619 qnonam
515 565 550 604 in
579 564 830 605 Pentateuchi
856 564 1085 618 divinaeque
1107 565 1204 618 tegis
1230 566 1424 607 volumine
1449 568 1548 608 illam
1575 576 1684 623 potes

159 632 425 673 demonstrare
447 633 676 673 sententiam
702 646 812 686 quam
837 631 874 671 in
899 632 1101 686 evangelio
1124 632 1302 673 Christus
1327 635 1479 675 attulit?
1539 639 1613 686 Qui
1628 639 1684 675 di·
1702 646 1882 682 Marc.7,11.

159 704 262 740 oeeril
276 704 467 752 patrisne
492 702 650 748 Cot-ban,
676 703 775 752 quod
791 708 846 739 est
866 703 1013 747 donam,
1047 703 1145 739 m'he'l
1161 704 1439 752 ipsiproclerit:
1473 704 1569 757 quod
1594 704 1684 744 milii

160 783 350 823 nunquam
382 769 578 809 ostendes.
643 766 903 821 Quamobrem
936 767 1048 822 friget
1078 768 1140 808 illa
1172 775 1237 808 tua
1263 769 1490 824 disputatio,
1534 785 1617 811 cum
1648 773 1685 812 id

159 837 262 877 nullo
291 835 543 877 Pentateucbi
574 837 659 876 loco
691 835 873 890 scriptum
906 842 1038 885 extet,
1083 850 1128 875 ac
1159 837 1324 877 miserae
1355 837 1407 877 illi
1438 838 1684 880 mulierculae

97 907 101 910 “
159 905 409 959 nequicquam
431 903 661 959 imposuisti.
726 900 911 944 Ceterum
937 917 1034 958 qnae
1058 917 1078 943 a
1098 902 1239 959 Moyse
1263 905 1410 946 sancita
1432 913 1536 956 sunt,
1570 920 1591 947 a
1614 907 1684 947 deo

158 973 313 1013 minime
337 979 425 1013 sunt
448 972 596 1022 aliena,
631 985 649 1010 a
678 985 773 1025 qu0,
807 969 948 1026 Moyse
974 979 1175 1026 sequestre
1198 979 1313 1027 atque
1340 973 1573 1028 interprete,
1610 981 1686 1015 tra-

160 1040 234 1080 dita
270 1047 381 1091 snnt3
426 1039 523 1094 quod
557 1053 599 1079 se
636 1039 760 1093 ipsum
796 1039 1004 1080 salvatoris
1038 1039 1219 1081 iudicium
1254 1041 1456 1081 evidenter
1483 1042 1683 1097 approbat,

160 1109 332 1162 adeoque
362 1107 496 1162 quibus
528 1107 648 1147 uteris
677 1107 930 1158 testimoniis,
977 1122 1020 1148 ea
1046 1115 1182 1149 contra
1207 1110 1449 1164 temetipsum
1476 1110 1683 1164 protulisti.

162 1174 229 1217 Sic
253 1176 352 1216 enim
379 1175 418 1215 in
445 1175 648 1229 evangelio
673 1175 849 1216 dominns
874 1176 1062 1230 loquitur:
1095 1180 1244 1228 Moyses
1265 1180 1355 1217 haee
1375 1181 1527 1230 scripset
1549 1181 1599 1218 ad
1618 1181 1883 1225 (lu-Matth.19‚8.

158 1247 278 1284 ritiem
301 1246 425 1283 cordis
446 1247 571 1283 vestri.
636 1241 715 1284 lam
740 1244 838 1297 quod
861 1242 1024 1299 Moyses
1047 1245 1216 1300 scripsit,
1250 1260 1326 1286 non
1351 1246 1446 1286 citra
1470 1247 1530 1286 dei
1551 1246 1687 1288 volun-

159 1319 271 1353 tatem
299 1311 477 1366 scripsit,
521 1311 586 1351 sed
615 1318 750 1351 sancto
779 1311 914 1366 spiritu
939 1311 1160 1367 impellente
1186 1314 1398 1354 constituit.
1459 1313 1560 1355 Mox
1585 1315 1684 1355 enim

157 1380 326 1421 salvator
350 1379 389 1420 in
416 1380 550 1420 eodem
576 1379 805 1434 evangelio,
854 1382 959 1430 Quod
980 1383 1089 1428 deus,
1136 1380 1280 1434 inquit,
1323 1385 1537 1430 coniunxit,
1580 1386 1685 1423 homo

156 1463 228 1488 non
250 1456 412 1501 separet.
472 1446 802 1502 Quemadmodum
828 1461 922 1488 vero
945 1448 1208 1499 coniunxerit,
1242 1449 1361 1490 verba
1380 1450 1479 1505 ipsa,
1513 1458 1554 1491 ut
1575 1451 1687 1492 intel-

155 1517 386 1570 ligeremus,
430 1516 592 1557 adiecit:
638 1519 793 1568 Propter
814 1519 882 1555 hoc
902 1518 1089 1569 relinquet
1107 1519 1212 1556 lzomo
1230 1526 1373 1570 patrem
1393 1507 1520 1566 salim,
1566 1527 1604 1558 et
1620 1522 1686 1559 ad—

157 1585 325 1624 haerebit
344 1588 461 1624 uxore·
475 1599 578 1632 suae,
613 1592 649 1624 et
668 1592 781 1624 erunt
797 1587 868 1623 duo
889 1588 925 1623 itz
946 1599 1092 1624 earnem
1113 1600 1234 1625 emam.
1283 1585 1385 1627 Tum
1408 1586 1444 1626 in
1453 1587 1546 1626 fert:
1583 1590 1689 1638 Quod

157 1668 247 1705 ergo
273 1656 362 1692 deus
384 1656 597 1700 coniunxit,
641 1655 745 1692 homo
771 1668 843 1692 non
865 1661 1026 1704 separet.
1088 1653 1206 1708 Atqui
1233 1669 1425 1709 nunquam
1452 1654 1542 1694 illud
1566 1655 1684 1694 domi-

157 1735 251 1770 nus,
290 1735 374 1761 cum
401 1721 592 1761 Adamum
620 1719 819 1775 Evamque
847 1722 1052 1771 formaret,
1086 1736 1296 1777 usurpasse
1322 1723 1484 1777 legitur,
1519 1723 1585 1763 sed
1615 1723 1684 1763 boc

158 1789 304 1829 solum:
338 1792 534 1829 Faciamus
556 1793 594 1829 ei
609 1792 832 1829 adiutorium
856 1792 975 1828 simile
997 1790 1081 1828 sibi.
1148 1788 1250 1830 lstud
1277 1804 1370 1831 vero
1391 1790 1437 1830 ab
1456 1791 1608 1830 Adamo
1631 1791 1684 1830 di·
1705 1801 1780 1830 Gen.
1789 1802 1815 1837 2,
1832 1803 1869 1831 le.

157 1863 256 1897 ctum
281 1865 363 1908 est,
397 1857 459 1912 qui
489 1872 508 1897 a
534 1872 669 1898 somno
693 1858 1016 1912 expergefactus,
1050 1861 1129 1897 Hoc·
1151 1873 1249 1897 mene
1270 1873 1330 1905 os,
1365 1858 1439 1909 ait,
1472 1874 1520 1898 ex
1543 1860 1685 1898 ossibus

157 1927 259 1973 meis,
287 1933 323 1964 et
341 1940 429 1964 earo
451 1929 495 1965 de
514 1941 626 1965 earne
645 1940 723 1965 mea
735 1943 746 1964 .·
771 1928 861 1964 lutee
883 1927 1073 1975 vocabitur
1095 1929 1247 1977 birago,
1273 1930 1359 1979 quia
1378 1942 1426 1965 ez·
1444 1930 1523 1966 viro
1542 1936 1685 1980 sumpta

156 2001 223 2032 est.
286 1991 419 2047 Pergit
440 1994 599 2034 deinde:
632 1997 789 2046 Propter
810 1996 878 2032 hoe
899 1996 1085 2046 relinquet
1103 1997 1207 2034 homo
1223 2003 1370 2046 patrem
1393 2003 1430 2034 et
1449 2004 1616 2043 matrem,
1650 2004 1688 2035 ec

156 2062 374 2100 adhaerebit
392 2065 508 2101 uxori
526 2076 628 2110 suae,
663 2070 698 2100 et
719 2070 832 2101 erunt
850 2064 921 2101 duo
941 2065 978 2102 in
999 2076 1146 2102 earnem
1169 2078 1291 2102 mmm.
1351 2061 1448 2104 Cum
1470 2063 1585 2117 igitur
1609 2078 1684 2104 non

157 2128 228 2169 hoc
253 2129 368 2181 deus,
403 2131 470 2170 sed
495 2130 666 2170 Adamus
690 2129 855 2180 dixerit,
890 2137 927 2170 et
953 2144 998 2170 ea
1021 2130 1105 2185 ipsa
1127 2138 1252 2171 tamen
1281 2132 1339 2172 dei
1364 2146 1451 2172 esse
1475 2132 1594 2172 verba
1619 2132 1684 2171 do-

157 2197 281 2237 minns
307 2198 344 2236 in
371 2198 574 2252 evangelio
600 2205 784 2247 testetur,
818 2198 911 2237 satis
938 2212 1001 2238 res
1026 2199 1107 2253 ipsa
1132 2200 1324 2249 declarat,
1360 2207 1435 2239 tum
1464 2200 1556 2239 baec
1580 2200 1684 2239 Ada-

157 2265 206 2304 mi
230 2265 380 2319 quidem
407 2280 490 2316 ore,
524 2266 590 2305 sed
614 2266 671 2305 dei
694 2279 781 2305 esse
804 2266 1001 2307 voluntate
1027 2267 1186 2321 prolata.
1249 2266 1438 2308 Similiter
1461 2274 1499 2307 et
1519 2265 1683 2322 Moyses

156 2333 278 2387 legem
305 2333 435 2384 edidit,
470 2348 580 2387 qnam
604 2334 771 2373 dictante
793 2334 946 2374 domino
967 2335 1167 2375 didicerat.
1223 2334 1355 2389 Quare
1377 2335 1450 2375 dno
1471 2335 1533 2374 illa
1556 2341 1682 2375 tamen

155 2401 275 2441 verba
302 2415 377 2441 non
402 2401 535 2455 procul
561 2401 757 2442 arcessitis
785 2402 1018 2452 rationibus,
1050 2404 1115 2443 sed
1145 2417 1212 2443 usn
1237 2403 1508 2458 propemodum
1536 2402 1618 2456 ipso
1639 2417 1682 2443 ac

157 2469 371 2523 prolatione
402 2470 668 2509 conciderunt.
731 2468 885 2509 Etenim
917 2471 1018 2510 illam
1051 2486 1069 2510 a
1101 2472 1172 2511 deo
1204 2473 1412 2526 prolectam
1444 2484 1530 2510 esse
1559 2470 1682 2524 legem

156 2537 298 2577 nemini
330 2537 535 2577 obscurum
567 2537 748 2577 arbitror.
811 2536 914 2578 Idem
946 2539 1010 2579 ille
1044 2553 1137 2579 vero
1167 2539 1304 2592 ubique
1332 2540 1541 2578 decernere
1565 2538 1679 2589 solet,

155 2604 290 2660 partim
319 2619 415 2659 quae
443 2605 678 2660 temporibus
705 2613 942 2659 congruunt,
987 2609 1122 2662 partim
1151 2621 1246 2661 qnae
1274 2607 1389 2646 certis
1414 2606 1527 2646 rebus
1551 2606 1682 2646 adum-

157 2672 312 2713 brandis
343 2672 541 2724 serviunt,
588 2673 723 2728 partini
756 2673 889 2726 quibus
922 2675 1049 2714 sutura
1080 2675 1179 2714 bona
1212 2676 1476 2724 declarantur,
1522 2675 1681 2728 quaein

157 2740 359 2793 cvangelio
392 2741 540 2781 demum
575 2742 739 2780 adventu
773 2754 843 2781 suo
876 2739 1055 2783 Christus
1092 2741 1201 2783 lesus
1238 2742 1412 2783 dominus
1445 2748 1580 2782 noster
1612 2743 1681 2782 im—

158 2807 289 2861 plevit.

271 2873 399 2916 Venio
419 2875 495 2916 iam
515 2877 559 2916 ad
583 2876 741 2917 alteram
762 2875 864 2917 illam
887 2877 1097 2918 institutam
1121 2892 1142 2919 a
1166 2885 1201 2918 te
1226 2878 1382 2918 deornm
1404 2877 1587 2932 triplicem
1610 2877 1681 2918 dif-
1707 2881 1782 2924 Cap.
1804 2883 1846 2913 X.

160 2941 384 2991 strenuam,
418 2958 528 2997 qnam
555 2945 686 2984 eadem
713 2944 863 2985 ratione
885 2946 1120 2987 calumniose
1145 2946 1344 2986 confictam
1370 2959 1480 2998 esse,
1508 2952 1620 3000 teque
1643 2945 1681 2986 id

229 3007 344 3044 Corpus
363 3007 541 3038 Haereseol.
560 3007 599 3036 11.
1360 3016 1411 3056 27
