2034 3267
499 160 675 192 PANAuu
702 161 782 192 [ΑΒ.
804 161 827 192 1.
851 160 958 192 ΤοΜ.
978 160 1033 191 111.
1058 159 1310 190 HAER.XL11.
1591 146 1670 186 559

143 253 216 293 quo
242 239 324 279 vult
347 239 555 293 pertineat3
589 240 644 279 sic
671 239 770 279 enim
794 239 954 279 asserit:
991 237 1222 287 Dominum,
1257 243 1455 290 postquam
1481 249 1500 274 a
1525 232 1669 274 Ioanne
1690 242 1814 269 Luc-12.
1833 244 1872 268 5⁰.

140 307 357 361 baptizatus
383 314 464 357 est,
500 307 646 347 dixisse
670 307 890 361 discipulis:
934 309 1120 358 Baplz'sma
1146 307 1259 343 habeo
1285 306 1493 355 baptizari,
1527 310 1563 340 ec
1585 304 1674 353 quid

142 376 221 412 volo
254 377 331 413 m‘sl
360 383 404 413 ut
427 377 617 426 perficiam
649 379 796 425 ipsum?
838 389 881 413 ac
916 388 1092 413 rursum:
1139 375 1295 411 Calicem
1331 373 1445 410 habeo
1481 371 1603 409 bibere
1636 377 1672 407 el

141 445 231 494 quid
251 444 331 481 volo
355 445 431 481 m'si
449 451 489 480 21!
509 445 674 494 impleam
700 444 832 480 illum?
865 443 964 481 uude
988 441 1115 495 plures
1137 440 1222 479 illos
1245 439 1453 493 baptismos
1478 451 1671 478 commen-

142 516 202 549 tus
235 516 306 550 est.

250 575 461 617 Praeterea
490 578 611 631 legem
639 592 683 617 ac
710 576 913 630 propbetas
939 589 1073 615 omnes
1100 575 1249 625 abiicit3
1294 588 1389 627 quos
1417 573 1599 627 principis
1626 572 1670 611 il-
1698 577 1774 621 Cap.
1800 580 1851 610 tv.

141 645 212 685 lius
239 645 388 695 afflatu,
429 646 489 699 qui
519 646 616 685 hunc
641 645 771 684 orbem
797 644 989 692 condidit,
1025 642 1255 682 vaticinatos
1282 641 1493 681 existimat.
1558 639 1671 680 Chri-

140 719 238 753 stum
264 727 358 753 vero
384 714 469 752 ideo
494 713 538 752 dc
562 713 669 752 coelo
695 712 887 766 delapsum
913 711 975 750 illo
1002 725 1022 749 a
1049 717 1229 764 parente,
1276 710 1336 762 qui
1360 723 1429 749 uec
1455 709 1575 748 videri
1602 721 1671 747 nec

140 781 328 820 nominari
362 788 508 835 potest,
553 787 592 820 ut
622 787 660 819 et
690 780 838 819 animas
871 778 1071 827 liberaret,
1116 784 1155 816 et
1180 775 1409 816 Iudaeorum
1442 790 1484 816 ac
1510 776 1605 829 legis
1633 783 1671 814 et

140 849 410 903 prophetarum
450 855 561 901 atquc
596 847 810 887 istiusmodi
842 853 1060 886 ceterorum
1102 846 1212 884 deum
1253 845 1518 897 redargueret.
1589 841 1670 882 tmo

140 917 185 955 ad
209 916 356 956 inferos
382 929 500 969 usque
525 915 773 955 descendisse
797 914 1005 963 dominum,
1040 919 1080 953 ut
1102 919 1138 952 et
1163 910 1288 952 Caino
1312 919 1350 950 et
1375 910 1494 960 (lore,
1529 925 1572 950 ac
1595 909 1671 950 Da-

142 984 244 1024 thani
268 991 305 1024 et
326 983 510 1032 Abironi,
547 996 616 1023 nec
641 997 715 1022 nou
741 981 868 1031 Esau,
904 996 947 1021 ac
970 980 1189 1021 nationibus
1213 979 1413 1029 omnibus,
1449 978 1584 1032 quibus
1611 976 1671 1017 lu-

140 1052 320 1092 daeorum
345 1052 438 1091 deus
467 1052 590 1091 fuerat
612 1052 789 1104 ignotus,
824 1050 986 1090 salutem
1014 1049 1193 1088 afferret:
1231 1047 1394 1087 Abelum
1420 1061 1530 1096 vero,
1566 1044 1671 1085 Eno-

140 1119 272 1169 chum,
305 1117 522 1168 Noemum,
559 1118 817 1167 Abraamum,
854 1116 1052 1167 lsaacum,
1088 1114 1291 1166 iacobum,
1325 1113 1517 1169 Moysen,
1551 1112 1672 1154 Davi-

141 1187 224 1227 dem
256 1200 301 1227 ac
331 1185 578 1227 Salomonem
615 1187 689 1226 illic
725 1186 906 1235 relictos,
955 1184 1133 1238 quoniam
1170 1182 1397 1224 ludaeorum
1432 1183 1567 1232 deum,
1614 1181 1671 1220 in-

139 1254 292 1308 quiunt,
340 1261 606 1308 agnoverunt,
656 1253 719 1308 qui
752 1253 1018 1294 universitatis
1056 1252 1233 1291 conditor
1272 1266 1314 1290 ac
1350 1251 1557 1290 fabricator
1594 1255 1667 1299 cst,

139 1322 297 1376 eiusque
320 1322 426 1376 leges
451 1329 488 1362 et
511 1322 683 1362 instituta
705 1322 825 1362 secuti
851 1328 961 1370 sunt,
996 1334 1040 1359 ac
1062 1334 1137 1359 uon
1163 1333 1203 1359 se
1227 1319 1350 1372 potius
1374 1317 1483 1357 alteri
1507 1317 1557 1357 illi
1581 1317 1668 1366 deo,

139 1388 202 1443 qui
236 1389 356 1430 videri
391 1390 512 1430 oculis
549 1390 703 1444 nequit,
752 1390 998 1429 addixerunt.
1070 1386 1147 1426 lam
1186 1385 1418 1426 mulierculis
1454 1384 1670 1439 baptizandi

138 1464 368 1512 potestatem
402 1458 503 1498 facit.
565 1457 673 1497 Nihil
705 1465 764 1497 est
796 1457 895 1496 enim
928 1456 1023 1510 apud
1049 1455 1135 1494 illos
1161 1453 1232 1494 nisi
1258 1453 1420 1493 ludibrio
1444 1467 1489 1492 ac
1514 1451 1593 1492 risu
1617 1452 1671 1490 di-

138 1525 379 1578 gnissimum,
415 1540 500 1565 cum
524 1526 585 1565 vel
607 1525 803 1580 mysteriis
824 1524 916 1578 ipsis
937 1522 1176 1563 adstantibus
1198 1519 1497 1562 Catecbumenis
1519 1519 1672 1574 operari

140 1607 216 1633 non
244 1593 430 1633 dubitent.
495 1592 607 1647 Quod
635 1594 679 1632 ad
709 1591 1034 1632 resurrectionem
1065 1590 1223 1639 attinet,
1258 1589 1354 1628 hanc
1380 1589 1441 1628 illc
1467 1601 1669 1642 corporum

140 1674 225 1700 esse
251 1668 379 1714 negat,
415 1662 465 1701 uti
490 1660 722 1710 monuimus,
757 1659 969 1700 animarum
994 1657 1185 1707 concedit,
1220 1657 1355 1710 quibus
1376 1656 1468 1696 solis
1491 1655 1668 1705 salutem,

139 1742 215 1768 nou
241 1728 331 1768 item
357 1729 606 1782 corporibus,
649 1726 944 1768 circumscribit.
1007 1725 1233 1765 Animarum
1261 1724 1423 1778 denique
1451 1723 1497 1763 ab
1522 1722 1606 1762 aliis
1632 1723 1669 1762 in

140 1796 212 1836 alia
246 1811 410 1851 corpora
442 1796 691 1851 migrationes
723 1810 767 1836 ac
800 1795 985 1835 transitus
1018 1793 1165 1833 statuit.

254 1864 399 1904 Verum
425 1865 550 1904 inanis
571 1878 616 1904 ac
639 1863 796 1904 ridicula
820 1863 913 1902 haee
938 1861 1066 1916 opinio
1089 1859 1192 1900 omni
1215 1873 1266 1899 ex
1287 1866 1393 1913 parte
1418 1857 1598 1908 concidit,
1632 1864 1673 1898 ut
1700 1860 1774 1903 Cap.
1803 1862 1840 1891 V-

138 1933 175 1972 in
209 1933 293 1972 aliis
321 1932 545 1973 haeresibus
574 1939 687 1972 antea
712 1931 925 1971 docuimus.
989 1928 1064 1982 Qui
1091 1928 1192 1968 enim
1221 1941 1429 1981 resurgere
1455 1926 1581 1966 anima
1607 1926 1671 1966 illa

139 2008 290 2055 potest,
326 2015 420 2054 quae
445 2014 636 2053 nunquam
661 1999 831 2039 corruit?
890 1996 1094 2050 Quomodo
1119 1997 1270 2050 inquam
1296 1995 1355 2045 ei,
1389 2008 1485 2048 quae
1510 2008 1585 2034 non
1607 2007 1670 2033 ce-

139 2069 249 2114 cidit,
293 2069 527 2108 resurrectio
567 2068 782 2107 tribuetur?
850 2064 1039 2119 Quicquid
1077 2064 1176 2103 enim
1217 2063 1336 2113 cadit,
1382 2061 1668 2101 resurrectione

139 2149 233 2190 opus
269 2136 394 2175 babet.
458 2133 572 2175 Cadit
602 2142 729 2174 autem
762 2149 836 2174 nou
872 2134 1018 2182 anima,
1065 2133 1131 2171 scd
1165 2145 1318 2185 corpus.
1383 2129 1495 2182 Quod
1525 2129 1668 2169 idcirco

138 2206 298 2254 πτῶμα,
342 2204 413 2243 boc
446 2210 502 2242 est
527 2203 716 2252 cadaver,
761 2201 999 2242 consuetudo
1025 2199 1237 2240 communis
1264 2198 1449 2253 appellat,
1496 2197 1668 2250 adeoque

139 2272 314 2311 domiuus
337 2272 433 2325 ipse,
469 2285 552 2310 cum
574 2270 629 2309 sic
652 2270 838 2323 loquitur:
878 2271 1098 2320 Ubicumque
1117 2276 1175 2306 est
1190 2270 1341 2317 πτῶμα,
1373 2266 1408 2305 id
1431 2271 1489 2304 est
1510 2278 1664 2318 corpus,
1686 2273 1757 2301 Luc.
1771 2275 1811 2308 Π,
1829 2275 1869 2301 31.

139 2341 217 2378 illie
245 2340 575 2390 congregabzmlw‘
602 2346 638 2376 e!
663 2340 821 2389 aquilae.
885 2335 1024 2390 Neque
1048 2335 1147 2375 enim
1173 2334 1359 2388 sepulcris
1382 2333 1528 2373 animas
1549 2332 1668 2371 inclu-

140 2407 286 2456 dimus,
322 2408 387 2446 sed
413 2420 574 2460 corpora
600 2405 699 2444 humi
725 2406 878 2444 defossa
901 2404 1189 2458 componimusg
1224 2402 1359 2455 quibus
1382 2400 1499 2440 divini
1521 2400 1668 2454 praedi·

139 2475 291 2514 catione
316 2474 422 2515 verbi
448 2487 535 2527 spes
561 2472 856 2512 resurrectionis
880 2472 1110 2512 ostenditur.
1175 2468 1505 2522 Quemadmodum
1530 2467 1567 2507 in
1591 2468 1668 2507 fru-

140 2542 257 2582 menti
291 2556 411 2595 grano
443 2540 658 2593 ceterisque
694 2540 903 2580 seminibus
936 2539 1097 2588 accidit,
1143 2552 1195 2577 ex
1225 2537 1360 2591 quibus
1391 2535 1587 2590 apostolus
1620 2536 1663 2574 ad

139 2609 249 2649 fidem
276 2609 485 2649 faciendam
512 2607 687 2661 exempla
713 2607 914 2660 produxit,
950 2614 990 2647 ut
1012 2614 1050 2647 et
1075 2607 1236 2660 ipsemet
1260 2605 1296 2643 in
1324 2603 1526 2657 evangelio
1549 2603 1668 2642 domi-

141 2691 236 2717 nus:
269 2680 375 2723 Nisi,
411 2676 554 2729 inquit,
585 2690 744 2726 granam
760 2677 944 2726 frumenlt'
960 2677 1093 2713 cadens
1114 2677 1150 2712 in
1173 2682 1309 2711 terram
1330 2679 1510 2710 mortuum
1519 2673 1658 2724 suerit,
1674 2681 1869 2716 loann.1·t‚24.

141 2748 257 2796 ipsum
281 2747 398 2784 solum
422 2752 556 2782 manet.
620 2742 674 2782 At
696 2743 891 2796 apostolus
918 2757 1001 2782 cum
1026 2742 1123 2781 idem
1151 2746 1414 2794 argumentum
1443 2745 1666 2792 pertractat,

140 2812 385 2867 insipientem
414 2826 498 2851 eum
522 2810 686 2865 appellat
716 2810 777 2863 qui
800 2825 874 2850 non
900 2810 1036 2860 credit,
1070 2816 1134 2849 aut
1156 2807 1310 2848 omniuo
1333 2806 1527 2847 haesitans
1548 2806 1666 2846 inter-

141 2888 268 2933 rogat,
299 2881 482 2930 Quamodo
491 2880 549 2931 fit
567 2881 822 2917 resurreetio?
851 2880 956 2930 quali
971 2885 1090 2917 aulem
1112 2890 1266 2927 corpore
1288 2878 1459 2914 venient?
1506 2873 1567 2914 Ac
1589 2879 1868 2915 Sta-l-Cor-l5‚35·

143 2947 206 2987 tim
234 2954 368 2987 contra
393 2946 479 2987 illos
507 2946 563 2987 sic
587 2945 776 3000 disputat:
808 2948 1012 2997 lnmjm‘ens,
1048 2953 1087 2984 tu
1111 2946 1208 2996 quod
1226 2946 1384 2982 seminas
1406 2957 1477 2982 non
1502 2944 1665 2994 vz'vg‘fica-
1682 2948 1754 2977 lbid.
1773 2949 1815 2976 36.
