2034 3267
541 175 718 205 PANARH
743 175 826 206 Liss.
844 176 866 206 ῐ.
894 175 1000 207 ΤοΜ.
1024 176 1064 205 11.
1093 174 1218 205 HAER.
1240 175 1374 206 xxxi.
1626 166 1705 205 333

183 253 367 309 petisset,
399 253 499 306 quod
525 254 607 294 eius
634 260 860 308 potestatem
888 253 1222 307 cognitionemque
1247 260 1470 307 superaret,
1504 253 1704 293 informem

183 321 370 375 quandam
403 328 516 374 atque
543 321 774 361 inconditam
805 321 971 361 edidisse
999 321 1277 371 substantiam,
1321 321 1567 374 eiusdemque
1596 335 1706 374 quam

184 388 345 429 habehat
366 395 526 429 naturae
548 389 726 429 feminam
749 389 959 444 peperisse.
1024 386 1147 441 Quam
1171 396 1211 428 ut
1232 389 1516 438 animadvertit,
1547 388 1705 443 primum

184 456 231 496 ob
255 470 426 497 mancam
452 456 745 511 inclinatamque
771 457 1061 510 generationem
1088 457 1214 496 animo
1242 457 1433 507 doluisse,
1478 463 1556 497 tum
1580 457 1706 497 vereri

184 524 358 579 coepisse
384 539 430 564 ne
453 525 512 566 vel
537 525 617 579 ipsa
641 537 728 564 esse
756 524 910 564 omnino
935 523 1153 573 desi11eret3
1186 524 1421 577 proindeque
1446 525 1646 565 attonitam
1671 531 1709 564 et

183 591 437 633 haesitantem
465 607 636 633 caussam
664 591 847 645 indagare
869 591 1106 641 instituisse,
1152 605 1196 631 ac
1221 593 1535 644 quemadmodum
1566 594 1707 633 foetum

183 674 292 700 suum
316 661 508 701 occultare
529 667 673 716 posset.
720 658 825 712 Ergo
849 659 886 698 in
910 658 1069 712 pristina
1090 658 1152 698 illa
1175 660 1432 700 commotione
1454 675 1708 715 perseveran-

185 734 258 768 tem
290 728 530 768 convertisse
561 741 672 778 sese,
715 734 753 766 et
782 727 825 765 ad
853 724 1060 766 Parentem
1091 726 1285 766 studuisse
1312 741 1532 768 recurrere.
1595 729 1706 783 Quod

185 810 269 835 cum
296 796 491 849 aliquanto
516 803 684 848 tempore
713 794 996 843 contendisset,
1040 793 1288 834 succubuisse
1313 795 1485 846 demum,
1527 803 1638 850 atque
1664 798 1707 837 ad

181 862 390 904 Parentem
411 877 498 903 sese
519 862 725 917 supplicem
750 861 962 901 abiecisse:
997 861 1155 901 affuisse
1177 868 1215 901 et
1235 863 1444 903 advocatos
1467 864 1626 904 Aeonas
1650 879 1709 905 re-

182 932 328 986 liquos,
362 945 404 970 ao
423 929 596 970 Mentem
619 929 820 984 imprimis.
882 929 1010 982 Atque
1030 928 1128 969 hanc
1149 929 1307 984 primam
1334 931 1571 971 substantiae
1592 933 1708 985 origi-

184 1013 268 1039 nem
293 999 494 1048 extitisse,
527 1012 622 1051 quae
649 1012 702 1038 ex
724 997 942 1051 ignorantia
972 1006 1008 1036 et
1030 997 1162 1037 dolore
1184 1012 1227 1037 ae
1252 1005 1355 1038 metu
1383 1005 1420 1037 et.
1444 1006 1601 1054 stupore
1623 1015 1708 1054 pro-

184 1067 310 1107 dierit.
371 1066 425 1106 At
460 1063 578 1105 Pater
609 1064 783 1117 Horum,
827 1065 911 1105 sive
945 1064 1196 1115 Terminum,
1245 1080 1355 1119 quem
1392 1066 1582 1119 diximus,
1625 1076 1710 1122 post

185 1135 268 1175 illos
293 1147 425 1174 omnes
448 1147 557 1173 suam
580 1134 625 1174 ad
648 1134 809 1188 effigiem
835 1133 1017 1188 produxit
1039 1133 1229 1187 comparis
1253 1148 1297 1173 ao
1323 1135 1475 1174 feminei
1496 1149 1617 1177 sexus
1640 1150 1710 1176 ex-

182 1209 342 1257 pertem.
405 1200 518 1241 Hunc
539 1202 640 1241 enim
665 1202 786 1257 ipsum
811 1200 1020 1241 Parentem
1043 1202 1136 1242 alias
1160 1217 1243 1242 cum
1270 1200 1364 1256 Sige
1388 1204 1582 1258 copulant,
1616 1204 1710 1246 alias

181 1283 294 1324 supra
323 1269 440 1309 maris
473 1284 517 1310 ae
551 1270 714 1310 feminae
747 1270 1003 1309 conditionem
1029 1270 1235 1310 extollunt.
1297 1269 1444 1311 Horum
1474 1286 1569 1312 vero
1595 1272 1708 1313 etiam

181 1337 504 1391 Redemptorem,
547 1352 592 1378 ac
624 1335 855 1393 Carpisten,
901 1345 938 1378 et
967 1337 1235 1388 Horotheten,
1278 1353 1322 1379 ae
1351 1337 1708 1381 Circumductorem

179 1413 334 1446 vocant.
396 1406 432 1446 A
457 1420 531 1460 quo
555 1414 821 1461 perpurgatam
847 1421 891 1446 ac
915 1406 1173 1446 confirmatam
1198 1405 1437 1461 Sapientiam
1463 1415 1637 1459 narrant,
1671 1416 1709 1449 et

180 1473 360 1527 coniugio
382 1473 615 1515 restitutam.
678 1472 934 1528 Posteaquam
957 1474 1058 1514 enim
1079 1473 1353 1529 Enthymesis,
1389 1475 1459 1516 hoc
1484 1483 1543 1516 est
1566 1477 1710 1530 cogita-

180 1542 255 1593 tio,
298 1542 344 1582 ab
374 1542 440 1582 illa
470 1549 530 1583 est
561 1557 644 1582 cum
676 1543 975 1597 superveniente
1003 1540 1275 1583 Commotione
1305 1551 1478 1595 secreta,
1524 1552 1600 1584 tum
1627 1546 1709 1600 ipsa

180 1609 329 1663 quidem
348 1610 449 1650 intra
468 1609 649 1651 Pleroma
672 1618 844 1665 recepta,
872 1609 1123 1666 Enthymesis
1146 1624 1239 1650 vero
1264 1625 1347 1651 cum
1371 1609 1640 1653 Commotione
1663 1614 1709 1654 ab

180 1676 289 1718 Horo
314 1678 500 1732 relegata,
534 1679 627 1718 etin
652 1677 780 1719 Cruce
805 1679 959 1728 suffixa,
993 1686 1107 1732 atque
1131 1685 1243 1719 extra
1266 1677 1598 1734 Complementum
1624 1696 1711 1736 pro-

182 1746 241 1786 cul
263 1747 465 1787 amandata
488 1747 681 1798 constitit3
721 1754 762 1787 ut
783 1747 997 1787 substantia
1021 1747 1082 1786 illa
1105 1747 1255 1801 quidem
1281 1748 1464 1802 spiritalis
1487 1756 1615 1801 esset,
1651 1758 1709 1790 ut-

180 1821 266 1868 pote
292 1814 474 1855 naturalis
495 1815 680 1869 quaedam
703 1815 761 1854 vis
786 1814 934 1855 Aeonis
957 1822 996 1855 et
1015 1815 1196 1869 impetus,
1229 1816 1297 1855 sed
1316 1816 1422 1856 rudis
1440 1817 1571 1856 eadem
1595 1824 1634 1857 et
1651 1818 1709 1858 in—

181 1883 328 1933 formis,
353 1882 450 1937 quod
471 1882 560 1922 nihil
580 1890 685 1923 esset
703 1883 858 1923 omnino
878 1889 1098 1923 consecuta.
1148 1880 1208 1923 Ob
1229 1882 1342 1937 idque
1361 1897 1585 1938 praecocem
1604 1885 1706 1925 illum

182 1951 344 1991 fructum
373 1958 486 2004 atque
510 1951 739 1991 imbecillum
769 1957 807 1991 et
830 1950 1025 2003 muliebris
1050 1950 1281 1992 conditionis
1309 1965 1396 1992 esse
1420 1960 1649 1994 memorant.

295 2016 477 2059 Ceterum
502 2018 563 2058 ubi
587 2019 679 2059 haec
706 2033 726 2059 a
746 2017 966 2059 Pleromate
990 2019 1146 2073 depulsa
1174 2026 1247 2070 est,
1280 2018 1410 2060 Mater
1433 2034 1527 2061 vero
1547 2022 1591 2062 ad
1617 2037 1709 2062 con·
1733 2028 1910 2073 εαρλψ.

182 2086 324 2140 iugium
348 2101 458 2127 suum
481 2086 713 2141 postliminio
737 2100 920 2137 reversa,
959 2094 1034 2127 tum
1060 2089 1105 2127 de
1125 2085 1306 2127 Parentis
1331 2089 1516 2140 consilio,
1551 2104 1598 2130 ne
1622 2090 1709 2143 quid

181 2153 305 2194 simile
333 2154 489 2209 posthac
513 2154 640 2194 Aeoni
666 2154 779 2194 alicui
808 2155 1072 2210 contingeret,
1115 2155 1307 2195 fulciendo
1334 2157 1595 2211 firmandaque
1621 2156 1708 2198 Ple-

183 2222 321 2262 romati
343 2237 484 2263 novum
510 2237 578 2277 par
602 2224 728 2262 ferunt
754 2222 800 2262 ab
824 2221 1001 2277 Unigeua
1023 2224 1264 2278 productum,
1298 2220 1493 2264 Christum
1518 2239 1560 2265 ac
1586 2224 1708 2280 Spiri-

182 2297 260 2330 tum
286 2298 482 2342 sanctum3
525 2305 685 2344 quorum
712 2304 828 2344 opera
855 2291 1013 2332 Aeones
1041 2293 1238 2332 ordinatos
1271 2305 1314 2332 ac
1341 2292 1576 2347 compositos
1603 2307 1705 2334 esse.

183 2355 332 2413 Quippe
375 2355 570 2398 Christum
615 2358 781 2411 coniugii
823 2365 960 2399 natura
1000 2367 1114 2414 atque
1154 2357 1320 2414 Ingeniti
1362 2361 1708 2415 comprehensione

182 2426 334 2480 cognita
363 2427 541 2467 docuisse
572 2432 774 2467 contentos
806 2440 892 2467 esse
917 2427 1003 2468 illos
1027 2434 1230 2483 oportere,
1273 2425 1479 2482 Patrisque
1499 2428 1601 2469 inter
1623 2430 1708 2470 illos

184 2528 345 2568 Inter-prete
366 2532 392 2559 et
413 2531 444 2561 in
466 2531 536 2560 aliis
557 2538 635 2568 qnae
655 2530 739 2567 infra
760 2533 924 2569 sequuntur
968 2531 1104 2577 nendum
1124 2531 1244 2561 viderat
1266 2531 1330 2561 iam
1353 2532 1492 2563 Grabius.
1543 2533 1638 2572 Vu190
1659 2542 1711 2564 ecc-

183 2575 300 2606 lrenaei
319 2575 392 2605 locis
409 2576 583 2613 probatam.
626 2575 719 2605 Extat
738 2576 817 2605 enim
836 2577 867 2606 in
887 2577 924 2605 li-
970 2579 1013 2606 lat
1038 2578 1129 2608 εἰναι.

183 2620 244 2650 bris
265 2621 339 2650 meis
358 2621 508 2658 omnibus,
530 2623 593 2650 tam
609 2620 730 2657 scriptis
748 2628 840 2658 quam
860 2621 924 2651 edi·
1017 2619 1066 2652 13.
1091 2622 1138 2652 Ila
1158 2629 1260 2651 omnes
1279 2622 1358 2652 libri.
1392 2622 1453 2652 Sed
1470 2623 1637 2654 secundum
1652 2627 1710 2654 vet.

183 2666 240 2703 tis,
264 2662 319 2696 καὶ
343 2661 592 2705 συλλ·.)τρωτῆν;
616 2665 698 2703 quod
720 2665 828 2695 vitium
850 2675 922 2704 quo·
968 2667 1085 2697 Irenaei
1108 2667 1282 2705 1nterpretis
1305 2668 1472 2698 versionem
1495 2671 1521 2697 et
1545 2669 1711 2700 sec-undum

183 2709 273 2740 modo
291 2712 390 2740 ortum
409 2711 447 2740 sit
468 2711 654 2740 demonstrat
675 2710 757 2740 locus
776 2719 844 2748 cap.
862 2710 923 2748 15„
970 2712 1090 2742 Tertull.
1113 2712 1191 2742 Adv.
1217 2712 1331 2742 Valent.
1350 2720 1418 2750 cap.
1437 2712 1487 2743 10.
1513 2714 1602 2744 cilius
1624 2723 1711 2753 repo-

185 2755 238 2784 ubi
255 2756 402 2793 scriptum
425 2758 467 2785 est
487 2752 543 2786 καὶ
563 2751 694 2786 Στύλου
713 2751 770 2786 καὶ
788 2755 923 2796 Λυτρω-
967 2757 1103 2787 nendum
1118 2752 1419 2797 ἀποσταυρωὶῒῆναι
1433 2757 1586 2789 videatur.
1616 2759 1648 2789 V.
1663 2760 1711 2789 in-

183 2799 239 2831 τοῦ
253 2808 310 2838 pro
325 2798 383 2831 καὶ
397 2795 552 2840 Σταύρου
567 2797 625 2832 καὶ
637 2799 924 2840 Λυτρο)τοῦ,ριιοά
969 2804 1062 2840 terpr.
1089 2803 1214 2832 Irenaei.
1273 2801 1471 2840 Quamquam
1502 2811 1555 2842 e90
1587 2804 1711 2842 quictem

183 2852 287 2874 verum
311 2847 362 2875 est.
969 2848 1093 2877 mallem
1113 2841 1416 2887 οἶποστερεωξῑῆναι,
1441 2851 1577 2886 respectu
1593 2850 1712 2888 gemelli

230 2887 281 2920 11.
304 2886 473 2931 καῖτάρξῖαι
497 2891 562 2921 cod.
587 2891 657 2923 l'en.
969 2892 1028 2922 loci
1051 2892 1134 2931 infra
1157 2901 1225 2930 cap.
1244 2889 1296 2923 37.

232 2932 281 2964 12.
306 2935 352 2965 Ita
368 2935 434 2965 cod.
452 2936 537 2974 Ven„
556 2936 746 2974 conspirante
762 2937 818 2966 vet.
831 2936 925 2966 Inter·
1017 2935 1083 2967 ctu>
1110 2935 1203 2967 XIV.
1224 2953 1263 2958 —-
1284 2936 1314 2966 1.
1337 2930 1440 2978 αὕτην
1457 2935 1532 2980 (sic)
1553 2939 1618 2969 cod.
1641 2940 1710 2969 Veri.

183 2980 266 3016 prete
279 2980 429 3017 quit-ertit
445 2989 678 3022 perseverasse.
715 2982 822 3021 μεῖναι
839 2989 925 3020 repo·
1016 2985 1047 3013 2¹.
1072 2976 1184 3020 διάξω.
1207 2980 1273 3012 cod.
1302 2981 1371 3013 Veri.
