2034 3267
472 179 647 211 PANARn
674 180 773 212 Anv.
798 180 1020 212 flAnnEsEs
1045 181 1125 213 Lm.
1146 182 1170 213 1.
1193 182 1297 214 ToM.
1315 184 1339 214 1.
1608 178 1658 216 45

149 257 274 312 gressi
295 257 332 297 in
355 257 508 298 deserto
529 256 716 298 Sinaitico
738 266 862 298 castra
887 259 1015 299 metati
1038 267 1140 300 sunt.
1187 259 1286 300 Tum
1308 259 1437 316 Moysi
1462 261 1520 302 dei
1544 276 1659 303 servo

149 325 315 366 divinum
343 325 537 364 oraculum
567 339 770 365 recensere
793 326 968 379 populum
994 327 1112 377 iubet,
1145 341 1353 382 eorumque
1379 343 1576 369 numerum
1601 330 1659 369 in-

148 393 228 443 ire,
263 392 323 446 qui
347 392 546 431 militarem
569 399 730 431 aetatem
755 393 879 445 adepti
902 399 1069 432 tractare
1093 408 1197 434 arma
1220 402 1396 449 possent,
1430 410 1452 436 a
1475 397 1657 437 vicesimo

148 459 284 500 aetatis
304 472 404 499 anno
429 460 473 498 ad
500 458 867 512 quinquagesimum.
930 456 1054 510 Quam
1082 460 1121 499 in
1154 462 1448 516 descriptionem
1472 472 1658 504 sexcenta

148 526 283 581 viginti
317 534 354 566 et
384 533 469 566 octo
501 525 616 565 millia
647 539 690 564 ac
721 526 926 578 quingenta
957 525 1079 579 capita
1110 527 1229 567 relata
1260 537 1362 569 sunt.

260 593 386 648 Atque
409 593 507 632 idem
528 592 616 632 illud
639 599 784 645 tempus
806 592 874 631 fuit
894 606 967 645 quo
987 593 1083 646 apud
1105 592 1280 634 Graecos
1300 594 1462 637 Inachus
1483 598 1654 650 florebat,

147 661 256 702 cuius
279 659 321 700 Io
351 660 425 700 filia
446 659 576 700 Atthis
600 658 694 698 alias
720 658 819 697 dicta
842 659 996 698 Atticae
1023 660 1172 712 regioni
1201 661 1246 700 de
1270 675 1340 701 suo
1368 677 1504 704 nomen
1537 666 1656 720 impo-

147 728 238 770 suit.
299 727 364 767 Ex
389 727 519 767 eadem
543 732 653 765 natus
676 731 713 763 et
734 723 947 779 Bosporus,
982 726 1039 765 cui
1066 728 1304 779 cognominis
1326 729 1416 769 urbs
1439 731 1475 770 in
1502 731 1656 773 Euxino

147 795 243 836 mari
270 795 407 849 posita.
469 791 545 833 Sed
572 791 753 846 Aegyptii
778 790 855 831 Isin
881 792 983 832 illam
1008 802 1248 847 nuncupant,
1282 808 1323 834 ac
1348 810 1416 850 pro
1444 797 1513 837 dea
1539 813 1657 840 vene-

148 870 294 903 rantur.
335 859 461 901 Inachi
483 872 598 912 porro
623 872 760 898 nomen
786 860 898 898 etiam
926 859 1063 900 fluvius
1086 860 1235 913 quidam
1260 863 1418 903 sortitus
1441 871 1513 904 est.
1556 864 1656 906 Cae-

149 938 269 970 terum
293 928 394 968 illinc
418 924 654 965 Graecorum
681 925 863 979 mysteria
886 927 1168 980 religionesque
1194 928 1388 969 derivatae
1415 938 1501 970 sunt
1518 963 1527 981 ‚
1561 947 1655 985 quae

149 998 244 1052 apud
271 993 506 1048 Aegyptios,
539 991 737 1047 Phryges,
771 991 987 1033 Phoenices
1023 1002 1059 1034 et
1089 993 1328 1049 Babylonios
1367 997 1463 1037 male
1495 1000 1655 1039 antehac

148 1062 360 1116 excogitata
384 1074 452 1114 per
472 1057 658 1100 Cadmum
683 1067 720 1099 et
744 1058 942 1111 Inachum,
977 1061 1039 1114 qui
1066 1062 1169 1115 prius
1193 1062 1290 1116 Apis
1315 1064 1436 1104 dictus
1457 1063 1654 1120 Memphin

146 1130 273 1171 urbem
299 1127 480 1177 condidit,
514 1141 564 1167 ex
585 1127 765 1182 Aegypto
789 1128 972 1168 translata
995 1136 1084 1168 sunt
1106 1129 1144 1168 in
1170 1128 1387 1170 Graeciam.
1437 1130 1655 1184 Quinetiam

145 1197 191 1238 ab
216 1193 370 1250 Orpheo
404 1194 564 1248 aliisque
590 1195 780 1234 nonnullis
805 1195 958 1235 invecta
981 1196 1108 1236 varias
1130 1197 1166 1236 in
1194 1204 1320 1237 sectas
1350 1199 1527 1239 coaluere
1554 1208 1656 1254 post-

142 1263 315 1313 modum,
348 1276 505 1315 quarum
530 1260 737 1316 Epicurus,
771 1261 882 1302 Zeno
910 1261 1081 1315 Stoicus,
1114 1262 1358 1319 Pythagoras
1385 1279 1429 1305 ac
1450 1265 1561 1307 Plato
1588 1269 1655 1308 du-

142 1344 206 1371 ces
239 1336 352 1383 atque
387 1330 611 1369 inventores
648 1330 816 1370 fuerunt.
880 1329 1000 1383 Igitur
1033 1331 1078 1370 ab
1108 1331 1172 1371 illo
1205 1339 1376 1386 tempore
1407 1335 1654 1375 corroborata

140 1398 320 1452 deinceps
340 1396 402 1436 illa
422 1397 644 1450 superstitio
669 1397 714 1437 ad
735 1398 933 1452 imperium
959 1411 1078 1451 usque
1096 1396 1391 1439 Macedonicum
1417 1408 1454 1440 et
1475 1399 1653 1442 Xerxem

139 1463 345 1506 Persarum
364 1464 588 1519 principem,
619 1471 703 1518 post
724 1464 885 1518 primum
908 1464 1267 1517 Hierosolymorum
1291 1468 1498 1508 excidium.
1538 1467 1653 1509 Item—

141 1546 214 1588 que
240 1532 286 1572 ad
307 1530 703 1571 Nabuchodonosoris
730 1546 850 1585 usque
872 1532 1144 1586 captivitatem,
1179 1533 1350 1587 adeoque
1371 1533 1478 1575 Darii
1504 1542 1541 1575 et
1561 1536 1654 1576 Ale-

139 1600 278 1641 xandri
307 1598 536 1639 Macedonis
565 1605 753 1653 tempora.
817 1598 918 1638 Tum
941 1601 1040 1639 enim
1065 1598 1174 1640 Plato
1200 1601 1383 1650 florebat,
1416 1617 1459 1641 ac
1484 1603 1543 1656 qui
1565 1602 1652 1644 Pla-

140 1675 268 1708 tonem
292 1673 414 1707 aetate
439 1666 651 1720 praecessit
672 1664 929 1720 Pythagoras,
963 1674 1002 1706 et
1022 1667 1083 1720 qui
1109 1675 1194 1720 post
1217 1682 1299 1707 eum
1324 1669 1424 1709 vixit
1443 1668 1649 1723 Epicurus.

137 1734 204 1775 Ex
229 1735 313 1785 illa,
345 1733 401 1774 uti
424 1733 520 1784 dixi,
553 1733 758 1774 occasione
780 1732 1019 1774 Graecorum
1045 1742 1290 1775 monumenta
1315 1744 1520 1790 propagata
1546 1745 1648 1778 sunt.

139 1802 241 1843 Tum
272 1815 368 1855 quae
394 1801 600 1841 secundum
624 1801 711 1841 illud
738 1808 882 1855 tempus
905 1801 1120 1842 celebratae
1154 1803 1308 1843 fuerunt
1340 1803 1651 1858 philosophorum

137 1876 284 1919 sectae,
317 1882 384 1909 eae
409 1869 560 1908 tametsi
584 1883 711 1909 secum
736 1868 898 1909 invicem
922 1869 961 1908 in
986 1883 1032 1908 eo
1059 1870 1318 1921 consentiant,
1352 1871 1450 1924 quod
1477 1885 1648 1912 errorem

136 1944 397 1992 propugnant,
432 1950 636 1992 paremque
666 1942 705 1975 et
731 1936 889 1976 eandem
921 1936 1162 1977 idololatriae
1196 1945 1308 1992 atque
1341 1938 1546 1992 impietatis
1582 1940 1648 1979 do-

137 2005 296 2045 ctrinam
330 2011 565 2054 contexant,
598 2004 635 2043 in
664 2004 727 2043 illa
761 2010 887 2044 tamen
921 2004 1067 2044 erroris
1095 2005 1252 2046 libidine
1283 2007 1510 2061 semetipsas
1543 2007 1648 2047 colli-

135 2072 229 2113 dunt
257 2086 301 2113 ac
331 2080 461 2113 mutuo
491 2077 720 2125 repugnant.

628 2296 727 2345 DE
788 2297 1147 2359 STOICIS,

227 2393 333 2438 quae
368 2378 498 2425 tertia
534 2381 600 2423 est
637 2375 873 2425 Gentilium
908 2378 1124 2438 haeresis,
1161 2379 1312 2426 ordine
1348 2394 1452 2427 vero
1490 2380 1544 2428 V.

241 2474 354 2529 Quod
384 2478 431 2517 ad
457 2475 610 2517 Stoicos
641 2476 826 2528 pertinet,
869 2478 962 2518 haec
994 2487 1053 2520 est
1083 2480 1128 2519 de
1158 2479 1354 2518 divinitate
1384 2479 1532 2520 illorum
1565 2481 1645 2535 opi-
1670 2491 1748 2535 Cap.
1774 2492 1799 2523 Ι.

129 2544 208 2584 nio.
270 2543 394 2584 Deum
428 2557 513 2584 esse
540 2550 703 2582 mentem
731 2552 930 2595 asserunt,
977 2560 1072 2600 quae
1102 2547 1218 2586 totius
1243 2547 1485 2600 aspectabilis
1516 2549 1642 2599 molis,

129 2611 224 2651 coeli
251 2611 427 2651 nimirum
458 2625 502 2650 ac
534 2617 660 2649 terrae
686 2619 998 2667 caeterarumque
1029 2627 1155 2653 rerum
1187 2613 1291 2653 velut
1318 2614 1488 2668 corporis
1519 2615 1644 2655 anima

128 2679 192 2719 sit.
263 2677 414 2719 Rursus
447 2677 683 2717 divinitatem
722 2692 833 2719 uuam
874 2680 912 2720 iu
951 2681 1078 2735 plures
1117 2695 1161 2720 ac
1199 2681 1448 2734 particulares
1489 2689 1643 2723 naturas

127 2745 381 2795 distribuunt3
427 2745 547 2785 solem
583 2745 782 2798 videlicet,
828 2747 955 2787 lunam
988 2762 1031 2787 ac
1065 2748 1220 2798 stellas,
1267 2748 1450 2799 animam,
1495 2755 1640 2800 aerem,

173 2869 223 2901 10.
249 2871 300 2900 Sic
323 2878 424 2900 omnes
444 2870 523 2899 libri.
548 2887 591 2892 —-
636 2871 696 2900 Pro
715 2867 775 2912 πρὸ
799 2872 861 2911 for·
950 2872 1004 2903 wll.
1029 2883 1091 2912 ομε
1085 2868 1222 2914 'oz-mxv
1247 2873 1312 2903 cod
1336 2873 1432 2903 tenet

125 2916 202 2945 tasse
225 2915 435 2965 corrigendum
459 2909 535 2946 ἀπὸ.
949 2916 1024 2947 CAP.
1052 2917 1073 2946 1.
1107 2935 1149 2939 -
1191 2917 1214 2946 Ι.
1242 2910 1267 2956 ἦ
1292 2933 1336 2940 —
1359 2935 1400 2939 —
1425 2914 1544 2960 ψυχή).
1578 2927 1638 2956 e90.

170 2958 217 2988 11.
241 2957 276 2990 αἱ
296 2954 406 3000 βοώμε
408 2969 458 2992 ναι
481 2959 547 2990 cod.
571 2960 670 2989 Venet.
904 2957 1151 3003 Εἱὸνῐὴαϋεηιη
1170 2956 1209 3003 (ἠ
1227 2962 1274 2992 ed.
1293 2959 1637 3004 ΡεΙαυ.)--ῴυχη’.
