2034 3267
361 165 439 203 246
915 169 1071 200 εΑΝοΤι
1095 168 1314 201 EPIPHANH

365 251 418 296 εἰς
447 246 565 288 αὐτόν
590 241 685 297 ἦλθε
707 242 750 284 τό
775 249 946 295 πνεῦμα,
977 243 1072 297 ὅπερ
1096 244 1198 284 ἐστὶν
1221 242 1242 285 ὁ
1268 246 1455 299 Χριστός,
1483 250 1550 289 καὶ
1575 246 1778 290 ἐνεδύσατο
1804 244 1874 287 αὐ-

365 313 432 355 τόν
458 312 525 354 τὸν
548 311 703 363 Ἰησοῦν
726 309 974 362 καλούμενον.
1033 311 1112 350 Καὶ
1140 310 1260 364 πολλὴ
1289 310 1379 365 παρ’
1410 312 1541 364 αὐτοῖς
1572 314 1778 363 σκότωσις,
1810 312 1873 354 ἄλ·

366 387 458 422 λοθι
487 378 607 424 ἄλλως
634 378 697 418 καὶ
732 376 852 425 ἄλλως
883 375 1000 418 αὐτόν
1033 374 1342 430 ὑποτιθεμένοις.
1402 381 1482 420 Καὶ
1511 383 1683 434 δέχονται
1714 382 1781 435 μὲν
1810 381 1877 421 καὶ

369 446 479 486 αὐτοὶ
501 443 544 485 τὸ
566 443 664 485 κατά
687 449 904 485 Ματθαῖον
924 442 1152 498 εὐαγγέλιον.
1218 444 1352 501 Τούτῳ
1382 444 1454 500 γάρ
1477 449 1542 488 καὶ
1569 447 1701 499 αὐτοὶ,
1733 447 1784 497 ὥς
1812 448 1879 489 καὶ

370 515 409 554 οἱ
437 510 534 553 κατά
557 510 762 565 Κήρινθον
789 517 955 566 χρῶνται
985 510 1107 567 μόνῳ*
1137 516 1296 553 καλοῦσι
1327 512 1368 553 δὲ
1400 511 1493 554 αὐτὸ
1528 514 1626 555 κατὰ
1651 514 1879 569 Ἐβραίους,

372 578 424 627 ὦς
445 578 491 619 τά
512 577 639 631 άληθῆ
662 580 763 620 ἐστιν
792 581 912 620 εἰπεῖν
941 578 1001 620 ὅτι
1023 583 1237 627 Ματθαῖος
1262 578 1381 632 μόνος
1403 577 1609 634 Ἐβραϊστὶ
1632 583 1697 622 καὶ
1719 581 1880 636 ”Εβραϊ-

370 653 456 694 κοῖς
489 648 709 701 γράμμασιν
740 647 780 688 ἐν
807 651 854 704 τῇ
885 650 1001 702 καινῇ
1032 645 1208 703 διαθήκῃ
1237 646 1445 699 ἐποιήσατο
1471 645 1543 700 τήν
1570 652 1640 689 τοῦ
1666 647 1882 704 εὐαγγελίου

374 715 528 755 ἕκθεσίν
551 730 588 755 τε
614 715 681 754 καὶ
710 712 898 768 κήρυγμα.
946 712 1048 766 ’Ήδη
1081 714 1124 754 δέ
1155 731 1232 755 που
1265 717 1332 755 καί
1363 731 1462 762 τινες
1493 713 1608 755 πάλιν
1642 715 1791 766 ἔφασαν
1818 717 1883 757 καὶ

372 779 450 822 άπὸ
479 786 549 834 τῆς
571 779 799 834 Ἑλληνικῆς
825 782 1023 822 διαλέκτου
1051 781 1116 821 καὶ
1145 780 1187 822 τὸ
1218 780 1317 822 κατα
1339 780 1528 834 Ἰωάννην
1558 781 1804 834 μεταληφθὲν
1833 784 1886 831 εἷς

372 846 565 902 Ἐβραΐδα
589 849 824 903 ἐμφέρεσθαι
856 849 897 889 ἐν
924 853 1006 895 τοῖς
1027 851 1104 889 τῶν
1127 845 1332 890 Ἰουδαίων
1362 852 1683 903 γαζοφυλακίοις,
1716 850 1818 901 φημὶ
1846 850 1888 891 δὲ

372 921 456 963 τοῖς
487 917 528 957 ἐν
555 917 772 970 Τιβεριάδι,
811 917 875 957 καὶ
910 917 1187 957 ἐναποκεῖσθαι
1218 917 1258 957 ἐν
1291 914 1560 970 άποκρύφοις,
1601 917 1654 965 ὥς
1682 933 1782 965 τινες
1812 921 1888 958 τῶν

375 981 453 1023 ἀπὸ
481 980 685 1024 Ἰουδαίων
705 985 1012 1024 πεπιστευκότων
1031 981 1281 1038 ὖφηγήσαντο
1305 981 1399 1036 ἡμῖν
1427 983 1525 1024 κατά
1545 983 1767 1036 λεπτότητα.
1830 982 1888 1024 Οὔ

375 1049 451 1103 μὴν
474 1048 567 1091 ἄλλοι
587 1051 654 1091 καὶ
677 1055 754 1114 τῷν
775 1050 962 1104 Πράξεων
984 1055 1060 1091 τῶν
1081 1049 1322 1092 Ἀποστόλων
1350 1050 1420 1103 τήν
1442 1053 1575 1103 βίβλον
1598 1049 1779 1100 ω’ςαύτως
1810 1049 1887 1092 ἀπὸ

375 1116 564 1166 “Ελλάδος
584 1116 757 1172 γλώσσης
779 1118 833 1165 εἰς
854 1116 1048 1172 Ἐβραΐδα
1074 1120 1379 1170 μεταβληθεῖσαν
1408 1116 1522 1172 λόγος
1551 1120 1645 1171 ἔχει,
1674 1120 1741 1160 καὶ
1771 1120 1890 1160 ἐκεῖσε

376 1191 533 1226 κεῖσθαι
558 1186 598 1226 ἐν
626 1190 708 1232 τοῖς
736 1187 1050 1240 γαζοφυλακίοις,
1083 1183 1135 1233 ὥς
1167 1186 1233 1225 καὶ
1263 1182 1340 1225 (ind
1372 1183 1512 1226 τούτου
1538 1184 1630 1234 τούς
1652 1184 1890 1240 ἀναγνόντας

378 1251 600 1300 Ἰουδαίους
628 1250 719 1300 τούς
748 1250 843 1304 ἡμῖν
872 1250 1196 1306 ύφηγησαμένους
1226 1253 1279 1298 εἰς
1309 1250 1478 1305 Χριστόν
1505 1253 1804 1294 πεπιστευκέναι.

205 1322 291 1363 Κεφ·
316 1318 355 1354 δ’·
483 1315 556 1360 34Ην
577 1320 619 1359 δέ
640 1335 697 1366 τις
718 1317 846 1359 αὐτῶν
867 1317 1072 1371 Ἰώσηπος,
1104 1317 1174 1370 οὐχ
1197 1316 1219 1359 ὁ
1239 1316 1486 1372 συγγραφεΰς
1505 1320 1571 1359 καὶ
1594 1319 1891 1374 ἱστοριογράφος

225 1401 289 1428 ι”ιὶὲ-
309 1392 364 1419 128.
383 1388 449 1429 καὶ
470 1385 632 1433 παλαιὸς
659 1387 824 1436 ἐκεῖνος,
854 1383 929 1426 ἄλλ’
950 1383 973 1426 o‘
995 1384 1071 1427 άπὸ
1101 1383 1350 1438 Τιβεριάδος,
1380 1382 1403 1426 ό
1426 1386 1467 1426 ἐν
1493 1384 1647 1439 χρόνοις
1671 1392 1740 1428 τοῦ
1770 1404 1891 1440 μακα-

381 1457 489 1509 ρίτου
516 1455 810 1494 Κωνσταντίνου
841 1457 909 1494 τοῦ
940 1451 1257 1505 βασιλεύσαντος,
1293 1457 1364 1493 τοῦ
1397 1453 1598 1507 γέροντος,
1636 1452 1680 1501 ὃς
1709 1455 1774 1495 καὶ
1802 1451 1890 1509 παρ’

381 1520 504 1563 αὐτοῦ
525 1525 595 1562 τοῦ
618 1521 802 1573 βασιλέως
823 1518 1041 1572 ἀξιώματος
1067 1518 1277 1572 1κομήτων
1300 1521 1417 1572 ἔτυχε,
1447 1520 1512 1560 καὶ
1538 1520 1716 1568 ἐξουσίαν
1737 1522 1892 1573 εἴληφεν

383 1590 424 1630 ἐν
443 1594 491 1646 τῇ
515 1586 611 1645 αὐτῇ
640 1586 838 1641 Τιβεριάδι
859 1589 1060 1640 ἐκκλησίαν
1081 1591 1235 1644 Χριστῷ
1260 1589 1428 1641 ἱδρῦσαι,
1455 1587 1522 1628 καὶ
1545 1588 1585 1628 ἐν
1604 1591 1891 1644 Διοκαισαρείᾳ,

382 1657 449 1698 καὶ
470 1658 510 1697 ἐν
534 1653 823 1708 Καπερναοῦμ,
852 1657 918 1696 καὶ
939 1661 1023 1703 ταῖς
1046 1654 1192 1704 ἄλλαις,
1224 1654 1268 1703 ὃς
1291 1655 1358 1695 καὶ
1377 1653 1496 1696 πολλοὶ
1517 1655 1714 1696 πέπονθεν
1737 1653 1803 1696 ὑπ’
1826 1653 1892 1696 αὖ·

382 1728 459 1764 τῶν
484 1727 562 1764 τῶν
579 1721 804 1772 Ἰουδαίων,
834 1724 927 1776 πρὶν
949 1721 976 1775 ἢ
999 1727 1052 1779 τῷ
1079 1725 1226 1775 βασιλεῖ
1251 1723 1551 1774 ἐμφανισθῆναι.
1614 1717 1738 1771 Οὗτος
1766 1721 1838 1777 γάρ
1869 1720 1893 1764 ὅ

383 1789 577 1842 Ἰώσηπος
596 1794 674 1830 τῶν
694 1787 782 1843 παρ’
805 1787 935 1838 αὐτοῖς
955 1788 1223 1842 ἀξιωματικῶν
1245 1787 1399 1843 ἀνδρῶν
1429 1790 1656 1844 ἐναρίθμιος
1680 1785 1740 1842 ἧν.
1800 1791 1892 1830 Εἰσὶ

386 1858 428 1898 δὲ
450 1852 559 1898 οὗτοι
580 1855 671 1909 μετοῖ
693 1856 760 1898 τόν
779 1856 1018 1911 πατριάρχην
1037 1855 1240 1898 ἀπόστολοι
1261 1855 1506 1909 καλούμενοι,
1535 1855 1834 1910 προςεδρεύουσι
1851 1857 1892 1897 δὲ

385 1929 438 1981 τῷ
459 1923 687 1982 πατριάρχῃ,
717 1926 784 1965 καὶ
804 1924 875 1965 σὺν
895 1923 998 1981 αὐτῷ
1018 1923 1200 1973 πολλάκις
1220 1925 1287 1965 καὶ
1308 1925 1348 1965 ἐν
1366 1925 1476 1965 νυκτὶ
1498 1925 1564 1965 καὶ
1585 1924 1624 1964 ἐν
1642 1921 1766 1979 ἡμέρα
1785 1937 1892 1964 συνε-

385 1997 461 2046 χῶς
485 1991 683 2046 διάγουσι,
715 1992 780 2033 διά
801 1990 843 2032 τὸ
868 1990 1140 2044 συμβουλεύειν
1166 1993 1230 2033 καὶ
1260 1989 1464 2044 ἀναφέρειν
1490 1988 1594 2047 αὐτῷ
1623 1989 1671 2031 τοὶ
1699 1989 1797 2031 κατὰ
1825 1988 1893 2032 τόν

387 2060 518 2113 νόμον.
574 2057 617 2100 Ὁ
647 2060 688 2100 δὲ
718 2058 955 2112 πατριάρχης
977 2057 1059 2100 κατ’
1079 2060 1198 2100 ἐκεῖνο
1229 2063 1368 2113 καιροῦ
1387 2056 1516 2110 Ἐλλήλ
1545 2056 1716 2110 τοῦνομα
1740 2053 1789 2110 ’ἦν
1817 2063 1894 2109 (νο-

389 2130 481 2180 μίζω
507 2126 578 2182 γάρ
603 2126 663 2167 ὅτι
685 2126 809 2175 οὕτως
833 2125 875 2167 τό
907 2124 1029 2178 ὄνομα
1053 2125 1174 2167 αὐτοῦ
1198 2125 1394 2179 Ἰώσηπος
1413 2127 1554 2180 ἔλεγεν,
1585 2127 1620 2166 εἰ
1641 2124 1692 2178 μὴ
1718 2123 1795 2167 dud
1824 2130 1894 2167 τοῦ

389 2193 531 2248 χρόνου
554 2193 804 2246 σφάλλομαι),
837 2195 879 2235 ἐκ
903 2194 1036 2248 γένους
1057 2194 1096 2234 δὲ
1120 2192 1311 2246 Γαμαλιήλ
1335 2194 1527 2248 ἐτύγχανε,
1557 2197 1625 2234 τοῦ
1649 2191 1736 2247 παρ’
1762 2190 1894 2242 αὐτοῖς

391 2263 595 2316 γενομένου
624 2261 872 2316 πατριάρχου.
928 2260 1048 2302 ’Ἐστι
1076 2261 1118 2302 δὲ
1144 2263 1425 2314 διανοηθῆναι,
1464 2258 1515 2309 ὥς
1541 2260 1608 2301 καὶ
1636 2258 1741 2301 ἄλλοι
1770 2258 1895 2309 οὕτως

389 2327 603 2379 ὑπέθεντο,
630 2333 768 2370 τοῦτον
791 2327 889 2370 εἶναι
911 2329 1020 2384 γένος
1047 2330 1196 2370 ἐκείνου
1217 2333 1287 2370 τοῦ
1309 2327 1468 2383 πρώτου
1492 2325 1704 2380 Γαμαλιήλ,
1733 2331 1803 2368 τοῦ
1830 2328 1895 2369 ἐπὶ

390 2401 459 2437 τοῦ
481 2400 675 2450 σωτῆρος,
704 2400 774 2438 τοῦ
806 2395 903 2437 κατὰ
929 2394 1025 2437 θεὸν
1052 2395 1409 2448 συμβουλεύσαντος
1435 2393 1672 2447 ἄποσχέσθαι
1699 2398 1768 2446 τῆς
1796 2393 1894 2435 κατά

390 2468 467 2505 τῶν
499 2461 721 2505 άποστόλων
756 2465 974 2516 ἐπιβουλῆς.
1039 2467 1228 2505 Τελευτῶν
1261 2464 1303 2505 δὲ
1334 2461 1357 2504 ὁ
1385 2461 1522 2515 Ἐλλήλ
1556 2459 1692 2514 ἠξίωσε
1720 2459 1787 2502 τόν
1815 2460 1895 2503 κατ’

392 2532 514 2572 ἐκεῖνο
538 2535 677 2585 καιροῦ
699 2532 912 2572 ἐπίσκοπον
933 2529 1198 2584 πλησιόχωρον
1223 2536 1294 2584 τῆς
1322 2532 1507 2585 Τιβερίων
1536 2527 1649 2579 ὄντα,
1677 2529 1743 2569 καὶ
1768 2529 1894 2580 ἐκομί-

390 2611 483 2638 σατο
502 2596 597 2652 ’παρ’
621 2597 742 2640 αὐτοῦ
765 2597 807 2640 τό
835 2597 945 2653 ἅγιον
965 2596 1127 2650 λουτρόν
1149 2599 1212 2639 ἐπὶ
1239 2603 1286 2656 τῇ
1310 2597 1451 2654 ἐξόδῳ,
1481 2594 1544 2637 διά
1565 2594 1797 2649 προφάσεως
1826 2600 1895 2648 τῆς

392 2666 566 2718 ἰατρικῆς
588 2663 824 2714 ὑποθέσεως.
883 2663 1236 2717 Μεταστειλάμενος
1256 2663 1328 2720 γάρ
1351 2663 1471 2706 αὐτόν
1493 2661 1557 2704 διά
1579 2667 1646 2704 τοῦ
1667 2663 1893 2717 προειρημέ-

392 2747 462 2771 νου
490 2730 707 2785 Ἰωσήπου,
740 2731 792 2781 ὥς
826 2731 955 2784 ἰατρόν
985 2730 1097 2780 ὄντα,
1139 2734 1204 2772 καὶ
1230 2731 1395 2785 ποιήσας
1425 2729 1571 2778 πάντας
1599 2731 1670 2779 ἕξω
1700 2731 1892 2783 γενέσθαι,

393 2798 623 2852 παρεκάλεσε
643 2798 710 2841 τόν
732 2802 957 2849 ἐπίσκοπον,
987 2799 1117 2853 λέγων,
1150 2798 1334 2853 Δώρησαί
1355 2816 1420 2852 μοι
1439 2797 1509 2851 τήν
1531 2799 1572 2838 ἐν
1594 2801 1749 2852 Χριστῷ
1772 2812 1891 2851 σφρα-

391 2867 489 2919 γῖδα.
531 2863 576 2906 Ὅ
597 2867 636 2907 δὲ
658 2866 1002 2920 μετακαλεσάμενος
1020 2864 1111 2916 τούς
1133 2866 1511 2921 ἐξυπηρετουμένους
1533 2865 1763 2919 προςέταξεν
1784 2863 1894 2919 ὕδωρ

438 2956 512 2987 Cn.
539 2958 591 2989 lv.
617 2977 658 2982 —
706 2958 733 2990 1.
757 2960 842 2991 Libri
864 2960 937 2990 editi
960 2961 987 2989 et
1008 2959 1073 2989 cod.
1097 2959 1222 2998 Rhediy.
1244 2957 1395 3001 κομίτων.
1444 2957 1489 2996 Cf.
1510 2957 1593 2996 infra
1617 2965 1684 2995 cap.
1706 2956 1736 2987 5.
