<?xml version="1.0" encoding="UTF-8"?>
<!DOCTYPE html PUBLIC "-//W3C//DTD XHTML 1.0 Transitional//EN"
    "http://www.w3.org/TR/xhtml1/DTD/xhtml1-transitional.dtd">
<html xmlns="http://www.w3.org/1999/xhtml" xml:lang="en" lang="en">
 <head>
  <title>
</title>
<meta http-equiv="Content-Type" content="text/html;charset=utf-8" />
  <meta name='ocr-system' content='tesseract 3.04.00' />
  <meta name='ocr-capabilities' content='ocr_page ocr_carea ocr_par ocr_line ocrx_word'/>
</head>
<body>
  <div class='ocr_page' id='page_1' title='image "./p1corporishaereseo02epipuoft/p1corporishaereseo02epipuoft_0137.png"; bbox 0 0 2034 3267; ppageno 0'>
   <div class='ocr_carea' id='block_1_1' title="bbox 456 172 1650 213">
    <p class='ocr_par' dir='ltr' id='par_1_1' title="bbox 456 172 1650 213">
     <span class='ocr_line' id='line_1_1' title="bbox 456 172 1650 213; baseline -0.002 -1"><span class='ocrx_word' id='word_1_1' title='bbox 456 180 631 213; x_wconf 77' lang='lat' dir='ltr'>PANARn</span> <span class='ocrx_word' id='word_1_2' title='bbox 661 180 760 211; x_wconf 74' lang='lat' dir='ltr'>on.</span> <span class='ocrx_word' id='word_1_3' title='bbox 781 179 1000 211; x_wconf 80' lang='lat' dir='ltr'>HAERESES</span> <span class='ocrx_word' id='word_1_4' title='bbox 1026 180 1106 211; x_wconf 73' lang='lat' dir='ltr'>Lm.</span> <span class='ocrx_word' id='word_1_5' title='bbox 1126 180 1151 211; x_wconf 89' lang='lat'>1.</span> <span class='ocrx_word' id='word_1_6' title='bbox 1175 177 1278 210; x_wconf 87' lang='lat' dir='ltr'>ToM.</span> <span class='ocrx_word' id='word_1_7' title='bbox 1299 179 1338 209; x_wconf 80' lang='grc' dir='ltr'>ιι.</span> <span class='ocrx_word' id='word_1_8' title='bbox 1576 172 1650 210; x_wconf 83' lang='lat'>125</span> 
     </span>
    </p>
   </div>
   <div class='ocr_carea' id='block_1_2' title="bbox 130 257 1823 2665">
    <p class='ocr_par' dir='ltr' id='par_1_2' title="bbox 130 257 1823 2665">
     <span class='ocr_line' id='line_1_2' title="bbox 255 257 1823 314; baseline -0.001 -14"><span class='ocrx_word' id='word_1_9' title='bbox 255 258 378 314; x_wconf 86' lang='lat' dir='ltr'>Igitur</span> <span class='ocrx_word' id='word_1_10' title='bbox 412 273 463 299; x_wconf 83' lang='lat' dir='ltr'>ex</span> <span class='ocrx_word' id='word_1_11' title='bbox 486 259 551 299; x_wconf 80' lang='lat' dir='ltr'>illa</span> <span class='ocrx_word' id='word_1_12' title='bbox 579 259 764 298; x_wconf 90' lang='lat' dir='ltr'>malorum</span> <span class='ocrx_word' id='word_1_13' title='bbox 795 259 1021 299; x_wconf 89' lang='lat' dir='ltr'>daemonum</span> <span class='ocrx_word' id='word_1_14' title='bbox 1050 260 1201 301; x_wconf 86' lang='lat' dir='ltr'>insania</span> <span class='ocrx_word' id='word_1_15' title='bbox 1234 275 1278 300; x_wconf 89' lang='lat' dir='ltr'>ac</span> <span class='ocrx_word' id='word_1_16' title='bbox 1311 257 1469 312; x_wconf 85' lang='lat' dir='ltr'>magicis</span> <span class='ocrx_word' id='word_1_17' title='bbox 1505 258 1652 298; x_wconf 87' lang='lat' dir='ltr'>artibus</span> <span class='ocrx_word' id='word_1_18' title='bbox 1680 266 1757 308; x_wconf 70' lang='lat' dir='ltr'>Cap.</span> <span class='ocrx_word' id='word_1_19' title='bbox 1783 268 1823 298; x_wconf 81' lang='lat' dir='ltr'>lt.</span> 
     </span>
     <span class='ocr_line' id='line_1_3' title="bbox 145 325 1648 381; baseline -0.002 -13"><span class='ocrx_word' id='word_1_20' title='bbox 145 328 447 368; x_wconf 71' lang='lat' dir='ltr'>conscelerannn</span> <span class='ocrx_word' id='word_1_21' title='bbox 481 326 646 366; x_wconf 81' lang='lat' dir='ltr'>auinunn</span> <span class='ocrx_word' id='word_1_22' title='bbox 687 339 850 377; x_wconf 85' lang='lat' dir='ltr'>gerens,</span> <span class='ocrx_word' id='word_1_23' title='bbox 895 333 1008 379; x_wconf 88' lang='lat' dir='ltr'>atque</span> <span class='ocrx_word' id='word_1_24' title='bbox 1038 327 1186 367; x_wconf 85' lang='lat' dir='ltr'>iHorun1</span> <span class='ocrx_word' id='word_1_25' title='bbox 1229 326 1444 381; x_wconf 69' lang='lat' dir='ltr'>praesfigfis</span> <span class='ocrx_word' id='word_1_26' title='bbox 1477 325 1648 375; x_wconf 92' lang='lat' dir='ltr'>delusus,</span> 
     </span>
     <span class='ocr_line' id='line_1_4' title="bbox 145 393 1650 447; baseline -0.002 -12"><span class='ocrx_word' id='word_1_27' title='bbox 145 409 229 436; x_wconf 85' lang='lat' dir='ltr'>cum</span> <span class='ocrx_word' id='word_1_28' title='bbox 252 394 345 434; x_wconf 93' lang='lat' dir='ltr'>nihil</span> <span class='ocrx_word' id='word_1_29' title='bbox 366 394 523 434; x_wconf 85' lang='lat' dir='ltr'>haberet</span> <span class='ocrx_word' id='word_1_30' title='bbox 547 393 754 447; x_wconf 78' lang='lat' dir='ltr'>promptius</span> <span class='ocrx_word' id='word_1_31' title='bbox 779 407 886 445; x_wconf 85' lang='lat' dir='ltr'>quam</span> <span class='ocrx_word' id='word_1_32' title='bbox 911 401 951 432; x_wconf 92' lang='lat' dir='ltr'>ut</span> <span class='ocrx_word' id='word_1_33' title='bbox 973 395 1164 447; x_wconf 78' lang='lat' dir='ltr'>nequitiae</span> <span class='ocrx_word' id='word_1_34' title='bbox 1184 408 1278 435; x_wconf 88' lang='lat' dir='ltr'>suae</span> <span class='ocrx_word' id='word_1_35' title='bbox 1302 393 1650 447; x_wconf 86' lang='lat' dir='ltr'>veneficiorumque</span> 
     </span>
     <span class='ocr_line' id='line_1_5' title="bbox 143 459 1648 516; baseline -0.001 -14"><span class='ocrx_word' id='word_1_36' title='bbox 143 462 622 515; x_wconf 77' lang='lat' dir='ltr'>barbarun1quoddan1ac</span> <span class='ocrx_word' id='word_1_37' title='bbox 647 460 726 500; x_wconf 58' lang='lat' dir='ltr'>sum</span> <span class='ocrx_word' id='word_1_38' title='bbox 746 459 820 498; x_wconf 70' lang='lat' dir='ltr'>Hbs</span> <span class='ocrx_word' id='word_1_39' title='bbox 845 460 1064 499; x_wconf 62' lang='lat' dir='ltr'>auctombus</span> <span class='ocrx_word' id='word_1_40' title='bbox 1087 462 1648 516; x_wconf 55' lang='lat' dir='ltr'>daennnfibus&lt;fignun1specb</span> 
     </span>
     <span class='ocr_line' id='line_1_6' title="bbox 144 525 1651 583; baseline 0 -14"><span class='ocrx_word' id='word_1_41' title='bbox 144 543 231 569; x_wconf 91' lang='lat' dir='ltr'>men</span> <span class='ocrx_word' id='word_1_42' title='bbox 257 529 474 578; x_wconf 84' lang='lat' dir='ltr'>exhiberet,</span> <span class='ocrx_word' id='word_1_43' title='bbox 506 529 544 568; x_wconf 94' lang='lat' dir='ltr'>in</span> <span class='ocrx_word' id='word_1_44' title='bbox 571 533 740 581; x_wconf 89' lang='lat' dir='ltr'>apertum</span> <span class='ocrx_word' id='word_1_45' title='bbox 767 526 959 579; x_wconf 74' lang='lat' dir='ltr'>prorupit,</span> <span class='ocrx_word' id='word_1_46' title='bbox 992 540 1036 565; x_wconf 86' lang='lat' dir='ltr'>ac</span> <span class='ocrx_word' id='word_1_47' title='bbox 1056 527 1125 566; x_wconf 93' lang='lat' dir='ltr'>sub</span> <span class='ocrx_word' id='word_1_48' title='bbox 1148 525 1358 568; x_wconf 79' lang='lat' dir='ltr'>Christiani</span> <span class='ocrx_word' id='word_1_49' title='bbox 1383 528 1546 569; x_wconf 87' lang='lat' dir='ltr'>nominis</span> <span class='ocrx_word' id='word_1_50' title='bbox 1566 543 1651 583; x_wconf 88' lang='lat' dir='ltr'>spe-</span> 
     </span>
     <span class='ocr_line' id='line_1_7' title="bbox 143 592 1652 650; baseline 0.001 -14"><span class='ocrx_word' id='word_1_51' title='bbox 143 596 224 646; x_wconf 87' lang='lat' dir='ltr'>cie,</span> <span class='ocrx_word' id='word_1_52' title='bbox 257 603 435 649; x_wconf 82' lang='lat' dir='ltr'>tanquam</span> <span class='ocrx_word' id='word_1_53' title='bbox 457 602 611 635; x_wconf 91' lang='lat' dir='ltr'>veratro</span> <span class='ocrx_word' id='word_1_54' title='bbox 643 593 717 632; x_wconf 83' lang='lat' dir='ltr'>mel</span> <span class='ocrx_word' id='word_1_55' title='bbox 746 592 985 642; x_wconf 86' lang='lat' dir='ltr'>admiscens,</span> <span class='ocrx_word' id='word_1_56' title='bbox 1028 593 1082 632; x_wconf 86' lang='lat' dir='ltr'>sic</span> <span class='ocrx_word' id='word_1_57' title='bbox 1108 593 1209 634; x_wconf 90' lang='lat' dir='ltr'>illius</span> <span class='ocrx_word' id='word_1_58' title='bbox 1241 596 1504 649; x_wconf 79' lang='lat' dir='ltr'>appellationis</span> <span class='ocrx_word' id='word_1_59' title='bbox 1526 597 1652 650; x_wconf 90' lang='lat' dir='ltr'>splen-</span> 
     </span>
     <span class='ocr_line' id='line_1_8' title="bbox 144 659 1651 714; baseline 0.001 -11"><span class='ocrx_word' id='word_1_60' title='bbox 144 663 225 703; x_wconf 92' lang='lat' dir='ltr'>dori</span> <span class='ocrx_word' id='word_1_61' title='bbox 255 663 367 703; x_wconf 88' lang='lat' dir='ltr'>letale</span> <span class='ocrx_word' id='word_1_62' title='bbox 397 675 587 702; x_wconf 91' lang='lat' dir='ltr'>venenum</span> <span class='ocrx_word' id='word_1_63' title='bbox 611 659 768 708; x_wconf 79' lang='lat' dir='ltr'>infudit,</span> <span class='ocrx_word' id='word_1_64' title='bbox 811 659 923 712; x_wconf 90' lang='lat' dir='ltr'>idque</span> <span class='ocrx_word' id='word_1_65' title='bbox 947 659 994 699; x_wconf 88' lang='lat' dir='ltr'>iis</span> <span class='ocrx_word' id='word_1_66' title='bbox 1020 660 1155 699; x_wconf 89' lang='lat' dir='ltr'>obtulit</span> <span class='ocrx_word' id='word_1_67' title='bbox 1180 676 1274 714; x_wconf 86' lang='lat' dir='ltr'>quos</span> <span class='ocrx_word' id='word_1_68' title='bbox 1299 663 1559 703; x_wconf 83' lang='lat' dir='ltr'>fraudulenter</span> <span class='ocrx_word' id='word_1_69' title='bbox 1589 678 1651 704; x_wconf 93' lang='lat' dir='ltr'>ca-</span> 
     </span>
     <span class='ocr_line' id='line_1_9' title="bbox 142 726 1646 784; baseline 0.001 -14"><span class='ocrx_word' id='word_1_70' title='bbox 142 737 266 784; x_wconf 85' lang='lat' dir='ltr'>ptatos</span> <span class='ocrx_word' id='word_1_71' title='bbox 299 737 336 769; x_wconf 93' lang='lat' dir='ltr'>et</span> <span class='ocrx_word' id='word_1_72' title='bbox 368 730 520 783; x_wconf 88' lang='lat' dir='ltr'>impium</span> <span class='ocrx_word' id='word_1_73' title='bbox 555 727 651 766; x_wconf 89' lang='lat' dir='ltr'>hunc</span> <span class='ocrx_word' id='word_1_74' title='bbox 687 726 724 764; x_wconf 88' lang='lat' dir='ltr'>in</span> <span class='ocrx_word' id='word_1_75' title='bbox 760 739 931 765; x_wconf 89' lang='lat' dir='ltr'>errorem</span> <span class='ocrx_word' id='word_1_76' title='bbox 964 733 1176 779; x_wconf 81' lang='lat' dir='ltr'>pertractos</span> <span class='ocrx_word' id='word_1_77' title='bbox 1209 728 1245 767; x_wconf 92' lang='lat' dir='ltr'>in</span> <span class='ocrx_word' id='word_1_78' title='bbox 1282 729 1442 768; x_wconf 85' lang='lat' dir='ltr'>exitium</span> <span class='ocrx_word' id='word_1_79' title='bbox 1474 731 1646 772; x_wconf 80' lang='lat' dir='ltr'>adduxit.</span> 
     </span>
     <span class='ocr_line' id='line_1_10' title="bbox 144 793 1650 850; baseline 0 -12"><span class='ocrx_word' id='word_1_80' title='bbox 144 795 316 850; x_wconf 87' lang='lat' dir='ltr'><strong>Cumque</strong></span> <span class='ocrx_word' id='word_1_81' title='bbox 342 796 380 836; x_wconf 90' lang='lat' dir='ltr'>in</span> <span class='ocrx_word' id='word_1_82' title='bbox 403 795 593 836; x_wconf 83' lang='lat' dir='ltr'>Venerem</span> <span class='ocrx_word' id='word_1_83' title='bbox 620 800 752 832; x_wconf 87' lang='lat' dir='ltr'>natura</span> <span class='ocrx_word' id='word_1_84' title='bbox 778 793 985 845; x_wconf 84' lang='lat' dir='ltr'>proclivior</span> <span class='ocrx_word' id='word_1_85' title='bbox 1006 800 1133 843; x_wconf 88' lang='lat' dir='ltr'>esset,</span> <span class='ocrx_word' id='word_1_86' title='bbox 1174 808 1305 834; x_wconf 88' lang='lat' dir='ltr'>eorum</span> <span class='ocrx_word' id='word_1_87' title='bbox 1331 810 1427 847; x_wconf 89' lang='lat' dir='ltr'>quac</span> <span class='ocrx_word' id='word_1_88' title='bbox 1452 799 1650 850; x_wconf 79' lang='lat' dir='ltr'>profiteba-</span> 
     </span>
     <span class='ocr_line' id='line_1_11' title="bbox 143 860 1649 918; baseline 0.001 -14"><span class='ocrx_word' id='word_1_89' title='bbox 143 872 204 904; x_wconf 91' lang='lat' dir='ltr'>tur</span> <span class='ocrx_word' id='word_1_90' title='bbox 230 865 442 917; x_wconf 88' lang='lat' dir='ltr'>dogmatum</span> <span class='ocrx_word' id='word_1_91' title='bbox 478 860 707 902; x_wconf 83' lang='lat' dir='ltr'>verecundia</span> <span class='ocrx_word' id='word_1_92' title='bbox 740 868 951 899; x_wconf 86' lang='lat' dir='ltr'>commotus</span> <span class='ocrx_word' id='word_1_93' title='bbox 986 861 1240 914; x_wconf 84' lang='lat' dir='ltr'>nequissimas</span> <span class='ocrx_word' id='word_1_94' title='bbox 1278 862 1496 916; x_wconf 82' lang='lat' dir='ltr'>opinionum</span> <span class='ocrx_word' id='word_1_95' title='bbox 1530 879 1649 918; x_wconf 87' lang='lat' dir='ltr'>nugas</span> 
     </span>
     <span class='ocr_line' id='line_1_12' title="bbox 143 926 1649 985; baseline 0 -14"><span class='ocrx_word' id='word_1_96' title='bbox 143 931 335 985; x_wconf 83' lang='lat' dir='ltr'>discipulis</span> <span class='ocrx_word' id='word_1_97' title='bbox 359 929 436 969; x_wconf 90' lang='lat' dir='ltr'>suis</span> <span class='ocrx_word' id='word_1_98' title='bbox 459 929 644 980; x_wconf 91' lang='lat' dir='ltr'>impostor</span> <span class='ocrx_word' id='word_1_99' title='bbox 667 927 871 979; x_wconf 77' lang='lat' dir='ltr'>persuasit.</span> <span class='ocrx_word' id='word_1_100' title='bbox 931 926 1088 967; x_wconf 89' lang='lat' dir='ltr'>Etenim</span> <span class='ocrx_word' id='word_1_101' title='bbox 1119 943 1255 981; x_wconf 85' lang='lat' dir='ltr'>vagam</span> <span class='ocrx_word' id='word_1_102' title='bbox 1288 930 1472 982; x_wconf 84' lang='lat' dir='ltr'>quandam</span> <span class='ocrx_word' id='word_1_103' title='bbox 1496 932 1649 972; x_wconf 89' lang='lat' dir='ltr'>mulier-</span> 
     </span>
     <span class='ocr_line' id='line_1_13' title="bbox 142 994 1646 1051; baseline -0.001 -12"><span class='ocrx_word' id='word_1_104' title='bbox 142 999 261 1038; x_wconf 80' lang='lat' dir='ltr'>culam</span> <span class='ocrx_word' id='word_1_105' title='bbox 298 996 447 1036; x_wconf 90' lang='lat' dir='ltr'>nomine</span> <span class='ocrx_word' id='word_1_106' title='bbox 471 994 657 1034; x_wconf 85' lang='lat' dir='ltr'>Helenam</span> <span class='ocrx_word' id='word_1_107' title='bbox 690 1001 844 1044; x_wconf 89' lang='lat' dir='ltr'>nactus,</span> <span class='ocrx_word' id='word_1_108' title='bbox 889 995 1005 1048; x_wconf 88' lang='lat' dir='ltr'>patria</span> <span class='ocrx_word' id='word_1_109' title='bbox 1036 994 1221 1049; x_wconf 78' lang='lat' dir='ltr'>Tyriam,</span> <span class='ocrx_word' id='word_1_110' title='bbox 1265 995 1335 1035; x_wconf 90' lang='lat' dir='ltr'>sibi</span> <span class='ocrx_word' id='word_1_111' title='bbox 1369 1010 1450 1036; x_wconf 85' lang='lat' dir='ltr'>eam</span> <span class='ocrx_word' id='word_1_112' title='bbox 1482 999 1646 1051; x_wconf 86' lang='lat' dir='ltr'>copulat,</span> 
     </span>
     <span class='ocr_line' id='line_1_14' title="bbox 142 1061 1650 1119; baseline 0 -13"><span class='ocrx_word' id='word_1_113' title='bbox 142 1079 299 1119; x_wconf 89' lang='lat' dir='ltr'>quacum</span> <span class='ocrx_word' id='word_1_114' title='bbox 325 1063 444 1117; x_wconf 89' lang='lat' dir='ltr'>palam</span> <span class='ocrx_word' id='word_1_115' title='bbox 468 1062 608 1101; x_wconf 87' lang='lat' dir='ltr'>nullam</span> <span class='ocrx_word' id='word_1_116' title='bbox 630 1061 769 1101; x_wconf 84' lang='lat' dir='ltr'>babere</span> <span class='ocrx_word' id='word_1_117' title='bbox 796 1075 838 1100; x_wconf 89' lang='lat' dir='ltr'>sc</span> <span class='ocrx_word' id='word_1_118' title='bbox 862 1063 1176 1102; x_wconf 88' lang='lat' dir='ltr'>consuetudinem</span> <span class='ocrx_word' id='word_1_119' title='bbox 1200 1063 1382 1103; x_wconf 85' lang='lat' dir='ltr'>simulans</span> <span class='ocrx_word' id='word_1_120' title='bbox 1409 1064 1520 1104; x_wconf 83' lang='lat' dir='ltr'>homo</span> <span class='ocrx_word' id='word_1_121' title='bbox 1542 1067 1650 1106; x_wconf 78' lang='lat' dir='ltr'>vafer</span> 
     </span>
     <span class='ocr_line' id='line_1_15' title="bbox 141 1128 1647 1183; baseline -0.001 -10"><span class='ocrx_word' id='word_1_122' title='bbox 141 1133 235 1173; x_wconf 89' lang='lat' dir='ltr'>clam</span> <span class='ocrx_word' id='word_1_123' title='bbox 259 1129 360 1170; x_wconf 89' lang='lat' dir='ltr'>omni</span> <span class='ocrx_word' id='word_1_124' title='bbox 381 1143 422 1169; x_wconf 90' lang='lat' dir='ltr'>se</span> <span class='ocrx_word' id='word_1_125' title='bbox 442 1128 481 1167; x_wconf 92' lang='lat' dir='ltr'>in</span> <span class='ocrx_word' id='word_1_126' title='bbox 504 1128 699 1168; x_wconf 88' lang='lat' dir='ltr'>libidinum</span> <span class='ocrx_word' id='word_1_127' title='bbox 725 1142 869 1182; x_wconf 86' lang='lat' dir='ltr'>genere</span> <span class='ocrx_word' id='word_1_128' title='bbox 894 1129 1113 1178; x_wconf 88' lang='lat' dir='ltr'>volutabat,</span> <span class='ocrx_word' id='word_1_129' title='bbox 1147 1136 1260 1183; x_wconf 84' lang='lat' dir='ltr'>atquc</span> <span class='ocrx_word' id='word_1_130' title='bbox 1282 1130 1395 1170; x_wconf 85' lang='lat' dir='ltr'>etiam</span> <span class='ocrx_word' id='word_1_131' title='bbox 1421 1131 1577 1171; x_wconf 90' lang='lat' dir='ltr'>ridicula</span> <span class='ocrx_word' id='word_1_132' title='bbox 1602 1134 1647 1172; x_wconf 92' lang='lat' dir='ltr'>de</span> 
     </span>
     <span class='ocr_line' id='line_1_16' title="bbox 141 1194 1645 1250; baseline -0.001 -11"><span class='ocrx_word' id='word_1_133' title='bbox 141 1213 185 1240; x_wconf 90' lang='lat' dir='ltr'>ea</span> <span class='ocrx_word' id='word_1_134' title='bbox 218 1211 257 1238; x_wconf 90' lang='lat' dir='ltr'>re</span> <span class='ocrx_word' id='word_1_135' title='bbox 290 1196 414 1236; x_wconf 85' lang='lat' dir='ltr'>fabula</span> <span class='ocrx_word' id='word_1_136' title='bbox 447 1196 651 1249; x_wconf 88' lang='lat' dir='ltr'>discipulos</span> <span class='ocrx_word' id='word_1_137' title='bbox 680 1196 860 1250; x_wconf 86' lang='lat' dir='ltr'>aspersit.</span> <span class='ocrx_word' id='word_1_138' title='bbox 922 1194 974 1236; x_wconf 91' lang='lat' dir='ltr'>Se</span> <span class='ocrx_word' id='word_1_139' title='bbox 1005 1196 1106 1236; x_wconf 87' lang='lat' dir='ltr'>enim</span> <span class='ocrx_word' id='word_1_140' title='bbox 1132 1211 1316 1236; x_wconf 87' lang='lat' dir='ltr'>summam</span> <span class='ocrx_word' id='word_1_141' title='bbox 1348 1211 1434 1237; x_wconf 89' lang='lat' dir='ltr'>csse</span> <span class='ocrx_word' id='word_1_142' title='bbox 1462 1199 1520 1238; x_wconf 90' lang='lat' dir='ltr'>dei</span> <span class='ocrx_word' id='word_1_143' title='bbox 1553 1200 1645 1250; x_wconf 83' lang='lat' dir='ltr'>vim,</span> 
     </span>
     <span class='ocr_line' id='line_1_17' title="bbox 139 1263 1648 1317; baseline 0 -11"><span class='ocrx_word' id='word_1_144' title='bbox 139 1273 303 1306; x_wconf 87' lang='lat' dir='ltr'>scortum</span> <span class='ocrx_word' id='word_1_145' title='bbox 329 1277 421 1303; x_wconf 92' lang='lat' dir='ltr'>vero</span> <span class='ocrx_word' id='word_1_146' title='bbox 444 1277 553 1303; x_wconf 89' lang='lat' dir='ltr'>suum</span> <span class='ocrx_word' id='word_1_147' title='bbox 577 1263 748 1317; x_wconf 87' lang='lat' dir='ltr'>spiritum</span> <span class='ocrx_word' id='word_1_148' title='bbox 773 1277 860 1304; x_wconf 91' lang='lat' dir='ltr'>esse</span> <span class='ocrx_word' id='word_1_149' title='bbox 885 1271 1059 1304; x_wconf 85' lang='lat' dir='ltr'>sanctum</span> <span class='ocrx_word' id='word_1_150' title='bbox 1084 1265 1271 1304; x_wconf 88' lang='lat' dir='ltr'>affirmare</span> <span class='ocrx_word' id='word_1_151' title='bbox 1293 1279 1408 1305; x_wconf 87' lang='lat' dir='ltr'>ausus</span> <span class='ocrx_word' id='word_1_152' title='bbox 1434 1273 1506 1316; x_wconf 87' lang='lat' dir='ltr'>est,</span> <span class='ocrx_word' id='word_1_153' title='bbox 1540 1267 1648 1307; x_wconf 92' lang='lat' dir='ltr'>cuius</span> 
     </span>
     <span class='ocr_line' id='line_1_18' title="bbox 137 1329 1648 1386; baseline 0.001 -15"><span class='ocrx_word' id='word_1_154' title='bbox 137 1332 258 1386; x_wconf 85' lang='lat' dir='ltr'>gratia</span> <span class='ocrx_word' id='word_1_155' title='bbox 286 1331 330 1370; x_wconf 92' lang='lat' dir='ltr'>de</span> <span class='ocrx_word' id='word_1_156' title='bbox 351 1331 458 1370; x_wconf 91' lang='lat' dir='ltr'>coelo</span> <span class='ocrx_word' id='word_1_157' title='bbox 484 1331 748 1370; x_wconf 79' lang='lat' dir='ltr'>descenderat.</span> <span class='ocrx_word' id='word_1_158' title='bbox 798 1329 875 1371; x_wconf 93' lang='lat' dir='ltr'>Sed</span> <span class='ocrx_word' id='word_1_159' title='bbox 904 1333 942 1370; x_wconf 93' lang='lat' dir='ltr'>in</span> <span class='ocrx_word' id='word_1_160' title='bbox 969 1345 1197 1384; x_wconf 89' lang='lat' dir='ltr'>unoquoque</span> <span class='ocrx_word' id='word_1_161' title='bbox 1223 1332 1331 1371; x_wconf 92' lang='lat' dir='ltr'>coelo</span> <span class='ocrx_word' id='word_1_162' title='bbox 1355 1334 1544 1386; x_wconf 86' lang='lat' dir='ltr'>propriam</span> <span class='ocrx_word' id='word_1_163' title='bbox 1570 1334 1648 1373; x_wconf 88' lang='lat' dir='ltr'>aie-</span> 
     </span>
     <span class='ocr_line' id='line_1_19' title="bbox 136 1398 1648 1453; baseline 0.001 -14"><span class='ocrx_word' id='word_1_164' title='bbox 136 1400 199 1439; x_wconf 90' lang='lat' dir='ltr'>bat</span> <span class='ocrx_word' id='word_1_165' title='bbox 219 1399 301 1439; x_wconf 89' lang='lat' dir='ltr'>eius</span> <span class='ocrx_word' id='word_1_166' title='bbox 328 1398 424 1438; x_wconf 89' lang='lat' dir='ltr'>coeli</span> <span class='ocrx_word' id='word_1_167' title='bbox 452 1399 608 1438; x_wconf 85' lang='lat' dir='ltr'>sormam</span> <span class='ocrx_word' id='word_1_168' title='bbox 635 1398 761 1448; x_wconf 83' lang='lat' dir='ltr'>indui,</span> <span class='ocrx_word' id='word_1_169' title='bbox 796 1413 869 1452; x_wconf 90' lang='lat' dir='ltr'>quo</span> <span class='ocrx_word' id='word_1_170' title='bbox 893 1412 997 1438; x_wconf 85' lang='lat' dir='ltr'>meos</span> <span class='ocrx_word' id='word_1_171' title='bbox 1018 1399 1176 1451; x_wconf 87' lang='lat' dir='ltr'>angelos</span> <span class='ocrx_word' id='word_1_172' title='bbox 1200 1399 1318 1439; x_wconf 90' lang='lat' dir='ltr'>latere</span> <span class='ocrx_word' id='word_1_173' title='bbox 1342 1414 1508 1453; x_wconf 84' lang='lat' dir='ltr'>possem,</span> <span class='ocrx_word' id='word_1_174' title='bbox 1543 1409 1580 1440; x_wconf 86' lang='lat' dir='ltr'>et</span> <span class='ocrx_word' id='word_1_175' title='bbox 1601 1402 1648 1441; x_wconf 87' lang='lat' dir='ltr'>ad</span> 
     </span>
     <span class='ocr_line' id='line_1_20' title="bbox 136 1465 1643 1519; baseline 0.001 -12"><span class='ocrx_word' id='word_1_176' title='bbox 136 1480 258 1507; x_wconf 84' lang='lat' dir='ltr'>meam</span> <span class='ocrx_word' id='word_1_177' title='bbox 289 1466 389 1506; x_wconf 92' lang='lat' dir='ltr'>illam</span> <span class='ocrx_word' id='word_1_178' title='bbox 423 1465 713 1519; x_wconf 83' lang='lat' dir='ltr'>intelligentiam</span> <span class='ocrx_word' id='word_1_179' title='bbox 747 1466 1045 1515; x_wconf 83' lang='lat' dir='ltr'>descenderem,</span> <span class='ocrx_word' id='word_1_180' title='bbox 1096 1466 1167 1506; x_wconf 92' lang='lat' dir='ltr'>hoc</span> <span class='ocrx_word' id='word_1_181' title='bbox 1202 1473 1260 1506; x_wconf 86' lang='lat' dir='ltr'>est</span> <span class='ocrx_word' id='word_1_182' title='bbox 1294 1466 1480 1506; x_wconf 86' lang='lat' dir='ltr'>Helenam</span> <span class='ocrx_word' id='word_1_183' title='bbox 1516 1468 1643 1518; x_wconf 86' lang='lat' dir='ltr'>istam,</span> 
     </span>
     <span class='ocr_line' id='line_1_21' title="bbox 135 1531 1647 1588; baseline 0.001 -14"><span class='ocrx_word' id='word_1_184' title='bbox 135 1547 230 1588; x_wconf 87' lang='lat' dir='ltr'>quae</span> <span class='ocrx_word' id='word_1_185' title='bbox 253 1541 291 1573; x_wconf 91' lang='lat' dir='ltr'>et</span> <span class='ocrx_word' id='word_1_186' title='bbox 309 1532 498 1573; x_wconf 88' lang='lat' dir='ltr'>Prunicus</span> <span class='ocrx_word' id='word_1_187' title='bbox 525 1540 560 1572; x_wconf 90' lang='lat' dir='ltr'>et</span> <span class='ocrx_word' id='word_1_188' title='bbox 587 1531 754 1586; x_wconf 86' lang='lat' dir='ltr'>Spiritus</span> <span class='ocrx_word' id='word_1_189' title='bbox 781 1531 948 1574; x_wconf 88' lang='lat' dir='ltr'>Sanctus</span> <span class='ocrx_word' id='word_1_190' title='bbox 980 1533 1212 1587; x_wconf 85' lang='lat' dir='ltr'>appellatur,</span> <span class='ocrx_word' id='word_1_191' title='bbox 1248 1548 1314 1588; x_wconf 89' lang='lat' dir='ltr'>per</span> <span class='ocrx_word' id='word_1_192' title='bbox 1338 1549 1447 1587; x_wconf 87' lang='lat' dir='ltr'>quam</span> <span class='ocrx_word' id='word_1_193' title='bbox 1477 1535 1647 1588; x_wconf 84' lang='lat' dir='ltr'>Angelos</span> 
     </span>
     <span class='ocr_line' id='line_1_22' title="bbox 135 1600 1646 1654; baseline 0 -12"><span class='ocrx_word' id='word_1_194' title='bbox 135 1602 286 1651; x_wconf 81' lang='lat' dir='ltr'>creavi,</span> <span class='ocrx_word' id='word_1_195' title='bbox 320 1601 462 1654; x_wconf 86' lang='lat' dir='ltr'>Angeli</span> <span class='ocrx_word' id='word_1_196' title='bbox 482 1615 596 1654; x_wconf 90' lang='lat' dir='ltr'>porro</span> <span class='ocrx_word' id='word_1_197' title='bbox 619 1601 797 1640; x_wconf 90' lang='lat' dir='ltr'>mundum</span> <span class='ocrx_word' id='word_1_198' title='bbox 820 1607 932 1653; x_wconf 88' lang='lat' dir='ltr'>atque</span> <span class='ocrx_word' id='word_1_199' title='bbox 960 1600 1133 1640; x_wconf 88' lang='lat' dir='ltr'>homines</span> <span class='ocrx_word' id='word_1_200' title='bbox 1157 1601 1421 1641; x_wconf 87' lang='lat' dir='ltr'>condiderunt.</span> <span class='ocrx_word' id='word_1_201' title='bbox 1473 1601 1646 1642; x_wconf 87' lang='lat' dir='ltr'>Eandem</span> 
     </span>
     <span class='ocr_line' id='line_1_23' title="bbox 134 1667 1647 1710; baseline 0.001 -1"><span class='ocrx_word' id='word_1_202' title='bbox 134 1682 221 1709; x_wconf 88' lang='lat' dir='ltr'>esse</span> <span class='ocrx_word' id='word_1_203' title='bbox 243 1668 489 1709; x_wconf 86' lang='lat' dir='ltr'>confirmabat</span> <span class='ocrx_word' id='word_1_204' title='bbox 509 1667 695 1708; x_wconf 84' lang='lat' dir='ltr'>Helenam</span> <span class='ocrx_word' id='word_1_205' title='bbox 722 1668 829 1707; x_wconf 89' lang='lat' dir='ltr'>cuius</span> <span class='ocrx_word' id='word_1_206' title='bbox 855 1681 990 1707; x_wconf 84' lang='lat' dir='ltr'>caussa</span> <span class='ocrx_word' id='word_1_207' title='bbox 1013 1668 1152 1707; x_wconf 89' lang='lat' dir='ltr'>bellum</span> <span class='ocrx_word' id='word_1_208' title='bbox 1167 1667 1340 1708; x_wconf 89' lang='lat' dir='ltr'>Graecos</span> <span class='ocrx_word' id='word_1_209' title='bbox 1362 1668 1464 1708; x_wconf 90' lang='lat' dir='ltr'>inter</span> <span class='ocrx_word' id='word_1_210' title='bbox 1485 1683 1529 1709; x_wconf 90' lang='lat' dir='ltr'>ac</span> <span class='ocrx_word' id='word_1_211' title='bbox 1545 1669 1647 1710; x_wconf 89' lang='lat' dir='ltr'>Tro-</span> 
     </span>
     <span class='ocr_line' id='line_1_24' title="bbox 133 1735 1646 1788; baseline 0.001 -12"><span class='ocrx_word' id='word_1_212' title='bbox 133 1736 242 1776; x_wconf 91' lang='lat' dir='ltr'>ianos</span> <span class='ocrx_word' id='word_1_213' title='bbox 267 1736 427 1776; x_wconf 80' lang='lat' dir='ltr'>exarsit.</span> <span class='ocrx_word' id='word_1_214' title='bbox 490 1736 549 1775; x_wconf 90' lang='lat' dir='ltr'>Ad</span> <span class='ocrx_word' id='word_1_215' title='bbox 579 1735 671 1775; x_wconf 87' lang='lat' dir='ltr'>haec</span> <span class='ocrx_word' id='word_1_216' title='bbox 697 1735 858 1774; x_wconf 84' lang='lat' dir='ltr'>fabulam</span> <span class='ocrx_word' id='word_1_217' title='bbox 883 1735 1085 1775; x_wconf 88' lang='lat' dir='ltr'>adiiciebat</span> <span class='ocrx_word' id='word_1_218' title='bbox 1110 1736 1250 1788; x_wconf 87' lang='lat' dir='ltr'>lapsam</span> <span class='ocrx_word' id='word_1_219' title='bbox 1281 1736 1325 1775; x_wconf 87' lang='lat' dir='ltr'>de</span> <span class='ocrx_word' id='word_1_220' title='bbox 1350 1736 1458 1775; x_wconf 91' lang='lat' dir='ltr'>coelo</span> <span class='ocrx_word' id='word_1_221' title='bbox 1484 1736 1570 1776; x_wconf 88' lang='lat' dir='ltr'>Vim</span> <span class='ocrx_word' id='word_1_222' title='bbox 1601 1737 1646 1777; x_wconf 90' lang='lat' dir='ltr'>il-</span> 
     </span>
     <span class='ocr_line' id='line_1_25' title="bbox 134 1802 1641 1856; baseline 0.001 -12"><span class='ocrx_word' id='word_1_223' title='bbox 134 1804 207 1844; x_wconf 68' lang='lat' dir='ltr'>lan]</span> <span class='ocrx_word' id='word_1_224' title='bbox 233 1802 775 1856; x_wconf 71' lang='lat' dir='ltr'>seu1eupsan1‹fisshnulasse,</span> <span class='ocrx_word' id='word_1_225' title='bbox 809 1803 928 1856; x_wconf 90' lang='lat' dir='ltr'>deque</span> <span class='ocrx_word' id='word_1_226' title='bbox 953 1816 999 1842; x_wconf 92' lang='lat' dir='ltr'>eo</span> <span class='ocrx_word' id='word_1_227' title='bbox 1023 1810 1156 1856; x_wconf 91' lang='lat' dir='ltr'>poetas</span> <span class='ocrx_word' id='word_1_228' title='bbox 1181 1803 1339 1855; x_wconf 80' lang='lat' dir='ltr'>figurate</span> <span class='ocrx_word' id='word_1_229' title='bbox 1364 1803 1512 1844; x_wconf 91' lang='lat' dir='ltr'>locutos</span> <span class='ocrx_word' id='word_1_230' title='bbox 1538 1818 1641 1845; x_wconf 85' lang='lat' dir='ltr'>esse.</span> 
     </span>
     <span class='ocr_line' id='line_1_26' title="bbox 133 1869 1645 1924; baseline 0.001 -14"><span class='ocrx_word' id='word_1_231' title='bbox 133 1869 241 1911; x_wconf 89' lang='lat' dir='ltr'>Haec</span> <span class='ocrx_word' id='word_1_232' title='bbox 263 1871 362 1911; x_wconf 90' lang='lat' dir='ltr'>enim</span> <span class='ocrx_word' id='word_1_233' title='bbox 394 1870 440 1910; x_wconf 96' lang='lat' dir='ltr'>ob</span> <span class='ocrx_word' id='word_1_234' title='bbox 471 1884 684 1924; x_wconf 85' lang='lat' dir='ltr'>supremam</span> <span class='ocrx_word' id='word_1_235' title='bbox 711 1870 812 1909; x_wconf 91' lang='lat' dir='ltr'>illam</span> <span class='ocrx_word' id='word_1_236' title='bbox 838 1869 923 1910; x_wconf 90' lang='lat' dir='ltr'>Vim</span> <span class='ocrx_word' id='word_1_237' title='bbox 957 1869 1142 1910; x_wconf 87' lang='lat' dir='ltr'>accidisse</span> <span class='ocrx_word' id='word_1_238' title='bbox 1164 1870 1284 1920; x_wconf 87' lang='lat' dir='ltr'>bella,</span> <span class='ocrx_word' id='word_1_239' title='bbox 1319 1884 1414 1924; x_wconf 91' lang='lat' dir='ltr'>quae</span> <span class='ocrx_word' id='word_1_240' title='bbox 1438 1871 1483 1910; x_wconf 87' lang='lat' dir='ltr'>ab</span> <span class='ocrx_word' id='word_1_241' title='bbox 1510 1871 1645 1912; x_wconf 84' lang='lat' dir='ltr'>haerc-</span> 
     </span>
     <span class='ocr_line' id='line_1_27' title="bbox 134 1936 1644 1992; baseline 0.001 -14"><span class='ocrx_word' id='word_1_242' title='bbox 134 1938 218 1978; x_wconf 90' lang='lat' dir='ltr'>ticis</span> <span class='ocrx_word' id='word_1_243' title='bbox 240 1938 324 1978; x_wconf 89' lang='lat' dir='ltr'>aliis</span> <span class='ocrx_word' id='word_1_244' title='bbox 341 1936 532 1987; x_wconf 88' lang='lat' dir='ltr'>Barbero,</span> <span class='ocrx_word' id='word_1_245' title='bbox 564 1938 647 1978; x_wconf 81' lang='lat' dir='ltr'>sive</span> <span class='ocrx_word' id='word_1_246' title='bbox 672 1936 835 1977; x_wconf 88' lang='lat' dir='ltr'>Barbelo</span> <span class='ocrx_word' id='word_1_247' title='bbox 857 1937 1013 1989; x_wconf 81' lang='lat' dir='ltr'>dicitur3</span> <span class='ocrx_word' id='word_1_248' title='bbox 1047 1951 1143 1991; x_wconf 87' lang='lat' dir='ltr'>quae</span> <span class='ocrx_word' id='word_1_249' title='bbox 1167 1951 1252 1977; x_wconf 91' lang='lat' dir='ltr'>cum</span> <span class='ocrx_word' id='word_1_250' title='bbox 1276 1951 1383 1978; x_wconf 83' lang='lat' dir='ltr'>suam</span> <span class='ocrx_word' id='word_1_251' title='bbox 1405 1937 1457 1981; x_wconf 82' lang='lat' dir='ltr'>itti</span> <span class='ocrx_word' id='word_1_252' title='bbox 1481 1939 1644 1992; x_wconf 86' lang='lat' dir='ltr'>pulchri-</span> 
     </span>
     <span class='ocr_line' id='line_1_28' title="bbox 135 2004 1643 2059; baseline 0 -13"><span class='ocrx_word' id='word_1_253' title='bbox 135 2006 301 2046; x_wconf 87' lang='lat' dir='ltr'>tudinem</span> <span class='ocrx_word' id='word_1_254' title='bbox 328 2005 574 2054; x_wconf 88' lang='lat' dir='ltr'>ostendisset,</span> <span class='ocrx_word' id='word_1_255' title='bbox 608 2005 664 2043; x_wconf 92' lang='lat' dir='ltr'>sui</span> <span class='ocrx_word' id='word_1_256' title='bbox 688 2004 791 2058; x_wconf 88' lang='lat' dir='ltr'>ipsos</span> <span class='ocrx_word' id='word_1_257' title='bbox 814 2005 954 2045; x_wconf 82' lang='lat' dir='ltr'>amoris</span> <span class='ocrx_word' id='word_1_258' title='bbox 980 2005 1143 2045; x_wconf 90' lang='lat' dir='ltr'>stimulis</span> <span class='ocrx_word' id='word_1_259' title='bbox 1168 2005 1364 2056; x_wconf 86' lang='lat' dir='ltr'>incitasse,</span> <span class='ocrx_word' id='word_1_260' title='bbox 1397 2006 1569 2059; x_wconf 87' lang='lat' dir='ltr'>adeoque</span> <span class='ocrx_word' id='word_1_261' title='bbox 1597 2007 1643 2046; x_wconf 88' lang='lat' dir='ltr'>ad</span> 
     </span>
     <span class='ocr_line' id='line_1_29' title="bbox 133 2071 1642 2127; baseline 0.001 -14"><span class='ocrx_word' id='word_1_262' title='bbox 133 2087 200 2114; x_wconf 90' lang='lat' dir='ltr'>eos</span> <span class='ocrx_word' id='word_1_263' title='bbox 226 2073 512 2127; x_wconf 88' lang='lat' dir='ltr'>depraedandos</span> <span class='ocrx_word' id='word_1_264' title='bbox 538 2071 755 2125; x_wconf 62' lang='lat' dir='ltr'>Prnnnpes,</span> <span class='ocrx_word' id='word_1_265' title='bbox 790 2072 1357 2125; x_wconf 60' lang='lat' dir='ltr'>quiinundun1tnnnfiderant,</span> <span class='ocrx_word' id='word_1_266' title='bbox 1392 2072 1545 2113; x_wconf 69' lang='lat' dir='ltr'>nussani</span> <span class='ocrx_word' id='word_1_267' title='bbox 1574 2074 1642 2114; x_wconf 85' lang='lat' dir='ltr'>bos</span> 
     </span>
     <span class='ocr_line' id='line_1_30' title="bbox 131 2139 1643 2195; baseline 0 -14"><span class='ocrx_word' id='word_1_268' title='bbox 131 2141 236 2195; x_wconf 85' lang='lat' dir='ltr'>ipsos</span> <span class='ocrx_word' id='word_1_269' title='bbox 265 2141 439 2194; x_wconf 88' lang='lat' dir='ltr'>Angelos</span> <span class='ocrx_word' id='word_1_270' title='bbox 469 2147 636 2180; x_wconf 88' lang='lat' dir='ltr'>mutuam</span> <span class='ocrx_word' id='word_1_271' title='bbox 667 2139 712 2178; x_wconf 87' lang='lat' dir='ltr'>ad</span> <span class='ocrx_word' id='word_1_272' title='bbox 743 2153 903 2192; x_wconf 88' lang='lat' dir='ltr'>pugnam</span> <span class='ocrx_word' id='word_1_273' title='bbox 926 2141 1144 2189; x_wconf 82' lang='lat' dir='ltr'>excitasse,</span> <span class='ocrx_word' id='word_1_274' title='bbox 1179 2154 1262 2179; x_wconf 90' lang='lat' dir='ltr'>cum</span> <span class='ocrx_word' id='word_1_275' title='bbox 1284 2140 1435 2180; x_wconf 87' lang='lat' dir='ltr'>interim</span> <span class='ocrx_word' id='word_1_276' title='bbox 1460 2141 1551 2181; x_wconf 86' lang='lat' dir='ltr'>nihil</span> <span class='ocrx_word' id='word_1_277' title='bbox 1578 2142 1643 2182; x_wconf 86' lang='lat' dir='ltr'>illa</span> 
     </span>
     <span class='ocr_line' id='line_1_31' title="bbox 132 2206 1643 2263; baseline 0 -15"><span class='ocrx_word' id='word_1_278' title='bbox 132 2208 218 2248; x_wconf 87' lang='lat' dir='ltr'>mali</span> <span class='ocrx_word' id='word_1_279' title='bbox 249 2222 362 2263; x_wconf 82' lang='lat' dir='ltr'>passa</span> <span class='ocrx_word' id='word_1_280' title='bbox 391 2208 530 2247; x_wconf 85' lang='lat' dir='ltr'>iniecta</span> <span class='ocrx_word' id='word_1_281' title='bbox 561 2206 776 2247; x_wconf 85' lang='lat' dir='ltr'>vehementi</span> <span class='ocrx_word' id='word_1_282' title='bbox 808 2207 865 2247; x_wconf 93' lang='lat' dir='ltr'>sui</span> <span class='ocrx_word' id='word_1_283' title='bbox 896 2208 1098 2261; x_wconf 88' lang='lat' dir='ltr'>cupiditate</span> <span class='ocrx_word' id='word_1_284' title='bbox 1130 2207 1359 2261; x_wconf 87' lang='lat' dir='ltr'>perfecerit,</span> <span class='ocrx_word' id='word_1_285' title='bbox 1403 2215 1441 2246; x_wconf 90' lang='lat' dir='ltr'>ut</span> <span class='ocrx_word' id='word_1_286' title='bbox 1471 2222 1512 2248; x_wconf 90' lang='lat' dir='ltr'>se</span> <span class='ocrx_word' id='word_1_287' title='bbox 1544 2209 1643 2248; x_wconf 90' lang='lat' dir='ltr'>invi-</span> 
     </span>
     <span class='ocr_line' id='line_1_32' title="bbox 132 2273 1641 2329; baseline -0.001 -13"><span class='ocrx_word' id='word_1_288' title='bbox 132 2289 215 2316; x_wconf 89' lang='lat' dir='ltr'>cem</span> <span class='ocrx_word' id='word_1_289' title='bbox 244 2276 520 2316; x_wconf 89' lang='lat' dir='ltr'>interficerent.</span> <span class='ocrx_word' id='word_1_290' title='bbox 580 2273 674 2313; x_wconf 81' lang='lat' dir='ltr'>Eam</span> <span class='ocrx_word' id='word_1_291' title='bbox 703 2273 837 2328; x_wconf 87' lang='lat' dir='ltr'>quippe</span> <span class='ocrx_word' id='word_1_292' title='bbox 861 2275 1094 2324; x_wconf 86' lang='lat' dir='ltr'>detinebant,</span> <span class='ocrx_word' id='word_1_293' title='bbox 1128 2288 1174 2314; x_wconf 92' lang='lat' dir='ltr'>ne</span> <span class='ocrx_word' id='word_1_294' title='bbox 1199 2287 1352 2313; x_wconf 89' lang='lat' dir='ltr'>sursum</span> <span class='ocrx_word' id='word_1_295' title='bbox 1373 2275 1530 2314; x_wconf 84' lang='lat' dir='ltr'>evolare</span> <span class='ocrx_word' id='word_1_296' title='bbox 1553 2290 1641 2329; x_wconf 86' lang='lat' dir='ltr'>pos-</span> 
     </span>
     <span class='ocr_line' id='line_1_33' title="bbox 132 2341 1638 2397; baseline 0 -14"><span class='ocrx_word' id='word_1_297' title='bbox 132 2350 213 2394; x_wconf 66' lang='lat' dir='ltr'>set,</span> <span class='ocrx_word' id='word_1_298' title='bbox 260 2343 422 2397; x_wconf 89' lang='lat' dir='ltr'>ideoque</span> <span class='ocrx_word' id='word_1_299' title='bbox 460 2357 542 2382; x_wconf 88' lang='lat' dir='ltr'>cum</span> <span class='ocrx_word' id='word_1_300' title='bbox 580 2355 624 2381; x_wconf 88' lang='lat' dir='ltr'>ea</span> <span class='ocrx_word' id='word_1_301' title='bbox 663 2341 799 2394; x_wconf 87' lang='lat' dir='ltr'>singuli</span> <span class='ocrx_word' id='word_1_302' title='bbox 829 2342 867 2381; x_wconf 91' lang='lat' dir='ltr'>in</span> <span class='ocrx_word' id='word_1_303' title='bbox 900 2342 1006 2382; x_wconf 85' lang='lat' dir='ltr'>varia</span> <span class='ocrx_word' id='word_1_304' title='bbox 1038 2343 1335 2382; x_wconf 82' lang='lat' dir='ltr'>transformante</span> <span class='ocrx_word' id='word_1_305' title='bbox 1365 2356 1407 2382; x_wconf 92' lang='lat' dir='ltr'>se</span> <span class='ocrx_word' id='word_1_306' title='bbox 1438 2343 1638 2383; x_wconf 88' lang='lat' dir='ltr'>mulierum</span> 
     </span>
     <span class='ocr_line' id='line_1_34' title="bbox 132 2408 1636 2463; baseline 0.001 -13"><span class='ocrx_word' id='word_1_307' title='bbox 132 2424 177 2450; x_wconf 89' lang='lat' dir='ltr'>ac</span> <span class='ocrx_word' id='word_1_308' title='bbox 208 2410 431 2450; x_wconf 85' lang='lat' dir='ltr'>feminarum</span> <span class='ocrx_word' id='word_1_309' title='bbox 471 2422 633 2463; x_wconf 85' lang='lat' dir='ltr'>corpora</span> <span class='ocrx_word' id='word_1_310' title='bbox 672 2410 869 2461; x_wconf 85' lang='lat' dir='ltr'>congressi</span> <span class='ocrx_word' id='word_1_311' title='bbox 907 2417 1010 2450; x_wconf 89' lang='lat' dir='ltr'>sunt.</span> <span class='ocrx_word' id='word_1_312' title='bbox 1073 2408 1137 2448; x_wconf 80' lang='lat' dir='ltr'>Ex</span> <span class='ocrx_word' id='word_1_313' title='bbox 1168 2409 1240 2448; x_wconf 91' lang='lat' dir='ltr'>illis</span> <span class='ocrx_word' id='word_1_314' title='bbox 1272 2423 1386 2462; x_wconf 91' lang='lat' dir='ltr'>porro</span> <span class='ocrx_word' id='word_1_315' title='bbox 1415 2409 1453 2448; x_wconf 89' lang='lat' dir='ltr'>in</span> <span class='ocrx_word' id='word_1_316' title='bbox 1485 2411 1636 2451; x_wconf 82' lang='lat' dir='ltr'>diversa</span> 
     </span>
     <span class='ocr_line' id='line_1_35' title="bbox 132 2476 1640 2531; baseline -0.001 -13"><span class='ocrx_word' id='word_1_317' title='bbox 132 2485 206 2518; x_wconf 88' lang='lat' dir='ltr'>tam</span> <span class='ocrx_word' id='word_1_318' title='bbox 237 2478 429 2518; x_wconf 87' lang='lat' dir='ltr'>bominum</span> <span class='ocrx_word' id='word_1_319' title='bbox 461 2490 570 2530; x_wconf 89' lang='lat' dir='ltr'>quam</span> <span class='ocrx_word' id='word_1_320' title='bbox 603 2476 784 2529; x_wconf 85' lang='lat' dir='ltr'>pecudum</span> <span class='ocrx_word' id='word_1_321' title='bbox 816 2476 1050 2530; x_wconf 87' lang='lat' dir='ltr'>aliorumque</span> <span class='ocrx_word' id='word_1_322' title='bbox 1082 2490 1243 2530; x_wconf 80' lang='lat' dir='ltr'>corpora</span> <span class='ocrx_word' id='word_1_323' title='bbox 1270 2476 1476 2526; x_wconf 88' lang='lat' dir='ltr'>transibat,</span> <span class='ocrx_word' id='word_1_324' title='bbox 1511 2485 1550 2517; x_wconf 90' lang='lat' dir='ltr'>ut</span> <span class='ocrx_word' id='word_1_325' title='bbox 1573 2492 1640 2531; x_wconf 89' lang='lat' dir='ltr'>per</span> 
     </span>
     <span class='ocr_line' id='line_1_36' title="bbox 130 2543 1638 2598; baseline -0.001 -13"><span class='ocrx_word' id='word_1_326' title='bbox 130 2552 279 2586; x_wconf 89' lang='lat' dir='ltr'>mutuas</span> <span class='ocrx_word' id='word_1_327' title='bbox 310 2545 393 2585; x_wconf 89' lang='lat' dir='ltr'>illas</span> <span class='ocrx_word' id='word_1_328' title='bbox 425 2545 733 2598; x_wconf 86' lang='lat' dir='ltr'>promiscuasque</span> <span class='ocrx_word' id='word_1_329' title='bbox 763 2544 898 2584; x_wconf 84' lang='lat' dir='ltr'>caedes</span> <span class='ocrx_word' id='word_1_330' title='bbox 937 2545 1059 2584; x_wconf 81' lang='lat' dir='ltr'>effuso</span> <span class='ocrx_word' id='word_1_331' title='bbox 1089 2543 1275 2597; x_wconf 87' lang='lat' dir='ltr'>sauguine</span> <span class='ocrx_word' id='word_1_332' title='bbox 1312 2544 1538 2598; x_wconf 85' lang='lat' dir='ltr'>semetipsos</span> <span class='ocrx_word' id='word_1_333' title='bbox 1568 2545 1638 2584; x_wconf 92' lang='lat' dir='ltr'>mi-</span> 
     </span>
     <span class='ocr_line' id='line_1_37' title="bbox 130 2609 1637 2665; baseline -0.001 -12"><span class='ocrx_word' id='word_1_334' title='bbox 130 2620 316 2663; x_wconf 87' lang='lat' dir='ltr'>nuerent,</span> <span class='ocrx_word' id='word_1_335' title='bbox 359 2613 515 2665; x_wconf 90' lang='lat' dir='ltr'>ipsaque</span> <span class='ocrx_word' id='word_1_336' title='bbox 553 2610 710 2650; x_wconf 64' lang='lat' dir='ltr'>cossecui</span> <span class='ocrx_word' id='word_1_337' title='bbox 751 2609 789 2650; x_wconf 85' lang='lat' dir='ltr'>vi</span> <span class='ocrx_word' id='word_1_338' title='bbox 826 2624 977 2651; x_wconf 85' lang='lat' dir='ltr'>rursun1</span> <span class='ocrx_word' id='word_1_339' title='bbox 1017 2612 1055 2651; x_wconf 92' lang='lat' dir='ltr'>in</span> <span class='ocrx_word' id='word_1_340' title='bbox 1095 2612 1242 2651; x_wconf 81' lang='lat' dir='ltr'>eoelun1</span> <span class='ocrx_word' id='word_1_341' title='bbox 1283 2619 1414 2665; x_wconf 88' lang='lat' dir='ltr'>posset</span> <span class='ocrx_word' id='word_1_342' title='bbox 1452 2626 1637 2653; x_wconf 83' lang='lat' dir='ltr'>conscen-</span> 
     </span>
    </p>
   </div>
   <div class='ocr_carea' id='block_1_3' title="bbox 131 2680 237 2721">
    <p class='ocr_par' dir='ltr' id='par_1_3' title="bbox 131 2680 237 2721">
     <span class='ocr_line' id='line_1_38' title="bbox 131 2680 237 2721; baseline 0.009 -1"><span class='ocrx_word' id='word_1_343' title='bbox 131 2680 237 2721; x_wconf 89' lang='lat' dir='ltr'>dere.</span> 
     </span>
    </p>
   </div>
   <div class='ocr_carea' id='block_1_4' title="bbox 174 2910 1350 3002">
    <p class='ocr_par' dir='ltr' id='par_1_4' title="bbox 174 2910 1350 3002">
     <span class='ocr_line' id='line_1_39' title="bbox 174 2910 1350 2958; baseline -0.001 -12"><span class='ocrx_word' id='word_1_344' title='bbox 174 2913 206 2946; x_wconf 86' lang='lat'>3.</span> <span class='ocrx_word' id='word_1_345' title='bbox 230 2917 368 2948; x_wconf 83' lang='lat' dir='ltr'>Fortasse</span> <span class='ocrx_word' id='word_1_346' title='bbox 393 2910 472 2954; x_wconf 71' lang='grc' dir='ltr'>ἅξαν</span> <span class='ocrx_word' id='word_1_347' title='bbox 494 2910 659 2956; x_wconf 74' lang='grc' dir='ltr'>ἀγγέλους.</span> <span class='ocrx_word' id='word_1_348' title='bbox 950 2916 980 2947; x_wconf 78' lang='lat'>5.</span> <span class='ocrx_word' id='word_1_349' title='bbox 1006 2918 1125 2956; x_wconf 78' lang='lat' dir='ltr'>Repone</span> <span class='ocrx_word' id='word_1_350' title='bbox 1150 2913 1350 2958; x_wconf 72' lang='grc' dir='ltr'>προχύσεως.</span> 
     </span>
     <span class='ocr_line' id='line_1_40' title="bbox 174 2957 714 3002; baseline -0.004 -11"><span class='ocrx_word' id='word_1_351' title='bbox 174 2957 204 2991; x_wconf 79' lang='grc'>4.</span> <span class='ocrx_word' id='word_1_352' title='bbox 231 2959 506 3002; x_wconf 81' lang='grc' dir='ltr'>μετεγγιζομένης</span> <span class='ocrx_word' id='word_1_353' title='bbox 530 2960 595 2991; x_wconf 85' lang='lat' dir='ltr'>cod.</span> <span class='ocrx_word' id='word_1_354' title='bbox 622 2961 714 2990; x_wconf 77' lang='lat' dir='ltr'>Vatic.</span> 
     </span>
    </p>
   </div>
  </div>
 </body>
</html>
