2034 3267
480 166 654 197 PANARlI
678 166 758 197 Lm.
772 167 796 198 Ι.
820 166 926 199 TOM.
953 168 992 198 11.
1017 166 1146 198 HAER.
1168 166 1295 199 XXIV,
1573 161 1648 198 147

129 258 201 300 que
237 244 426 298 originem
464 244 628 298 accepit.
691 243 767 298 Qui
799 245 948 298 quidem
983 246 1278 300 praestigiatore
1313 244 1379 285 illo
1411 258 1483 285 suo
1516 247 1647 286 condi-

127 311 298 366 scipulo,
333 325 443 364 quem
474 312 511 350 in
537 310 652 365 Syria
677 312 902 365 reliquerat,
937 312 1079 352 maiora
1102 313 1219 353 multo
1250 312 1470 367 praedicare
1502 314 1643 367 coepit,

125 387 167 420 ut
196 378 482 419 sublimioribus
514 393 623 432 quam
664 379 726 418 ille
764 379 973 419 tractandis
1004 380 1244 432 dogmatibus
1283 380 1466 420 maiorem
1496 381 1645 420 audito-

125 447 229 487 ribus
260 447 340 486 suis
373 447 498 485 fucum
532 448 698 495 faceret,
730 445 941 498 iisdemque
970 447 1181 500 impensius
1203 446 1414 498 arrideret,
1447 461 1492 487 ac
1516 448 1645 502 plures

125 513 244 554 sodali
270 528 341 553 suo
365 512 563 553 Saturnilo
592 519 805 553 sectatores
840 512 1052 564 colligeret.
1115 511 1250 566 ltaque
1281 514 1463 556 fabulosis
1490 515 1644 569 quibus-

124 581 208 620 dam
233 580 391 621 adiectis
413 581 572 620 somniis
602 580 699 619 hunc
721 578 759 617 in
785 579 935 618 modum
960 592 1125 619 exorsus
1146 587 1220 620 est.
1283 579 1362 621 Sed
1385 588 1426 621 ut
1450 583 1548 638 quod
1579 596 1643 623 res

123 655 183 688 est
204 649 347 698 dicam,
382 662 457 687 non
480 647 543 686 ille
566 660 634 700 per
660 658 748 685 sese
775 658 819 684 ac
841 653 977 699 suopte
1007 645 1164 697 ingenio
1188 647 1269 686 dira
1294 647 1356 687 illa
1383 663 1427 688 ae
1460 649 1644 702 pestifera

123 716 299 768 dogmata
322 716 464 769 primus
487 712 737 766 excogitavit,
771 712 838 751 sed
861 726 882 751 a
903 711 1102 753 Saturnilo
1126 726 1171 752 ac
1191 711 1351 754 Simone
1371 713 1505 768 Mago,
1531 730 1642 770 quem

124 796 238 837 supra
266 781 540 831 refutavimus,
573 778 718 818 erroris
745 787 972 832 argumenta
1003 786 1197 819 mutuatus
1230 788 1309 831 est,
1354 795 1452 834 quae
1478 783 1551 822 alia
1581 798 1643 824 ra-

124 851 228 889 tione
251 857 415 889 tractare
439 855 475 886 et
498 846 643 886 maiore
668 859 753 885 cum
777 860 912 900 pompa
938 860 1121 886 enarrare
1141 846 1320 887 instituit.
1366 847 1479 898 Erat,
1503 850 1639 903 inquit,

122 916 333 969 ingenitum
361 929 471 954 unum
495 913 743 967 principium,
779 913 839 966 qui
863 913 968 953 solus
1002 921 1062 953 est
1092 914 1260 953 omnium
1286 913 1436 955 Parens
1456 947 1467 965 ,
1501 917 1546 955 ab
1572 917 1641 957 lioc

123 991 323 1038 procreata
350 980 490 1030 Mens,
524 994 543 1019 a
567 978 702 1019 Mente
727 978 923 1031 Verbum,
958 980 1004 1021 ab
1035 980 1106 1020 lioc
1135 979 1369 1032 Prudentia,
1403 996 1424 1022 a
1456 997 1528 1036 qua
1552 982 1643 1023 Vir-

120 1058 181 1090 tus
204 1058 241 1091 et
269 1047 463 1103 Sapientia
487 1047 641 1101 prodiit.
703 1046 766 1086 Ab
797 1054 958 1100 utraque
989 1062 1104 1102 porro
1127 1046 1387 1103 Principatus,
1420 1048 1642 1091 Potestates

121 1125 159 1158 et
192 1117 344 1170 Angeli.
408 1112 559 1154 Deinde
591 1112 768 1154 Virtutes
798 1115 1020 1169 Angelique
1054 1115 1118 1155 isti
1152 1115 1312 1169 primum
1347 1130 1392 1156 ac
1423 1131 1640 1171 supremum

120 1185 264 1225 coelum
300 1181 419 1222 moliti
444 1181 618 1234 Angelos
649 1196 800 1222 rursum
837 1182 933 1222 alios
963 1190 1238 1237 propagarunt.
1299 1181 1375 1235 Qui
1409 1191 1448 1224 et
1478 1185 1550 1239 ipsi
1581 1199 1642 1225 se-

118 1252 277 1292 cundum
311 1249 458 1289 coelum
493 1248 664 1288 fabricati
698 1256 811 1300 sunt,
854 1257 893 1289 et
928 1250 1024 1290 alios
1059 1250 1218 1304 insuper
1239 1248 1416 1304 Angelos
1448 1252 1642 1306 produxe-

114 1325 216 1358 runt.
277 1316 327 1356 Hi
361 1316 516 1355 tertium
543 1316 722 1357 adiecere
755 1317 927 1357 coelum:
969 1324 1082 1371 atque
1116 1318 1168 1357 ita
1195 1317 1416 1371 singillatim
1448 1333 1524 1359 uno
1556 1328 1642 1373 post

114 1385 212 1426 aliud
246 1385 357 1424 coelo
388 1384 622 1423 itidentidem
655 1384 864 1424 constituto
896 1385 942 1424 ad
975 1382 1206 1425 CCCLXV
1237 1385 1460 1438 perficiunt,
1493 1400 1588 1439 quos
1619 1401 1638 1426 a

113 1453 234 1508 primo
267 1465 523 1507 supremoque
556 1452 602 1491 ad
633 1450 670 1491 id
701 1452 800 1505 quod
833 1452 943 1492 nobis
974 1452 1144 1492 citimum
1177 1459 1236 1493 est
1267 1460 1509 1493 enumerant.

222 1653 301 1696 Sed
330 1654 425 1694 haec
456 1654 635 1707 figmenta
662 1654 814 1695 nonnisi
849 1654 1076 1709 insipientes
1108 1655 1264 1695 allicere
1293 1663 1476 1710 possunt,
1511 1664 1553 1697 ut
1581 1657 1638 1697 in·

110 1723 215 1764 sanis
245 1723 394 1762 illorum
421 1722 532 1775 nugis
559 1722 669 1761 fidem
694 1723 999 1762 accommodent.
1062 1721 1267 1777 Sapientes
1294 1736 1388 1763 vero
1415 1723 1563 1764 facilem
1591 1726 1637 1765 ad

110 1791 384 1831 revincendum
418 1789 584 1843 ineptam
618 1789 728 1829 huius
753 1804 838 1829 cum
861 1789 1098 1839 orationem,
1133 1797 1210 1830 tum
1238 1789 1468 1830 sententiam
1491 1791 1636 1833 iudica—

109 1858 224 1907 bunt,
257 1857 424 1910 illudque
448 1857 551 1897 nullo
584 1857 739 1909 negotio
760 1857 965 1911 detegent,
999 1864 1179 1910 quantam
1199 1871 1388 1912 quamque
1408 1857 1634 1900 immensam

107 1925 145 1965 in
171 1925 398 1980 pravitatem
425 1931 588 1964 mentem
612 1938 719 1964 suam
747 1931 860 1978 atque
892 1924 1058 1964 animum
1079 1925 1281 1978 ablegarit.
1344 1924 1499 1966 Etenim
1530 1927 1636 1967 velut

108 1993 259 2048 poetico
283 1992 443 2045 quodam
473 1992 603 2031 furore
627 1991 825 2045 perculsus
851 1991 990 2032 infelix
1010 1992 1238 2043 humuncio,
1273 1993 1478 2048 unicuique
1505 1995 1634 2035 coelo·

106 2075 189 2100 rum
218 2059 376 2115 principi
413 2067 517 2099 certa
544 2059 696 2099 nomina
718 2059 966 2113 praescribit,
1000 2059 1137 2114 quibus
1160 2074 1181 2100 a
1205 2075 1248 2101 se
1271 2062 1445 2102 confictis
1469 2062 1635 2102 nomini-⁷

105 2127 175 2168 bus
198 2141 219 2167 a
243 2127 390 2167 levibus
414 2133 452 2167 et
473 2127 673 2167 imbecillis
695 2125 860 2180 ingeniis
882 2140 1084 2167 assensum
1106 2128 1312 2182 exprimat,
1338 2142 1382 2168 ac
1408 2129 1539 2169 fraude
1559 2143 1629 2169 sua

103 2196 388 2235 circumventos
420 2194 459 2234 in
487 2194 645 2234 exitium
673 2194 822 2234 animae
847 2193 1119 2248 interitumque
1145 2196 1355 2249 pertrahat.
1415 2194 1629 2236 Praeterea

103 2262 262 2316 magicis
287 2262 435 2302 artibus
469 2262 568 2301 idem
597 2261 784 2315 impostor
806 2275 850 2301 ac
873 2262 1093 2316 praestigiis
1125 2270 1310 2316 perpetuo
1336 2263 1407 2303 fuit
1434 2263 1624 2303 addictus.

102 2327 179 2382 Qui
203 2329 247 2369 ab
263 2330 426 2384 Angelis
455 2329 583 2369 citimo
607 2329 693 2368 huic
713 2328 822 2368 coelo
848 2329 1101 2383 proximoque
1126 2329 1236 2369 nobis
1256 2330 1449 2370 attributis
1473 2343 1518 2370 ac
1535 2329 1626 2370 Vir-

100 2403 182 2436 tute
224 2411 320 2450 quae
363 2396 449 2436 istic
495 2396 641 2436 residet
682 2403 810 2436 creata
848 2398 1086 2451 postmodum
1128 2396 1314 2436 inferiora
1355 2405 1490 2438 censet
1530 2397 1626 2438 baec

100 2463 245 2504 omnia.
307 2463 454 2504 Horum
479 2477 528 2504 ex
554 2463 792 2517 Angelorum
816 2477 975 2504 numero
998 2478 1112 2505 unum
1139 2465 1337 2504 constituit
1360 2465 1471 2505 deum
1493 2479 1621 2519 quem,

98 2538 140 2570 ut
166 2531 213 2571 ab
250 2531 335 2572 aliis
372 2531 602 2584 distinguat,
647 2528 798 2571 ludaeis
832 2531 1020 2572 duntaxat
1045 2532 1266 2586 praeponit,
1311 2539 1425 2586 atque
1456 2534 1620 2573 eundem

96 2598 218 2652 ipsum
246 2599 282 2638 in
317 2613 449 2639 eorum
474 2598 715 2651 Angelorum
736 2598 908 2638 ordinem
941 2601 1063 2639 refert
1096 2599 1232 2653 quibus
1261 2599 1488 2640 histrionico
1511 2614 1618 2641 more

99 2673 225 2706 certas
251 2666 527 2721 appellationes
551 2664 700 2705 indidit.
750 2666 813 2706 Ab
835 2665 900 2707 illo
923 2680 1018 2708 vero
1042 2668 1246 2707 formatum
1273 2666 1465 2708 hominem
1488 2667 1617 2719 docet,

97 2812 156 2841 tate
175 2813 242 2842 cod.
269 2814 362 2843 Vatic.
389 2813 484 2851 Vulgo
511 2810 730 2852 συναριὲμῶν.
926 2813 956 2844 5.
981 2811 1035 2846 ὑπ’
1059 2808 1162 2846 αὐτοῦ
1174 2814 1240 2844 cod.
1255 2814 1350 2845 Vatic.
1378 2811 1415 2853 ἐξ
1433 2809 1535 2848 αὐτοῦ
1549 2815 1623 2846 edin·

141 2852 170 2886 4.
195 2854 342 2892 τάττων,
377 2858 459 2897 quod
490 2857 683 2887 desideratur
713 2857 745 2886 in
770 2857 836 2888 cod.
881 2859 950 2890 libri
971 2862 998 2890 et
1021 2859 1087 2890 cod.
1113 2859 1241 2897 Rhediy.

96 2899 221 2940 Rhediy.
245 2905 272 2932 et
291 2903 362 2933 edit.
380 2904 480 2941 princ.
494 2925 503 2940 ‚
538 2902 684 2933 petavius
705 2903 839 2940 reposuit
927 2901 959 2934 6.
984 2903 1174 2936 πεπλᾶσὲταν.
1196 2904 1305 2942 ubique
1323 2903 1385 2942 fere
1406 2906 1556 2943 scriptum
1578 2907 1619 2934 est

96 2952 133 2973 ex
155 2946 220 2977 cod.
242 2947 337 2977 Vatic.
881 2949 914 2979 in
932 2949 999 2980 cod.
1023 2949 1150 2987 Rhediy.
1174 2951 1200 2978 et
1219 2948 1266 2979 ed.
1283 2949 1383 2986 princ.

1263 3003 1350 3045 10*

1668 1666 1744 1711 Cap.
1773 1670 1816 1701 ΙΙ.
