2034 3267
154 512 240 553 Κεφ.
268 508 308 554 β’.

181 2553 249 2581 pag.
269 2544 325 2571 112.

334 170 413 210 218
890 170 1048 202 SANCTI
1074 170 1293 202 EPIPHANH

334 258 404 294 τοῦ
430 251 555 304 Ἰησοῦ
586 249 675 289 ἅνω.
739 245 981 287 Πεπονθότα
1009 245 1051 285 δὲ
1080 244 1148 285 τόν
1173 242 1322 297 Ἰησοῦν
1351 248 1416 287 καὶ
1446 248 1559 289 πάλιν
1588 248 1848 303 ἐγηγερμένον,

336 317 504 373 Χριστὸν
537 317 578 356 δὲ
607 313 674 355 τδν
705 312 860 354 ι’ίνωθεν
885 310 1050 353 ἐλθόντα
1080 313 1133 359 εἰς
1159 309 1277 352 αὐτὸν
1303 309 1443 365 ἀπαθῆ
1469 314 1711 366 ἄναπτάντα,
1753 314 1848 369 ὅπερ

333 387 410 427 ε’στὶ
434 383 476 425 τὸ
497 380 688 423 κατελθὸν
710 382 750 422 ἒν
770 382 861 421 εἴδει
881 383 1117 433 περιστερᾶς,
1142 379 1207 419 καὶ
1228 376 1276 419 οὗ
1295 376 1364 419 τόν
1382 377 1528 430 Ἰησοῦν
1547 380 1644 424 εἶναι
1666 381 1849 437 Χριστόν.

442 514 685 557 Ἐκπέπτωκε
706 515 747 556 δὲ
769 531 836 555 και
860 508 994 563 οὗτος,
1034 510 1133 561 ὥς
1110 517 1223 567 ορᾶτε
1246 511 1388 560 πάντες
1410 514 1449 553 οἱ
1468 517 1537 565 τῆς
1561 512 1784 567 άληθείας’
1767 534 1851 571 ερα.

332 586 429 625 σταί.
492 582 639 624 Φάσκει
662 600 733 637 γαρ
754 580 822 622 τὸν
844 579 965 633 νόμον
987 578 1182 621 δεδωκότα
1203 578 1275 621 οὐκ
1296 577 1470 633 άγαθόν,
1503 581 1550 620 οὑ
1572 585 1624 637 τῷ
1643 582 1750 639 νόμῳ
1772 586 1851 624 πεί-

332 657 479 692 θεσθαι
502 653 630 700 δοκεῖ,
670 652 786 702 δῆλον
807 647 885 689 δὲ
871 649 928 690 ότι
953 665 1004 695 ως
1027 645 1177 704 οἷγαθῷ.
1239 651 1335 694 Πῶς
1355 648 1426 687 οὐν
1447 663 1467 687 ο
1489 647 1660 702 πονηρός
1677 649 1743 690 τόν
1762 668 1852 704 αγα-

335 718 410 760 θὸν
433 717 553 771 νόμον
577 719 764 766 δέδωκεν,
807 718 862 756 Εἰ
880 714 952 770 γάρ
975 713 1095 755 καλὸν
1117 712 1159 755 vd
1185 712 1237 766 μὴ
1258 713 1468 766 μοιχεύειν,
1506 715 1571 754 καὶ
1597 714 1714 756 καλόν
1733 715 1776 758 τὸ
1799 716 1852 770 μή

334 784 536 838 φονεύειν,
575 784 685 841 πόσῳ
715 800 755 838 γε
782 788 924 836 μᾶλλον
954 780 975 823 ὁ
1003 780 1262 833 ἐντειλάμενος
1285 783 1442 833 βελτίων
1472 783 1551 834 εἴη,
1593 780 1661 823 ἐάν
1683 798 1724 836 γε
1754 781 1775 824 ὁ
1801 783 1853 837 μή

334 851 485 907 πράξας
505 850 658 906 άγαθὸς
685 857 699 880 1
715 849 964 905 ὁμολογῆται,
1004 854 1089 897 πῶς
1110 849 1150 889 δὲ
1170 847 1530 903 κατηγορηθήσεται
1551 847 1654 890 κακοὶ
1676 848 1854 904 πράττων

334 918 358 962 ὁ
379 918 422 961 vd
449 917 602 974 άγαθόν
625 917 900 972 συμβουλεύων
924 918 991 958 καὶ
1015 914 1167 971 ἆγαθόν
1190 913 1323 964 διδούς
1346 914 1485 968 νόμον,
1524 913 1634 956 Ἀλλοὶ
1654 915 1857 969 μανιώδης

334 986 357 1030 6
387 985 485 1042 α’νήρ
514 986 708 1034 τοιούτοις
735 987 924 1040 ἐγχειρῶν.
988 979 1113 1032 Οὗτος
1138 984 1180 1024 δέ
1201 984 1321 1033 ἐστιν,
1362 981 1575 1037 ἀγαπητοὶ,
1615 981 1670 1032 εἷς
1693 988 1770 1026 τῶν
1792 985 1854 1025 έπὶ

334 1060 411 1096 τῶν
435 1054 660 1096 ἀποστόλων
685 1052 706 1095 ὁ
727 1052 797 1106 τήν
821 1050 989 1107 ταραχήν
1014 1049 1289 1106 ἐργασάμενος,
1333 1048 1396 1090 ὅτε
1420 1053 1459 1091 οἱ
1479 1051 1566 1103 περὶ
1587 1049 1772 1103 Ἰάκωβον
1797 1068 1856 1106 γε-

334 1122 528 1178 γράφασιν
551 1123 605 1169 εἰς
627 1120 697 1174 τήν
718 1119 952 1173 Ἀντιόχειαν
977 1117 1198 1170 ε’πιστολήν,
1228 1118 1397 1172 λέγοντες
1420 1116 1500 1168 ὅτι,
1520 1116 1722 1172 ’Ἐγνωμέν
1750 1136 1858 1167 τινας

336 1192 375 1239 ἐξ
399 1188 510 1243 ῆμῶν
532 1187 630 1243 πρὸς
652 1186 754 1241 ὑμᾶς
774 1186 960 1234 ἐλθόντας
982 1187 1047 1227 καὶ
1067 1184 1307 1238 ταράξαντας
1328 1182 1431 1236 ὑμᾶς
1451 1183 1599 1238 λόγοις,
1631 1184 1690 1234 οἷς
1711 1184 1759 1228 οὗ
1782 1189 1855 1228 διε·

335 1256 553 1310 τειλάμεθα.
614 1256 692 1296 Καὶ
713 1250 830 1301 οὗτος
851 1252 905 1301 εἷς
923 1255 1002 1294 ἐστι
1020 1257 1098 1293 τῶν
1117 1250 1373 1292 α’ντιστάντων
1393 1255 1444 1307 τῷ
1465 1249 1560 1308 ἁγίῳ
1583 1254 1735 1310 Πέτρῳ,
1759 1256 1857 1295 ἐπει-

336 1323 384 1377 δὴ
417 1326 568 1376 εἰςῆλθε
597 1320 696 1376 πρὸς
720 1319 937 1375 Κορνήλιον
963 1318 1031 1360 τὸν
1059 1318 1188 1373 ἅγιον,
1229 1317 1292 1359 ὅτε
1319 1321 1571 1370 μετεστείλατο
1599 1318 1718 1361 αὐτόν
1744 1338 1858 1362 κατα-

335 1392 492 1441 ξιωθεὶς
514 1389 700 1437 ὀπτασίας
723 1386 904 1442 ἀγγέλου,
945 1388 1013 1427 καὶ
1036 1384 1057 1427 6
1080 1387 1231 1440 Πέτρος
1252 1386 1434 1436 έδίσταζε,
1475 1387 1541 1427 καὶ
1561 1384 1637 1427 εἶδε
1658 1386 1700 1428 τδ
1725 1387 1858 1441 ὅραμα

334 1463 403 1511 τῆς
425 1457 574 1510 ὀθόνης
593 1457 659 1498 καὶ
686 1454 731 1496 τα
756 1457 797 1497 έν
820 1452 939 1511 αὐτῇ,
970 1454 1036 1494 καὶ
1057 1451 1199 1506 ἤκουσε
1222 1451 1326 1505 παρά
1345 1455 1481 1507 κυρίου
1505 1454 1624 1506 μηδὲν
1644 1453 1777 1496 κοινόν
1800 1456 1856 1496 λέ·

335 1542 414 1581 γειν
436 1523 463 1578 ἢ
487 1523 725 1578 ἀκάθαρτον.
789 1517 912 1569 Οὗτος
936 1516 1008 1562 οὖν
1030 1523 1223 1575 παρεκίνει
1245 1521 1330 1574 περὶ
1353 1524 1423 1561 τοῦ
1448 1522 1602 1576 Πέτρου
1624 1519 1857 1571 άνελθόντος

334 1596 388 1642 εἰς
408 1590 657 1647 Ἰερουσαλὴμ
680 1588 728 1630 τά
751 1588 886 1641 πλήθη
909 1593 986 1630 τῶν
1009 1590 1051 1629 ἐκ
1077 1592 1286 1642 περιτομῆς
1306 1589 1423 1642 λέγων
1445 1587 1501 1629 ὅτι
1514 1622 1525 1639 ,
1565 1590 1738 1641 Εἰςῆλθε
1759 1589 1858 1643 πρὸς

336 1660 483 1715 ἄνδρας
507 1658 766 1711 ἀκροβυστίαν
791 1658 957 1709 ἔχοντας.
1014 1653 1191 1708 Ἐποίησε
1218 1656 1259 1696 δὲ
1282 1660 1392 1696 τοῦτο
1420 1654 1624 1709 Κῆρινθος
1649 1657 1742 1711 πρὶν
1766 1656 1793 1709 ἢ
1817 1658 1858 1698 έν

336 1733 383 1785 τῇ
404 1727 512 1783 Ἀσία
534 1725 698 1780 κηρύξαι
718 1723 761 1765 τὸ
785 1723 905 1765 αὐτοῦ
927 1723 1126 1778 κήρυγμα,
1165 1724 1232 1764 καὶ
1253 1724 1427 1775 ἐμπεσεῖν
1449 1725 1502 1770 εἰς
1521 1721 1564 1764 τό
1588 1722 1858 1778 περισσότερον

336 1800 406 1848 τῆς
429 1795 569 1835 ἑαυτοῦ
592 1791 781 1840 ἀπωλείας
802 1790 1020 1846 βάραθρον.
1079 1790 1156 1831 Διά
1181 1789 1253 1845 γάρ
1277 1788 1318 1832 τὸ
1342 1788 1438 1831 εἶναι
1460 1788 1578 1832 αὐτὸν
1602 1792 1857 1845 ε’μπερίτομον

338 1865 461 1915 δῆθεν
488 1860 701 1908 ἅντιδικίας
731 1861 841 1900 ἕνεκα
871 1863 947 1900 τῶν
977 1860 1017 1901 έν
1041 1856 1276 1915 ἀκροβυστία
1300 1862 1442 1900 πιστῶν
1469 1857 1533 1899 διά
1559 1862 1627 1911 τῆς
1649 1864 1860 1913 περιτομῆς

338 1928 409 1983 τῆν
437 1927 636 1984 πρόφασιν
666 1925 896 1982 έθηράσατο.

458 2203 536 2240 Τοῦ
564 2198 606 2240 δὲ
625 2200 762 2253 κυρίου
785 2195 951 2239 πάντοτε
972 2196 1041 2250 τήν
1063 2198 1278 2251 ἐπιμέλειαν
1302 2201 1371 2250 τῆς
1390 2194 1697 2250 άνθρωπότητος
1720 2212 1856 2238 ποιου-

340 2268 473 2321 μένου,
503 2267 570 2308 καὶ
588 2265 630 2307 τὸ
651 2266 772 2317 σαφὲς
790 2270 858 2318 τῆς
879 2263 1061 2318 ἀληθείας
1080 2267 1122 2306 ἐν
1143 2271 1223 2314 τοῖς
1243 2270 1312 2318 τῆς
1331 2263 1512 2317 ἀληθείας
1528 2266 1631 2312 υἱοῖς
1651 2261 1855 2314 άσφαλιζο-

341 2336 479 2387 μένου,
508 2335 575 2375 καὶ
599 2332 734 2382 δόντος
758 2334 896 2388 Πέτρῳ
921 2337 973 2388 τῷ
998 2330 1093 2389 άγίῳ
1117 2331 1319 2389 ἅποστόλῳ
1342 2330 1584 2384 ποιήσασθαι
1613 2336 1628 2360 ¹
1643 2329 1734 2378 τούς
1757 2330 1859 2385 πρός

341 2400 460 2443 αὐτόν
483 2403 549 2443 καὶ
569 2400 661 2449 τούς
680 2399 799 2442 αὐτοῦ
824 2401 1009 2455 ἐλέγχους,
1040 2399 1187 2454 φανερά
1207 2403 1349 2455 γίνεται
1369 2398 1395 2452 ῆ
1414 2403 1482 2440 τοῦ
1503 2400 1709 2452 Κηρίνθου
1732 2396 1858 2438 ἄνοια.

344 2471 446 2522 Φησὶ
470 2486 541 2524 γαρ
565 2486 585 2510 ο
614 2468 723 2523 ἅγιος
750 2469 919 2522 Πέτρος,
959 2465 1055 2522 Ἐγω
1079 2485 1181 2520 ημην
1206 2469 1247 2509 έν
1269 2466 1376 2508 πόλει
1400 2464 1558 2523 Ἰόππῃ,
1597 2466 1664 2506 καὶ
1689 2462 1836 2506 εἷδον’
1819 2481 1862 2505 εν

345 2539 441 2595 μέσῃ
459 2542 505 2594 τῇ
523 2536 646 2592 ἡμέρα
663 2536 752 2589 περὶ
772 2534 877 2590 ω’ραν
895 2552 1006 2587 εκτην
1025 2533 1175 2587 ὀθόνην
1195 2535 1433 2586 καθιεμένην
1459 2535 1498 2575 ἐν
1521 2533 1693 2587 τέτρασιν
1712 2529 1858 2613 αρχαῖς,

342 2606 384 2646 έν
406 2607 428 2662 ᾑ
453 2607 502 2657 ῆν
520 2602 645 2645 πάντα
664 2621 710 2644 τα
730 2601 948 2656 τετράποδα
968 2602 1033 2642 καὶ
1053 2601 1209 2656 ἑρπετά·
1239 2620 1307 2643 και
1329 2600 1412 2642 εἶπέ
1433 2618 1512 2653 μοι,
1545 2599 1675 2640 Θύσον
1693 2600 1760 2639 καὶ
1781 2598 1856 2650 φά-

343 2688 399 2726 γε·
431 2670 502 2725 ἔγω
526 2671 567 2712 δὲ
589 2669 718 2721 εἷπον,
751 2668 873 2724 Κύριε
898 2672 1106 2722 μηδαμῶς,
1138 2669 1197 2710 ὅτι
1222 2668 1407 2711 οὐδέποτε
1429 2665 1604 2710 κοινόν
1586 2685 1610 2719 η
1634 2664 1861 2720 ακάθαρτον

344 2739 518 2790 εἰςῆλθεν
539 2740 593 2786 εἰς
615 2736 657 2779 τὸ
684 2736 808 2790 στόμα
829 2754 923 2790 μου·
954 2735 1147 2791 ἀπεκρίθη
1171 2738 1212 2777 δέ
1237 2754 1301 2789 μοι
1325 2738 1367 2778 ἐκ
1389 2735 1570 2789 δευτέρου
1591 2732 1701 2786 φωνή
1725 2735 1766 2774 ἐκ
1790 2738 1860 2774 τοῦ

344 2803 530 2859 ούρανοῦ,
551 2804 602 2845 uA
623 2803 646 2846 ὁ
668 2803 762 2853 θεὸς
785 2803 1009 2859 έκαθάρισε,
1041 2803 1087 2844 σύ
1108 2803 1159 2857 μή
1179 2807 1335 2845 κοίνου·
1365 2804 1432 2844 καὶ
1454 2803 1492 2851 ἐξ
1514 2799 1632 2853 αὐτῆς
1656 2799 1757 2851 ι’δοῦ,
1788 2799 1859 2842 δύο

391 2907 470 2938 CAp.
497 2908 534 2937 ΙΙ.
569 2925 606 2930 -
650 2906 676 2939 1.
702 2910 735 2940 ln
767 2909 851 2940 libris
879 2909 969 2948 vulyo
1000 2910 1081 2939 extat
1172 2906 1248 2938 Cap,
1270 2908 1326 2938 ΙΙΙ.
1344 2924 1387 2929 —-
1407 2905 1434 2937 1.
1455 2906 1606 2943 Rescripsi
1625 2902 1700 2941 τούς
1717 2914 1774 2943 pro
1793 2902 1859 2941 τὸν,

347 2950 562 2994 ὁμολογεῖται.
1127 2954 1207 2991 quod
1231 2954 1262 2983 in
1286 2953 1371 2983 libris
1393 2953 1443 2982 est.
