<?xml version="1.0" encoding="UTF-8"?>
<!DOCTYPE html PUBLIC "-//W3C//DTD XHTML 1.0 Transitional//EN"
    "http://www.w3.org/TR/xhtml1/DTD/xhtml1-transitional.dtd">
<html xmlns="http://www.w3.org/1999/xhtml" xml:lang="en" lang="en">
 <head>
  <title>
</title>
<meta http-equiv="Content-Type" content="text/html;charset=utf-8" />
  <meta name='ocr-system' content='tesseract 3.04.00' />
  <meta name='ocr-capabilities' content='ocr_page ocr_carea ocr_par ocr_line ocrx_word'/>
</head>
<body>
  <div class='ocr_page' id='page_1' title='image "./p1corporishaereseo02epipuoft/p1corporishaereseo02epipuoft_0369.png"; bbox 0 0 2034 3267; ppageno 0'>
   <div class='ocr_carea' id='block_1_1' title="bbox 474 171 1653 210">
    <p class='ocr_par' dir='ltr' id='par_1_1' title="bbox 474 171 1653 210">
     <span class='ocr_line' id='line_1_1' title="bbox 474 171 1653 210; baseline 0.007 -8"><span class='ocrx_word' id='word_1_1' title='bbox 474 171 650 203; x_wconf 75' lang='lat' dir='ltr'>PANARH</span> <span class='ocrx_word' id='word_1_2' title='bbox 680 172 759 204; x_wconf 72' lang='grc' dir='ltr'>[ΑΒ.</span> <span class='ocrx_word' id='word_1_3' title='bbox 783 174 805 205; x_wconf 76' lang='lat' dir='ltr'>i.</span> <span class='ocrx_word' id='word_1_4' title='bbox 831 174 934 206; x_wconf 86' lang='lat' dir='ltr'>TOM.</span> <span class='ocrx_word' id='word_1_5' title='bbox 956 175 996 206; x_wconf 86' lang='grc' dir='ltr'>Π.</span> <span class='ocrx_word' id='word_1_6' title='bbox 1023 175 1152 206; x_wconf 83' lang='lat' dir='ltr'>HAER.</span> <span class='ocrx_word' id='word_1_7' title='bbox 1178 176 1312 208; x_wconf 78' lang='lat' dir='ltr'><strong>XXXI.</strong></span> <span class='ocrx_word' id='word_1_8' title='bbox 1573 171 1653 210; x_wconf 84' lang='grc'>357</span> 
     </span>
    </p>
   </div>
   <div class='ocr_carea' id='block_1_2' title="bbox 102 249 1780 2817">
    <p class='ocr_par' dir='ltr' id='par_1_2' title="bbox 121 249 1649 913">
     <span class='ocr_line' id='line_1_2' title="bbox 130 249 1649 311; baseline 0.005 -20"><span class='ocrx_word' id='word_1_9' title='bbox 130 251 218 306; x_wconf 88' lang='lat' dir='ltr'>quia</span> <span class='ocrx_word' id='word_1_10' title='bbox 244 250 291 290; x_wconf 84' lang='lat' dir='ltr'>ab</span> <span class='ocrx_word' id='word_1_11' title='bbox 319 249 513 291; x_wconf 90' lang='lat' dir='ltr'>universis</span> <span class='ocrx_word' id='word_1_12' title='bbox 538 251 576 290; x_wconf 93' lang='lat' dir='ltr'>in</span> <span class='ocrx_word' id='word_1_13' title='bbox 597 251 720 292; x_wconf 82' lang='lat' dir='ltr'>lucem</span> <span class='ocrx_word' id='word_1_14' title='bbox 748 259 807 292; x_wconf 92' lang='lat' dir='ltr'>est</span> <span class='ocrx_word' id='word_1_15' title='bbox 829 253 975 304; x_wconf 82' lang='lat' dir='ltr'>editus,</span> <span class='ocrx_word' id='word_1_16' title='bbox 1019 261 1060 294; x_wconf 92' lang='lat' dir='ltr'>ut</span> <span class='ocrx_word' id='word_1_17' title='bbox 1085 253 1323 305; x_wconf 87' lang='lat' dir='ltr'>Salvatoris‚</span> <span class='ocrx_word' id='word_1_18' title='bbox 1366 262 1403 296; x_wconf 89' lang='lat' dir='ltr'>et</span> <span class='ocrx_word' id='word_1_19' title='bbox 1428 254 1649 311; x_wconf 83' lang='lat' dir='ltr'>Sapientiae</span> 
     </span>
     <span class='ocr_line' id='line_1_3' title="bbox 127 317 1646 380; baseline 0.005 -21"><span class='ocrx_word' id='word_1_20' title='bbox 127 318 344 360; x_wconf 72' lang='lat' dir='ltr'><strong>Achamoth</strong></span> <span class='ocrx_word' id='word_1_21' title='bbox 373 317 592 372; x_wconf 81' lang='lat' dir='ltr'>coniugium</span> <span class='ocrx_word' id='word_1_22' title='bbox 616 320 851 361; x_wconf 78' lang='lat' dir='ltr'>instituatur.</span> <span class='ocrx_word' id='word_1_23' title='bbox 914 319 1031 375; x_wconf 81' lang='lat' dir='ltr'>quue</span> <span class='ocrx_word' id='word_1_24' title='bbox 1058 322 1152 362; x_wconf 85' lang='lat' dir='ltr'>adeo</span> <span class='ocrx_word' id='word_1_25' title='bbox 1178 322 1298 363; x_wconf 89' lang='lat' dir='ltr'>sacris</span> <span class='ocrx_word' id='word_1_26' title='bbox 1322 323 1360 363; x_wconf 96' lang='lat' dir='ltr'>in</span> <span class='ocrx_word' id='word_1_27' title='bbox 1385 323 1507 365; x_wconf 86' lang='lat' dir='ltr'>literis</span> <span class='ocrx_word' id='word_1_28' title='bbox 1532 339 1646 380; x_wconf 93' lang='lat' dir='ltr'>spon-</span> 
     </span>
     <span class='ocr_line' id='line_1_4' title="bbox 126 386 1645 446; baseline 0.005 -19"><span class='ocrx_word' id='word_1_29' title='bbox 126 401 208 427; x_wconf 90' lang='lat' dir='ltr'>sum</span> <span class='ocrx_word' id='word_1_30' title='bbox 233 400 276 427; x_wconf 92' lang='lat' dir='ltr'>ac</span> <span class='ocrx_word' id='word_1_31' title='bbox 297 400 478 440; x_wconf 83' lang='lat' dir='ltr'>sponsam</span> <span class='ocrx_word' id='word_1_32' title='bbox 501 386 742 441; x_wconf 81' lang='lat' dir='ltr'>significare,</span> <span class='ocrx_word' id='word_1_33' title='bbox 777 388 1055 442; x_wconf 83' lang='lat' dir='ltr'>thalamumque</span> <span class='ocrx_word' id='word_1_34' title='bbox 1080 388 1257 430; x_wconf 82' lang='lat' dir='ltr'><strong>Pleroma</strong></span> <span class='ocrx_word' id='word_1_35' title='bbox 1282 391 1403 446; x_wconf 91' lang='lat' dir='ltr'>ipsum</span> <span class='ocrx_word' id='word_1_36' title='bbox 1429 405 1529 433; x_wconf 89' lang='lat' dir='ltr'>esse.</span> <span class='ocrx_word' id='word_1_37' title='bbox 1591 392 1645 434; x_wconf 88' lang='lat' dir='ltr'>At</span> 
     </span>
     <span class='ocr_line' id='line_1_5' title="bbox 125 454 1640 516; baseline 0.005 -22"><span class='ocrx_word' id='word_1_38' title='bbox 125 454 315 508; x_wconf 88' lang='lat' dir='ltr'>spiritales</span> <span class='ocrx_word' id='word_1_39' title='bbox 339 454 527 504; x_wconf 87' lang='lat' dir='ltr'>homiues,</span> <span class='ocrx_word' id='word_1_40' title='bbox 561 461 758 508; x_wconf 82' lang='lat' dir='ltr'><strong>postquam</strong></span> <span class='ocrx_word' id='word_1_41' title='bbox 783 456 928 495; x_wconf 89' lang='lat' dir='ltr'>animas</span> <span class='ocrx_word' id='word_1_42' title='bbox 951 456 1146 507; x_wconf 79' lang='lat' dir='ltr'>exuerint,</span> <span class='ocrx_word' id='word_1_43' title='bbox 1181 464 1218 496; x_wconf 87' lang='lat' dir='ltr'>et</span> <span class='ocrx_word' id='word_1_44' title='bbox 1238 458 1282 497; x_wconf 88' lang='lat' dir='ltr'>ad</span> <span class='ocrx_word' id='word_1_45' title='bbox 1306 458 1505 513; x_wconf 73' lang='lat' dir='ltr'>spirituum</span> <span class='ocrx_word' id='word_1_46' title='bbox 1528 475 1640 516; x_wconf 87' lang='lat' dir='ltr'>pura-</span> 
     </span>
     <span class='ocr_line' id='line_1_6' title="bbox 125 521 1642 583; baseline 0.005 -22"><span class='ocrx_word' id='word_1_47' title='bbox 125 535 283 576; x_wconf 90' lang='lat' dir='ltr'>rumque</span> <span class='ocrx_word' id='word_1_48' title='bbox 304 521 484 562; x_wconf 88' lang='lat' dir='ltr'>mentium</span> <span class='ocrx_word' id='word_1_49' title='bbox 509 522 764 562; x_wconf 80' lang='lat' dir='ltr'>conditionem</span> <span class='ocrx_word' id='word_1_50' title='bbox 788 523 999 573; x_wconf 84' lang='lat' dir='ltr'>evaserint,</span> <span class='ocrx_word' id='word_1_51' title='bbox 1033 537 1075 563; x_wconf 88' lang='lat' dir='ltr'>ac</span> <span class='ocrx_word' id='word_1_52' title='bbox 1098 524 1199 563; x_wconf 91' lang='lat' dir='ltr'>nullo</span> <span class='ocrx_word' id='word_1_53' title='bbox 1223 524 1417 566; x_wconf 85' lang='lat' dir='ltr'>detinente</span> <span class='ocrx_word' id='word_1_54' title='bbox 1439 541 1509 568; x_wconf 85' lang='lat' dir='ltr'>uec</span> <span class='ocrx_word' id='word_1_55' title='bbox 1532 543 1642 583; x_wconf 91' lang='lat' dir='ltr'>aspe-</span> 
     </span>
     <span class='ocr_line' id='line_1_7' title="bbox 125 588 1640 648; baseline 0.005 -19"><span class='ocrx_word' id='word_1_56' title='bbox 125 588 283 629; x_wconf 87' lang='lat' dir='ltr'>ctabiles</span> <span class='ocrx_word' id='word_1_57' title='bbox 306 589 343 629; x_wconf 87' lang='lat' dir='ltr'>in</span> <span class='ocrx_word' id='word_1_58' title='bbox 364 588 542 629; x_wconf 83' lang='lat' dir='ltr'>Pleroma</span> <span class='ocrx_word' id='word_1_59' title='bbox 564 589 874 644; x_wconf 81' lang='lat' dir='ltr'>penetraverint,</span> <span class='ocrx_word' id='word_1_60' title='bbox 909 588 1125 631; x_wconf 86' lang='lat' dir='ltr'>Salvatoris</span> <span class='ocrx_word' id='word_1_61' title='bbox 1148 592 1348 632; x_wconf 87' lang='lat' dir='ltr'>comitibus</span> <span class='ocrx_word' id='word_1_62' title='bbox 1373 593 1536 648; x_wconf 85' lang='lat' dir='ltr'>Angelis</span> <span class='ocrx_word' id='word_1_63' title='bbox 1561 597 1640 636; x_wconf 89' lang='lat' dir='ltr'>col-</span> 
     </span>
     <span class='ocr_line' id='line_1_8' title="bbox 123 655 1641 714; baseline 0.005 -17"><span class='ocrx_word' id='word_1_64' title='bbox 123 657 257 697; x_wconf 87' lang='lat' dir='ltr'>locari.</span> <span class='ocrx_word' id='word_1_65' title='bbox 320 655 431 710; x_wconf 81' lang='lat' dir='ltr'>Quod</span> <span class='ocrx_word' id='word_1_66' title='bbox 454 657 498 697; x_wconf 93' lang='lat' dir='ltr'>ad</span> <span class='ocrx_word' id='word_1_67' title='bbox 522 655 770 698; x_wconf 85' lang='lat' dir='ltr'>Conditorem</span> <span class='ocrx_word' id='word_1_68' title='bbox 794 663 954 711; x_wconf 85' lang='lat' dir='ltr'>spectat,</span> <span class='ocrx_word' id='word_1_69' title='bbox 985 671 1068 697; x_wconf 91' lang='lat' dir='ltr'>eum</span> <span class='ocrx_word' id='word_1_70' title='bbox 1090 672 1239 712; x_wconf 88' lang='lat' dir='ltr'>qnoque</span> <span class='ocrx_word' id='word_1_71' title='bbox 1261 657 1483 714; x_wconf 81' lang='lat' dir='ltr'>Sapientiae</span> <span class='ocrx_word' id='word_1_72' title='bbox 1500 661 1641 705; x_wconf 83' lang='lat' dir='ltr'>Matris</span> 
     </span>
     <span class='ocr_line' id='line_1_9' title="bbox 122 723 1636 780; baseline 0.004 -15"><span class='ocrx_word' id='word_1_73' title='bbox 122 725 159 765; x_wconf 89' lang='lat' dir='ltr'>in</span> <span class='ocrx_word' id='word_1_74' title='bbox 179 725 302 765; x_wconf 91' lang='lat' dir='ltr'>locum</span> <span class='ocrx_word' id='word_1_75' title='bbox 323 739 606 774; x_wconf 86' lang='lat' dir='ltr'>successurum,</span> <span class='ocrx_word' id='word_1_76' title='bbox 632 723 870 778; x_wconf 88' lang='lat' dir='ltr'>mediamque</span> <span class='ocrx_word' id='word_1_77' title='bbox 890 725 1085 779; x_wconf 84' lang='lat' dir='ltr'>regionem</span> <span class='ocrx_word' id='word_1_78' title='bbox 1108 733 1377 780; x_wconf 86' lang='lat' dir='ltr'>occupaturum</span> <span class='ocrx_word' id='word_1_79' title='bbox 1398 729 1636 771; x_wconf 87' lang='lat' dir='ltr'>existimant.</span> 
     </span>
     <span class='ocr_line' id='line_1_10' title="bbox 123 791 1638 852; baseline 0.005 -20"><span class='ocrx_word' id='word_1_80' title='bbox 123 791 347 847; x_wconf 88' lang='lat' dir='ltr'>Eodemque</span> <span class='ocrx_word' id='word_1_81' title='bbox 375 793 460 833; x_wconf 91' lang='lat' dir='ltr'>loco</span> <span class='ocrx_word' id='word_1_82' title='bbox 486 792 671 832; x_wconf 89' lang='lat' dir='ltr'>iustorum</span> <span class='ocrx_word' id='word_1_83' title='bbox 696 791 843 831; x_wconf 89' lang='lat' dir='ltr'>animas</span> <span class='ocrx_word' id='word_1_84' title='bbox 868 792 945 832; x_wconf 91' lang='lat' dir='ltr'>otio</span> <span class='ocrx_word' id='word_1_85' title='bbox 973 807 1016 832; x_wconf 92' lang='lat' dir='ltr'>ac</span> <span class='ocrx_word' id='word_1_86' title='bbox 1040 793 1166 846; x_wconf 89' lang='lat' dir='ltr'>quiete</span> <span class='ocrx_word' id='word_1_87' title='bbox 1188 796 1374 847; x_wconf 85' lang='lat' dir='ltr'>potituras</span> <span class='ocrx_word' id='word_1_88' title='bbox 1397 810 1506 848; x_wconf 89' lang='lat' dir='ltr'>esse,</span> <span class='ocrx_word' id='word_1_89' title='bbox 1541 799 1638 852; x_wconf 88' lang='lat' dir='ltr'>quod</span> 
     </span>
     <span class='ocr_line' id='line_1_11' title="bbox 121 859 938 913; baseline -0.001 -12"><span class='ocrx_word' id='word_1_90' title='bbox 121 862 166 901; x_wconf 90' lang='lat' dir='ltr'>ad</span> <span class='ocrx_word' id='word_1_91' title='bbox 198 859 377 901; x_wconf 82' lang='lat' dir='ltr'>Pleroma</span> <span class='ocrx_word' id='word_1_92' title='bbox 408 860 500 899; x_wconf 88' lang='lat' dir='ltr'>nihil</span> <span class='ocrx_word' id='word_1_93' title='bbox 529 859 692 899; x_wconf 87' lang='lat' dir='ltr'>animale</span> <span class='ocrx_word' id='word_1_94' title='bbox 723 859 938 913; x_wconf 83' lang='lat' dir='ltr'>perveniat.</span> 
     </span>
    </p>

    <p class='ocr_par' dir='ltr' id='par_1_3' title="bbox 102 926 1780 2817">
     <span class='ocr_line' id='line_1_12' title="bbox 231 926 1758 991; baseline 0.003 -23"><span class='ocrx_word' id='word_1_95' title='bbox 231 927 299 969; x_wconf 90' lang='lat' dir='ltr'>His</span> <span class='ocrx_word' id='word_1_96' title='bbox 325 927 485 983; x_wconf 84' lang='lat' dir='ltr'>peractis</span> <span class='ocrx_word' id='word_1_97' title='bbox 509 926 634 980; x_wconf 84' lang='lat' dir='ltr'>ignem</span> <span class='ocrx_word' id='word_1_98' title='bbox 657 926 784 977; x_wconf 88' lang='lat' dir='ltr'>illum,</span> <span class='ocrx_word' id='word_1_99' title='bbox 817 928 878 981; x_wconf 92' lang='lat' dir='ltr'>qui</span> <span class='ocrx_word' id='word_1_100' title='bbox 904 928 941 967; x_wconf 93' lang='lat' dir='ltr'>in</span> <span class='ocrx_word' id='word_1_101' title='bbox 968 928 1094 968; x_wconf 90' lang='lat' dir='ltr'>mundi</span> <span class='ocrx_word' id='word_1_102' title='bbox 1120 928 1277 969; x_wconf 88' lang='lat' dir='ltr'>latebris</span> <span class='ocrx_word' id='word_1_103' title='bbox 1304 930 1514 982; x_wconf 84' lang='lat' dir='ltr'>delitescit,</span> <span class='ocrx_word' id='word_1_104' title='bbox 1548 945 1634 972; x_wconf 87' lang='lat' dir='ltr'>eru-</span> <span class='ocrx_word' id='word_1_105' title='bbox 1682 949 1758 991; x_wconf 73' lang='lat' dir='ltr'>Cap.</span> 
     </span>
     <span class='ocr_line' id='line_1_13' title="bbox 120 994 1780 1053; baseline 0.002 -16"><span class='ocrx_word' id='word_1_106' title='bbox 120 1004 270 1052; x_wconf 88' lang='lat' dir='ltr'>pturum</span> <span class='ocrx_word' id='word_1_107' title='bbox 293 1010 338 1036; x_wconf 87' lang='lat' dir='ltr'>ac</span> <span class='ocrx_word' id='word_1_108' title='bbox 362 995 683 1048; x_wconf 83' lang='lat' dir='ltr'>conflagraturum</span> <span class='ocrx_word' id='word_1_109' title='bbox 709 1007 818 1045; x_wconf 89' lang='lat' dir='ltr'>esse,</span> <span class='ocrx_word' id='word_1_110' title='bbox 854 995 975 1036; x_wconf 85' lang='lat' dir='ltr'>donec</span> <span class='ocrx_word' id='word_1_111' title='bbox 999 996 1100 1036; x_wconf 87' lang='lat' dir='ltr'>omni</span> <span class='ocrx_word' id='word_1_112' title='bbox 1125 1005 1346 1053; x_wconf 88' lang='lat' dir='ltr'>cousumpta</span> <span class='ocrx_word' id='word_1_113' title='bbox 1369 998 1526 1039; x_wconf 89' lang='lat' dir='ltr'>materia</span> <span class='ocrx_word' id='word_1_114' title='bbox 1550 1014 1632 1040; x_wconf 84' lang='lat' dir='ltr'>cum</span> <span class='ocrx_word' id='word_1_115' title='bbox 1658 994 1780 1027; x_wconf 72' lang='lat' dir='ltr'><em>XXW·</em></span> 
     </span>
     <span class='ocr_line' id='line_1_14' title="bbox 120 1062 1634 1120; baseline 0.002 -15"><span class='ocrx_word' id='word_1_116' title='bbox 120 1066 250 1106; x_wconf 83' lang='lat' dir='ltr'>eadem</span> <span class='ocrx_word' id='word_1_117' title='bbox 274 1062 409 1117; x_wconf 89' lang='lat' dir='ltr'>etipse</span> <span class='ocrx_word' id='word_1_118' title='bbox 431 1068 677 1116; x_wconf 87' lang='lat' dir='ltr'>consumptus</span> <span class='ocrx_word' id='word_1_119' title='bbox 700 1069 813 1117; x_wconf 87' lang='lat' dir='ltr'>atque</span> <span class='ocrx_word' id='word_1_120' title='bbox 837 1063 873 1102; x_wconf 88' lang='lat' dir='ltr'>iu</span> <span class='ocrx_word' id='word_1_121' title='bbox 897 1063 1054 1103; x_wconf 88' lang='lat' dir='ltr'>nihilum</span> <span class='ocrx_word' id='word_1_122' title='bbox 1077 1065 1254 1105; x_wconf 88' lang='lat' dir='ltr'>redactus</span> <span class='ocrx_word' id='word_1_123' title='bbox 1277 1066 1406 1106; x_wconf 88' lang='lat' dir='ltr'>fuerit.</span> <span class='ocrx_word' id='word_1_124' title='bbox 1461 1064 1634 1120; x_wconf 80' lang='lat' dir='ltr'>Quorum</span> 
     </span>
     <span class='ocr_line' id='line_1_15' title="bbox 120 1127 1630 1189; baseline 0.003 -17"><span class='ocrx_word' id='word_1_125' title='bbox 120 1132 286 1172; x_wconf 86' lang='lat' dir='ltr'>omnium</span> <span class='ocrx_word' id='word_1_126' title='bbox 318 1129 409 1170; x_wconf 90' lang='lat' dir='ltr'>nihil</span> <span class='ocrx_word' id='word_1_127' title='bbox 439 1137 526 1170; x_wconf 89' lang='lat' dir='ltr'>ante</span> <span class='ocrx_word' id='word_1_128' title='bbox 555 1127 769 1171; x_wconf 88' lang='lat' dir='ltr'>Salvatoris</span> <span class='ocrx_word' id='word_1_129' title='bbox 800 1131 1004 1171; x_wconf 89' lang='lat' dir='ltr'>adveutum</span> <span class='ocrx_word' id='word_1_130' title='bbox 1037 1129 1240 1173; x_wconf 89' lang='lat' dir='ltr'>Conditori</span> <span class='ocrx_word' id='word_1_131' title='bbox 1272 1133 1390 1174; x_wconf 88' lang='lat' dir='ltr'>fuisse</span> <span class='ocrx_word' id='word_1_132' title='bbox 1423 1136 1630 1189; x_wconf 76' lang='lat' dir='ltr'>cognitum.</span> 
     </span>
     <span class='ocr_line' id='line_1_16' title="bbox 118 1197 1629 1255; baseline 0.001 -14"><span class='ocrx_word' id='word_1_133' title='bbox 118 1199 204 1241; x_wconf 88' lang='lat' dir='ltr'>Nec</span> <span class='ocrx_word' id='word_1_134' title='bbox 231 1200 367 1239; x_wconf 88' lang='lat' dir='ltr'>desunt</span> <span class='ocrx_word' id='word_1_135' title='bbox 393 1197 526 1252; x_wconf 85' lang='lat' dir='ltr'>quibus</span> <span class='ocrx_word' id='word_1_136' title='bbox 551 1197 700 1251; x_wconf 84' lang='lat' dir='ltr'>placeat</span> <span class='ocrx_word' id='word_1_137' title='bbox 724 1198 835 1238; x_wconf 91' lang='lat' dir='ltr'>etiam</span> <span class='ocrx_word' id='word_1_138' title='bbox 860 1199 904 1238; x_wconf 89' lang='lat' dir='ltr'>ab</span> <span class='ocrx_word' id='word_1_139' title='bbox 930 1199 994 1240; x_wconf 91' lang='lat' dir='ltr'>illo</span> <span class='ocrx_word' id='word_1_140' title='bbox 1019 1200 1249 1254; x_wconf 82' lang='lat' dir='ltr'>peculiarem</span> <span class='ocrx_word' id='word_1_141' title='bbox 1279 1201 1393 1242; x_wconf 87' lang='lat' dir='ltr'>lilium</span> <span class='ocrx_word' id='word_1_142' title='bbox 1418 1199 1629 1255; x_wconf 84' lang='lat' dir='ltr'>Christum,</span> 
     </span>
     <span class='ocr_line' id='line_1_17' title="bbox 118 1266 1632 1323; baseline 0.002 -14"><span class='ocrx_word' id='word_1_143' title='bbox 118 1269 184 1309; x_wconf 91' lang='lat' dir='ltr'>sed</span> <span class='ocrx_word' id='word_1_144' title='bbox 208 1266 430 1316; x_wconf 83' lang='lat' dir='ltr'>animalem,</span> <span class='ocrx_word' id='word_1_145' title='bbox 464 1266 704 1320; x_wconf 89' lang='lat' dir='ltr'>productum,</span> <span class='ocrx_word' id='word_1_146' title='bbox 737 1266 782 1306; x_wconf 92' lang='lat' dir='ltr'>de</span> <span class='ocrx_word' id='word_1_147' title='bbox 806 1281 879 1320; x_wconf 89' lang='lat' dir='ltr'>quo</span> <span class='ocrx_word' id='word_1_148' title='bbox 903 1281 970 1322; x_wconf 86' lang='lat' dir='ltr'>per</span> <span class='ocrx_word' id='word_1_149' title='bbox 994 1268 1197 1323; x_wconf 86' lang='lat' dir='ltr'>prophetas</span> <span class='ocrx_word' id='word_1_150' title='bbox 1219 1269 1369 1310; x_wconf 88' lang='lat' dir='ltr'>locutus</span> <span class='ocrx_word' id='word_1_151' title='bbox 1393 1270 1457 1311; x_wconf 88' lang='lat' dir='ltr'>sit.</span> <span class='ocrx_word' id='word_1_152' title='bbox 1520 1270 1632 1312; x_wconf 88' lang='lat' dir='ltr'>Hunc</span> 
     </span>
     <span class='ocr_line' id='line_1_18' title="bbox 115 1333 1630 1391; baseline 0.003 -15"><span class='ocrx_word' id='word_1_153' title='bbox 115 1335 218 1376; x_wconf 90' lang='lat' dir='ltr'>illum</span> <span class='ocrx_word' id='word_1_154' title='bbox 242 1348 328 1375; x_wconf 87' lang='lat' dir='ltr'>esse</span> <span class='ocrx_word' id='word_1_155' title='bbox 351 1333 411 1388; x_wconf 90' lang='lat' dir='ltr'>qui</span> <span class='ocrx_word' id='word_1_156' title='bbox 436 1334 490 1373; x_wconf 91' lang='lat' dir='ltr'>sic</span> <span class='ocrx_word' id='word_1_157' title='bbox 514 1340 687 1388; x_wconf 85' lang='lat' dir='ltr'>tanquam</span> <span class='ocrx_word' id='word_1_158' title='bbox 712 1348 807 1388; x_wconf 87' lang='lat' dir='ltr'>aqua</span> <span class='ocrx_word' id='word_1_159' title='bbox 831 1348 898 1389; x_wconf 91' lang='lat' dir='ltr'>per</span> <span class='ocrx_word' id='word_1_160' title='bbox 922 1335 1080 1385; x_wconf 78' lang='lat' dir='ltr'>fistulas,</span> <span class='ocrx_word' id='word_1_161' title='bbox 1114 1336 1165 1375; x_wconf 83' lang='lat' dir='ltr'>ita</span> <span class='ocrx_word' id='word_1_162' title='bbox 1191 1350 1259 1391; x_wconf 90' lang='lat' dir='ltr'>per</span> <span class='ocrx_word' id='word_1_163' title='bbox 1278 1335 1442 1378; x_wconf 87' lang='lat' dir='ltr'>Mariam</span> <span class='ocrx_word' id='word_1_164' title='bbox 1468 1340 1630 1380; x_wconf 90' lang='lat' dir='ltr'>transie-</span> 
     </span>
     <span class='ocr_line' id='line_1_19' title="bbox 115 1401 1629 1457; baseline 0.004 -14"><span class='ocrx_word' id='word_1_165' title='bbox 115 1404 186 1454; x_wconf 79' lang='lat' dir='ltr'>rit3</span> <span class='ocrx_word' id='word_1_166' title='bbox 228 1402 266 1443; x_wconf 91' lang='lat' dir='ltr'>in</span> <span class='ocrx_word' id='word_1_167' title='bbox 298 1415 459 1455; x_wconf 87' lang='lat' dir='ltr'>eumque</span> <span class='ocrx_word' id='word_1_168' title='bbox 490 1408 622 1456; x_wconf 88' lang='lat' dir='ltr'>postea</span> <span class='ocrx_word' id='word_1_169' title='bbox 659 1416 742 1441; x_wconf 90' lang='lat' dir='ltr'>cum</span> <span class='ocrx_word' id='word_1_170' title='bbox 772 1401 1032 1457; x_wconf 84' lang='lat' dir='ltr'>baptizaretur</span> <span class='ocrx_word' id='word_1_171' title='bbox 1057 1404 1125 1443; x_wconf 88' lang='lat' dir='ltr'>sub</span> <span class='ocrx_word' id='word_1_172' title='bbox 1154 1404 1351 1445; x_wconf 89' lang='lat' dir='ltr'>columbae</span> <span class='ocrx_word' id='word_1_173' title='bbox 1380 1406 1629 1449; x_wconf 86' lang='lat' dir='ltr'>descendisse</span> 
     </span>
     <span class='ocr_line' id='line_1_20' title="bbox 115 1468 1627 1526; baseline 0.003 -14"><span class='ocrx_word' id='word_1_174' title='bbox 115 1471 241 1526; x_wconf 89' lang='lat' dir='ltr'>specie</span> <span class='ocrx_word' id='word_1_175' title='bbox 262 1470 424 1511; x_wconf 88' lang='lat' dir='ltr'>alterum</span> <span class='ocrx_word' id='word_1_176' title='bbox 444 1470 548 1510; x_wconf 86' lang='lat' dir='ltr'>illum</span> <span class='ocrx_word' id='word_1_177' title='bbox 570 1470 614 1509; x_wconf 90' lang='lat' dir='ltr'>de</span> <span class='ocrx_word' id='word_1_178' title='bbox 635 1468 854 1510; x_wconf 88' lang='lat' dir='ltr'>Pleromate</span> <span class='ocrx_word' id='word_1_179' title='bbox 875 1468 1117 1511; x_wconf 86' lang='lat' dir='ltr'>Salvatorem</span> <span class='ocrx_word' id='word_1_180' title='bbox 1141 1485 1191 1512; x_wconf 84' lang='lat' dir='ltr'>ex</span> <span class='ocrx_word' id='word_1_181' title='bbox 1212 1473 1386 1514; x_wconf 91' lang='lat' dir='ltr'>omnihus</span> <span class='ocrx_word' id='word_1_182' title='bbox 1407 1475 1627 1526; x_wconf 89' lang='lat' dir='ltr'>conflatum,</span> 
     </span>
     <span class='ocr_line' id='line_1_21' title="bbox 112 1537 1628 1593; baseline 0.003 -14"><span class='ocrx_word' id='word_1_183' title='bbox 112 1539 188 1579; x_wconf 87' lang='lat' dir='ltr'>imo</span> <span class='ocrx_word' id='word_1_184' title='bbox 209 1538 322 1579; x_wconf 81' lang='lat' dir='ltr'>etiam</span> <span class='ocrx_word' id='word_1_185' title='bbox 345 1545 384 1578; x_wconf 88' lang='lat' dir='ltr'>et</span> <span class='ocrx_word' id='word_1_186' title='bbox 399 1538 522 1579; x_wconf 88' lang='lat' dir='ltr'>cidem</span> <span class='ocrx_word' id='word_1_187' title='bbox 547 1537 797 1578; x_wconf 85' lang='lat' dir='ltr'>Aehamothis</span> <span class='ocrx_word' id='word_1_188' title='bbox 818 1538 987 1593; x_wconf 83' lang='lat' dir='ltr'>spiritale</span> <span class='ocrx_word' id='word_1_189' title='bbox 1006 1553 1137 1580; x_wconf 87' lang='lat' dir='ltr'>semen</span> <span class='ocrx_word' id='word_1_190' title='bbox 1160 1541 1316 1582; x_wconf 88' lang='lat' dir='ltr'>insitum</span> <span class='ocrx_word' id='word_1_191' title='bbox 1338 1542 1471 1583; x_wconf 82' lang='lat' dir='ltr'>fuisse.</span> <span class='ocrx_word' id='word_1_192' title='bbox 1518 1542 1628 1584; x_wconf 85' lang='lat' dir='ltr'>Unde</span> 
     </span>
     <span class='ocr_line' id='line_1_22' title="bbox 114 1606 1628 1665; baseline 0.003 -18"><span class='ocrx_word' id='word_1_193' title='bbox 114 1613 277 1661; x_wconf 84' lang='lat' dir='ltr'>quatuor</span> <span class='ocrx_word' id='word_1_194' title='bbox 297 1620 347 1647; x_wconf 77' lang='lat' dir='ltr'>ex</span> <span class='ocrx_word' id='word_1_195' title='bbox 368 1606 442 1647; x_wconf 89' lang='lat' dir='ltr'>illis</span> <span class='ocrx_word' id='word_1_196' title='bbox 468 1606 717 1660; x_wconf 88' lang='lat' dir='ltr'>compositum</span> <span class='ocrx_word' id='word_1_197' title='bbox 744 1619 831 1646; x_wconf 90' lang='lat' dir='ltr'>esse</span> <span class='ocrx_word' id='word_1_198' title='bbox 854 1607 1044 1647; x_wconf 91' lang='lat' dir='ltr'>dominum</span> <span class='ocrx_word' id='word_1_199' title='bbox 1071 1617 1319 1660; x_wconf 84' lang='lat' dir='ltr'>asseverant,</span> <span class='ocrx_word' id='word_1_200' title='bbox 1365 1617 1405 1650; x_wconf 89' lang='lat' dir='ltr'>ut</span> <span class='ocrx_word' id='word_1_201' title='bbox 1426 1610 1628 1665; x_wconf 87' lang='lat' dir='ltr'>primariae</span> 
     </span>
     <span class='ocr_line' id='line_1_23' title="bbox 112 1673 1628 1731; baseline 0.002 -16"><span class='ocrx_word' id='word_1_202' title='bbox 112 1675 213 1715; x_wconf 90' lang='lat' dir='ltr'>illius</span> <span class='ocrx_word' id='word_1_203' title='bbox 238 1688 281 1714; x_wconf 84' lang='lat' dir='ltr'>ac</span> <span class='ocrx_word' id='word_1_204' title='bbox 306 1674 556 1729; x_wconf 82' lang='lat' dir='ltr'>primigeniae</span> <span class='ocrx_word' id='word_1_205' title='bbox 583 1673 765 1714; x_wconf 74' lang='lat' dir='ltr'>Tetradis</span> <span class='ocrx_word' id='word_1_206' title='bbox 790 1674 1072 1715; x_wconf 86' lang='lat' dir='ltr'>similitudinem</span> <span class='ocrx_word' id='word_1_207' title='bbox 1100 1677 1358 1731; x_wconf 74' lang='lat' dir='ltr'>exprimeret,</span> <span class='ocrx_word' id='word_1_208' title='bbox 1401 1678 1577 1718; x_wconf 87' lang='lat' dir='ltr'>nimirum</span> <span class='ocrx_word' id='word_1_209' title='bbox 1607 1693 1628 1719; x_wconf 89' lang='lat' dir='ltr'>e</span> 
     </span>
     <span class='ocr_line' id='line_1_24' title="bbox 115 1741 1630 1800; baseline 0.003 -18"><span class='ocrx_word' id='word_1_210' title='bbox 115 1742 298 1797; x_wconf 87' lang='lat' dir='ltr'>spiritali,</span> <span class='ocrx_word' id='word_1_211' title='bbox 344 1743 442 1797; x_wconf 90' lang='lat' dir='ltr'>quod</span> <span class='ocrx_word' id='word_1_212' title='bbox 471 1742 516 1783; x_wconf 89' lang='lat' dir='ltr'>ab</span> <span class='ocrx_word' id='word_1_213' title='bbox 540 1741 779 1783; x_wconf 85' lang='lat' dir='ltr'>Achamothe</span> <span class='ocrx_word' id='word_1_214' title='bbox 808 1742 1018 1784; x_wconf 83' lang='lat' dir='ltr'>derivatum</span> <span class='ocrx_word' id='word_1_215' title='bbox 1049 1751 1131 1794; x_wconf 89' lang='lat' dir='ltr'>est,</span> <span class='ocrx_word' id='word_1_216' title='bbox 1175 1759 1226 1785; x_wconf 84' lang='lat' dir='ltr'>ex</span> <span class='ocrx_word' id='word_1_217' title='bbox 1252 1746 1442 1796; x_wconf 88' lang='lat' dir='ltr'>Animali,</span> <span class='ocrx_word' id='word_1_218' title='bbox 1485 1747 1584 1800; x_wconf 93' lang='lat' dir='ltr'>quod</span> <span class='ocrx_word' id='word_1_219' title='bbox 1610 1761 1630 1786; x_wconf 90' lang='lat' dir='ltr'>a</span> 
     </span>
     <span class='ocr_line' id='line_1_25' title="bbox 114 1808 1627 1868; baseline 0.003 -17"><span class='ocrx_word' id='word_1_220' title='bbox 114 1808 346 1861; x_wconf 88' lang='lat' dir='ltr'>Conditore,</span> <span class='ocrx_word' id='word_1_221' title='bbox 381 1824 433 1851; x_wconf 81' lang='lat' dir='ltr'>ex</span> <span class='ocrx_word' id='word_1_222' title='bbox 457 1808 747 1859; x_wconf 65' lang='lat' dir='ltr'>lnam-natione,</span> <span class='ocrx_word' id='word_1_223' title='bbox 787 1811 884 1864; x_wconf 93' lang='lat' dir='ltr'>quod</span> <span class='ocrx_word' id='word_1_224' title='bbox 911 1811 1168 1867; x_wconf 88' lang='lat' dir='ltr'>inexplicabili</span> <span class='ocrx_word' id='word_1_225' title='bbox 1195 1814 1357 1868; x_wconf 86' lang='lat' dir='ltr'>quodam</span> <span class='ocrx_word' id='word_1_226' title='bbox 1384 1822 1443 1854; x_wconf 88' lang='lat' dir='ltr'>est</span> <span class='ocrx_word' id='word_1_227' title='bbox 1467 1815 1627 1856; x_wconf 83' lang='lat' dir='ltr'>artificio</span> 
     </span>
     <span class='ocr_line' id='line_1_26' title="bbox 110 1876 1629 1930; baseline 0.003 -11"><span class='ocrx_word' id='word_1_228' title='bbox 110 1885 332 1919; x_wconf 82' lang='lat' dir='ltr'>contextum</span> <span class='ocrx_word' id='word_1_229' title='bbox 348 1910 358 1930; x_wconf 89' lang='lat'>,</span> <span class='ocrx_word' id='word_1_230' title='bbox 391 1892 434 1918; x_wconf 89' lang='lat' dir='ltr'>ac</span> <span class='ocrx_word' id='word_1_231' title='bbox 458 1879 607 1918; x_wconf 85' lang='lat' dir='ltr'>demum</span> <span class='ocrx_word' id='word_1_232' title='bbox 634 1892 653 1917; x_wconf 90' lang='lat' dir='ltr'>c</span> <span class='ocrx_word' id='word_1_233' title='bbox 677 1876 882 1919; x_wconf 89' lang='lat' dir='ltr'>Salvatore</span> <span class='ocrx_word' id='word_1_234' title='bbox 904 1879 974 1919; x_wconf 88' lang='lat' dir='ltr'>hoc</span> <span class='ocrx_word' id='word_1_235' title='bbox 999 1887 1057 1919; x_wconf 85' lang='lat' dir='ltr'>est</span> <span class='ocrx_word' id='word_1_236' title='bbox 1077 1881 1249 1921; x_wconf 88' lang='lat' dir='ltr'>columba</span> <span class='ocrx_word' id='word_1_237' title='bbox 1275 1882 1339 1922; x_wconf 89' lang='lat' dir='ltr'>illa</span> <span class='ocrx_word' id='word_1_238' title='bbox 1363 1882 1408 1922; x_wconf 92' lang='lat' dir='ltr'>de</span> <span class='ocrx_word' id='word_1_239' title='bbox 1431 1882 1540 1923; x_wconf 90' lang='lat' dir='ltr'>coelo</span> <span class='ocrx_word' id='word_1_240' title='bbox 1565 1883 1629 1922; x_wconf 80' lang='lat' dir='ltr'>de·</span> 
     </span>
     <span class='ocr_line' id='line_1_27' title="bbox 109 1946 1628 2006; baseline 0.003 -19"><span class='ocrx_word' id='word_1_241' title='bbox 109 1947 230 2002; x_wconf 88' lang='lat' dir='ltr'>lapsa.</span> <span class='ocrx_word' id='word_1_242' title='bbox 291 1946 420 2001; x_wconf 86' lang='lat' dir='ltr'>Atque</span> <span class='ocrx_word' id='word_1_243' title='bbox 445 1946 543 1987; x_wconf 90' lang='lat' dir='ltr'>hunc</span> <span class='ocrx_word' id='word_1_244' title='bbox 567 1946 714 2000; x_wconf 89' lang='lat' dir='ltr'>quidem</span> <span class='ocrx_word' id='word_1_245' title='bbox 742 1947 941 2000; x_wconf 85' lang='lat' dir='ltr'>patibilem</span> <span class='ocrx_word' id='word_1_246' title='bbox 960 1962 1150 2002; x_wconf 88' lang='lat' dir='ltr'>nunquam</span> <span class='ocrx_word' id='word_1_247' title='bbox 1175 1949 1316 2000; x_wconf 83' lang='lat' dir='ltr'>fuisse,</span> <span class='ocrx_word' id='word_1_248' title='bbox 1351 1950 1526 2004; x_wconf 90' lang='lat' dir='ltr'>quoniam</span> <span class='ocrx_word' id='word_1_249' title='bbox 1553 1951 1628 2006; x_wconf 86' lang='lat' dir='ltr'>pati</span> 
     </span>
     <span class='ocr_line' id='line_1_28' title="bbox 111 2015 1625 2074; baseline 0.003 -19"><span class='ocrx_word' id='word_1_250' title='bbox 111 2015 265 2055; x_wconf 91' lang='lat' dir='ltr'>omnino</span> <span class='ocrx_word' id='word_1_251' title='bbox 290 2022 476 2069; x_wconf 86' lang='lat' dir='ltr'>nequeat,</span> <span class='ocrx_word' id='word_1_252' title='bbox 510 2015 607 2069; x_wconf 92' lang='lat' dir='ltr'>quod</span> <span class='ocrx_word' id='word_1_253' title='bbox 634 2027 757 2068; x_wconf 88' lang='lat' dir='ltr'>neque</span> <span class='ocrx_word' id='word_1_254' title='bbox 780 2015 967 2055; x_wconf 84' lang='lat' dir='ltr'>contineri</span> <span class='ocrx_word' id='word_1_255' title='bbox 996 2030 1118 2071; x_wconf 90' lang='lat' dir='ltr'>neque</span> <span class='ocrx_word' id='word_1_256' title='bbox 1146 2018 1265 2058; x_wconf 86' lang='lat' dir='ltr'>oculis</span> <span class='ocrx_word' id='word_1_257' title='bbox 1291 2018 1467 2074; x_wconf 90' lang='lat' dir='ltr'>usurpari</span> <span class='ocrx_word' id='word_1_258' title='bbox 1491 2018 1625 2074; x_wconf 86' lang='lat' dir='ltr'>possit.</span> 
     </span>
     <span class='ocr_line' id='line_1_29' title="bbox 107 2081 1629 2138; baseline 0.003 -14"><span class='ocrx_word' id='word_1_259' title='bbox 107 2082 351 2138; x_wconf 87' lang='lat' dir='ltr'>Proindeque</span> <span class='ocrx_word' id='word_1_260' title='bbox 372 2097 456 2123; x_wconf 89' lang='lat' dir='ltr'>cum</span> <span class='ocrx_word' id='word_1_261' title='bbox 483 2084 527 2123; x_wconf 89' lang='lat' dir='ltr'>ad</span> <span class='ocrx_word' id='word_1_262' title='bbox 549 2081 712 2122; x_wconf 87' lang='lat' dir='ltr'>Pilatum</span> <span class='ocrx_word' id='word_1_263' title='bbox 735 2084 939 2137; x_wconf 87' lang='lat' dir='ltr'>perductus</span> <span class='ocrx_word' id='word_1_264' title='bbox 965 2092 1046 2135; x_wconf 86' lang='lat' dir='ltr'>est,</span> <span class='ocrx_word' id='word_1_265' title='bbox 1081 2084 1286 2126; x_wconf 86' lang='lat' dir='ltr'>demissum</span> <span class='ocrx_word' id='word_1_266' title='bbox 1310 2087 1348 2126; x_wconf 90' lang='lat' dir='ltr'>in</span> <span class='ocrx_word' id='word_1_267' title='bbox 1371 2101 1455 2127; x_wconf 89' lang='lat' dir='ltr'>eum</span> <span class='ocrx_word' id='word_1_268' title='bbox 1483 2084 1629 2128; x_wconf 87' lang='lat' dir='ltr'>Christi</span> 
     </span>
     <span class='ocr_line' id='line_1_30' title="bbox 110 2148 1628 2209; baseline 0.002 -17"><span class='ocrx_word' id='word_1_269' title='bbox 110 2149 294 2207; x_wconf 88' lang='lat' dir='ltr'>Spiritum</span> <span class='ocrx_word' id='word_1_270' title='bbox 317 2150 510 2191; x_wconf 88' lang='lat' dir='ltr'>evolasse.</span> <span class='ocrx_word' id='word_1_271' title='bbox 568 2148 645 2190; x_wconf 91' lang='lat' dir='ltr'>Sed</span> <span class='ocrx_word' id='word_1_272' title='bbox 671 2164 793 2204; x_wconf 88' lang='lat' dir='ltr'>neque</span> <span class='ocrx_word' id='word_1_273' title='bbox 815 2158 1025 2192; x_wconf 89' lang='lat' dir='ltr'>maternum</span> <span class='ocrx_word' id='word_1_274' title='bbox 1046 2153 1135 2194; x_wconf 82' lang='lat' dir='ltr'>illurl</span> <span class='ocrx_word' id='word_1_275' title='bbox 1160 2168 1292 2194; x_wconf 87' lang='lat' dir='ltr'>semen</span> <span class='ocrx_word' id='word_1_276' title='bbox 1317 2155 1514 2209; x_wconf 89' lang='lat' dir='ltr'>quicquam</span> <span class='ocrx_word' id='word_1_277' title='bbox 1542 2169 1628 2195; x_wconf 87' lang='lat' dir='ltr'>esse</span> 
     </span>
     <span class='ocr_line' id='line_1_31' title="bbox 107 2218 1628 2277; baseline 0.002 -17"><span class='ocrx_word' id='word_1_278' title='bbox 107 2233 353 2275; x_wconf 70' lang='lat' dir='ltr'>perpessum,</span> <span class='ocrx_word' id='word_1_279' title='bbox 386 2219 483 2272; x_wconf 90' lang='lat' dir='ltr'>quod</span> <span class='ocrx_word' id='word_1_280' title='bbox 511 2218 626 2258; x_wconf 86' lang='lat' dir='ltr'>nihilo</span> <span class='ocrx_word' id='word_1_281' title='bbox 653 2219 773 2272; x_wconf 81' lang='lat' dir='ltr'>magis</span> <span class='ocrx_word' id='word_1_282' title='bbox 799 2219 953 2273; x_wconf 87' lang='lat' dir='ltr'>patibile</span> <span class='ocrx_word' id='word_1_283' title='bbox 978 2221 1051 2271; x_wconf 89' lang='lat' dir='ltr'>sit,</span> <span class='ocrx_word' id='word_1_284' title='bbox 1086 2229 1214 2276; x_wconf 90' lang='lat' dir='ltr'>utpote</span> <span class='ocrx_word' id='word_1_285' title='bbox 1242 2223 1436 2277; x_wconf 84' lang='lat' dir='ltr'>spiritale,</span> <span class='ocrx_word' id='word_1_286' title='bbox 1471 2237 1540 2263; x_wconf 89' lang='lat' dir='ltr'>nec</span> <span class='ocrx_word' id='word_1_287' title='bbox 1566 2223 1628 2263; x_wconf 90' lang='lat' dir='ltr'>vel</span> 
     </span>
     <span class='ocr_line' id='line_1_32' title="bbox 104 2284 1628 2345; baseline 0.003 -18"><span class='ocrx_word' id='word_1_288' title='bbox 104 2287 177 2342; x_wconf 86' lang='lat' dir='ltr'>ipsi</span> <span class='ocrx_word' id='word_1_289' title='bbox 203 2284 404 2328; x_wconf 89' lang='lat' dir='ltr'>Conditori</span> <span class='ocrx_word' id='word_1_290' title='bbox 431 2287 580 2341; x_wconf 87' lang='lat' dir='ltr'>quidem</span> <span class='ocrx_word' id='word_1_291' title='bbox 603 2287 850 2341; x_wconf 83' lang='lat' dir='ltr'>aspectabile.</span> <span class='ocrx_word' id='word_1_292' title='bbox 911 2287 1050 2329; x_wconf 83' lang='lat' dir='ltr'>Restat</span> <span class='ocrx_word' id='word_1_293' title='bbox 1072 2289 1189 2344; x_wconf 83' lang='lat' dir='ltr'>igitur</span> <span class='ocrx_word' id='word_1_294' title='bbox 1213 2297 1251 2330; x_wconf 91' lang='lat' dir='ltr'>ut</span> <span class='ocrx_word' id='word_1_295' title='bbox 1272 2290 1421 2330; x_wconf 89' lang='lat' dir='ltr'>illorum</span> <span class='ocrx_word' id='word_1_296' title='bbox 1448 2290 1628 2345; x_wconf 88' lang='lat' dir='ltr'>opinione</span> 
     </span>
     <span class='ocr_line' id='line_1_33' title="bbox 105 2352 1626 2413; baseline 0.002 -17"><span class='ocrx_word' id='word_1_297' title='bbox 105 2354 295 2396; x_wconf 81' lang='lat' dir='ltr'>Animalis</span> <span class='ocrx_word' id='word_1_298' title='bbox 319 2355 381 2394; x_wconf 88' lang='lat' dir='ltr'>ille</span> <span class='ocrx_word' id='word_1_299' title='bbox 408 2352 587 2396; x_wconf 90' lang='lat' dir='ltr'>Christus</span> <span class='ocrx_word' id='word_1_300' title='bbox 613 2354 662 2394; x_wconf 90' lang='lat' dir='ltr'>sit</span> <span class='ocrx_word' id='word_1_301' title='bbox 686 2369 845 2409; x_wconf 90' lang='lat' dir='ltr'>passus,</span> <span class='ocrx_word' id='word_1_302' title='bbox 878 2356 1083 2411; x_wconf 90' lang='lat' dir='ltr'>itidemque</span> <span class='ocrx_word' id='word_1_303' title='bbox 1107 2365 1144 2397; x_wconf 90' lang='lat' dir='ltr'>et</span> <span class='ocrx_word' id='word_1_304' title='bbox 1165 2358 1262 2398; x_wconf 84' lang='lat' dir='ltr'>alter</span> <span class='ocrx_word' id='word_1_305' title='bbox 1285 2358 1344 2413; x_wconf 89' lang='lat' dir='ltr'>qui</span> <span class='ocrx_word' id='word_1_306' title='bbox 1369 2372 1419 2399; x_wconf 82' lang='lat' dir='ltr'>ex</span> <span class='ocrx_word' id='word_1_307' title='bbox 1441 2357 1626 2399; x_wconf 87' lang='lat' dir='ltr'>lucarna-</span> 
     </span>
     <span class='ocr_line' id='line_1_34' title="bbox 107 2420 1627 2480; baseline 0.002 -17"><span class='ocrx_word' id='word_1_308' title='bbox 107 2424 208 2463; x_wconf 88' lang='lat' dir='ltr'>tiouc</span> <span class='ocrx_word' id='word_1_309' title='bbox 230 2422 416 2463; x_wconf 86' lang='lat' dir='ltr'>conflatus</span> <span class='ocrx_word' id='word_1_310' title='bbox 438 2430 511 2462; x_wconf 89' lang='lat' dir='ltr'>est.</span> <span class='ocrx_word' id='word_1_311' title='bbox 561 2420 672 2475; x_wconf 82' lang='lat' dir='ltr'>Quod</span> <span class='ocrx_word' id='word_1_312' title='bbox 693 2437 768 2464; x_wconf 91' lang='lat' dir='ltr'>non</span> <span class='ocrx_word' id='word_1_313' title='bbox 790 2423 872 2464; x_wconf 90' lang='lat' dir='ltr'>sine</span> <span class='ocrx_word' id='word_1_314' title='bbox 895 2425 1078 2479; x_wconf 83' lang='lat' dir='ltr'>mysterio</span> <span class='ocrx_word' id='word_1_315' title='bbox 1100 2426 1307 2480; x_wconf 81' lang='lat' dir='ltr'>perfectum</span> <span class='ocrx_word' id='word_1_316' title='bbox 1328 2434 1401 2477; x_wconf 89' lang='lat' dir='ltr'>est,</span> <span class='ocrx_word' id='word_1_317' title='bbox 1430 2433 1470 2467; x_wconf 91' lang='lat' dir='ltr'>ut</span> <span class='ocrx_word' id='word_1_318' title='bbox 1490 2426 1627 2466; x_wconf 89' lang='lat' dir='ltr'>summi</span> 
     </span>
     <span class='ocr_line' id='line_1_35' title="bbox 102 2487 1626 2548; baseline 0.003 -18"><span class='ocrx_word' id='word_1_319' title='bbox 102 2491 203 2531; x_wconf 87' lang='lat' dir='ltr'>illius</span> <span class='ocrx_word' id='word_1_320' title='bbox 230 2487 376 2531; x_wconf 89' lang='lat' dir='ltr'>Christi</span> <span class='ocrx_word' id='word_1_321' title='bbox 403 2504 470 2545; x_wconf 87' lang='lat' dir='ltr'>per</span> <span class='ocrx_word' id='word_1_322' title='bbox 497 2505 580 2531; x_wconf 92' lang='lat' dir='ltr'>eum</span> <span class='ocrx_word' id='word_1_323' title='bbox 605 2489 737 2531; x_wconf 84' lang='lat' dir='ltr'>Mater</span> <span class='ocrx_word' id='word_1_324' title='bbox 762 2490 964 2545; x_wconf 85' lang='lat' dir='ltr'>imaginem</span> <span class='ocrx_word' id='word_1_325' title='bbox 992 2493 1216 2545; x_wconf 82' lang='lat' dir='ltr'>exhiberet,</span> <span class='ocrx_word' id='word_1_326' title='bbox 1260 2494 1320 2548; x_wconf 88' lang='lat' dir='ltr'>qui</span> <span class='ocrx_word' id='word_1_327' title='bbox 1347 2495 1383 2534; x_wconf 91' lang='lat' dir='ltr'>in</span> <span class='ocrx_word' id='word_1_328' title='bbox 1413 2491 1540 2535; x_wconf 87' lang='lat' dir='ltr'>Cruce</span> <span class='ocrx_word' id='word_1_329' title='bbox 1570 2495 1626 2534; x_wconf 90' lang='lat' dir='ltr'>di-</span> 
     </span>
     <span class='ocr_line' id='line_1_36' title="bbox 102 2558 1623 2617; baseline 0.003 -19"><span class='ocrx_word' id='word_1_330' title='bbox 102 2565 252 2598; x_wconf 86' lang='lat' dir='ltr'>stentus</span> <span class='ocrx_word' id='word_1_331' title='bbox 279 2558 556 2598; x_wconf 87' lang='lat' dir='ltr'>Achamothem</span> <span class='ocrx_word' id='word_1_332' title='bbox 587 2558 820 2599; x_wconf 86' lang='lat' dir='ltr'>substantiae</span> <span class='ocrx_word' id='word_1_333' title='bbox 846 2559 1117 2601; x_wconf 74' lang='lat' dir='ltr'>informatione</span> <span class='ocrx_word' id='word_1_334' title='bbox 1145 2562 1368 2617; x_wconf 64' lang='lat' dir='ltr'>perpolivit,</span> <span class='ocrx_word' id='word_1_335' title='bbox 1401 2562 1495 2602; x_wconf 89' lang='lat' dir='ltr'>haec</span> <span class='ocrx_word' id='word_1_336' title='bbox 1523 2562 1623 2603; x_wconf 92' lang='lat' dir='ltr'>enim</span> 
     </span>
     <span class='ocr_line' id='line_1_37' title="bbox 104 2626 1623 2683; baseline 0.003 -18"><span class='ocrx_word' id='word_1_337' title='bbox 104 2626 227 2666; x_wconf 88' lang='lat' dir='ltr'>omnia</span> <span class='ocrx_word' id='word_1_338' title='bbox 266 2626 506 2681; x_wconf 80' lang='lat' dir='ltr'>superiorum</span> <span class='ocrx_word' id='word_1_339' title='bbox 543 2626 694 2666; x_wconf 89' lang='lat' dir='ltr'>illorum</span> <span class='ocrx_word' id='word_1_340' title='bbox 728 2627 885 2681; x_wconf 85' lang='lat' dir='ltr'>figuram</span> <span class='ocrx_word' id='word_1_341' title='bbox 922 2629 1137 2669; x_wconf 87' lang='lat' dir='ltr'>continere.</span> <span class='ocrx_word' id='word_1_342' title='bbox 1200 2629 1310 2683; x_wconf 81' lang='lat' dir='ltr'>Quae</span> <span class='ocrx_word' id='word_1_343' title='bbox 1344 2643 1438 2669; x_wconf 83' lang='lat' dir='ltr'>vero</span> <span class='ocrx_word' id='word_1_344' title='bbox 1474 2631 1623 2672; x_wconf 87' lang='lat' dir='ltr'>animae</span> 
     </span>
     <span class='ocr_line' id='line_1_38' title="bbox 103 2694 1623 2753; baseline 0.005 -20"><span class='ocrx_word' id='word_1_345' title='bbox 103 2694 355 2734; x_wconf 86' lang='lat' dir='ltr'>Achamothis</span> <span class='ocrx_word' id='word_1_346' title='bbox 383 2695 529 2735; x_wconf 89' lang='lat' dir='ltr'>semine</span> <span class='ocrx_word' id='word_1_347' title='bbox 557 2695 633 2735; x_wconf 87' lang='lat' dir='ltr'>sint</span> <span class='ocrx_word' id='word_1_348' title='bbox 659 2708 865 2749; x_wconf 85' lang='lat' dir='ltr'>aspersae,</span> <span class='ocrx_word' id='word_1_349' title='bbox 904 2709 970 2737; x_wconf 84' lang='lat' dir='ltr'>eas</span> <span class='ocrx_word' id='word_1_350' title='bbox 996 2698 1135 2738; x_wconf 87' lang='lat' dir='ltr'>ceteris</span> <span class='ocrx_word' id='word_1_351' title='bbox 1164 2712 1248 2737; x_wconf 83' lang='lat' dir='ltr'>esse</span> <span class='ocrx_word' id='word_1_352' title='bbox 1274 2697 1478 2748; x_wconf 86' lang='lat' dir='ltr'>meliores,</span> <span class='ocrx_word' id='word_1_353' title='bbox 1512 2705 1623 2753; x_wconf 85' lang='lat' dir='ltr'>atque</span> 
     </span>
     <span class='ocr_line' id='line_1_39' title="bbox 104 2760 1623 2817; baseline 0.004 -17"><span class='ocrx_word' id='word_1_354' title='bbox 104 2760 311 2816; x_wconf 88' lang='lat' dir='ltr'>impensius</span> <span class='ocrx_word' id='word_1_355' title='bbox 335 2776 357 2802; x_wconf 90' lang='lat' dir='ltr'>a</span> <span class='ocrx_word' id='word_1_356' title='bbox 378 2760 590 2803; x_wconf 90' lang='lat' dir='ltr'>Conditore</span> <span class='ocrx_word' id='word_1_357' title='bbox 616 2762 743 2815; x_wconf 67' lang='lat' dir='ltr'>diligi,</span> <span class='ocrx_word' id='word_1_358' title='bbox 777 2763 838 2817; x_wconf 90' lang='lat' dir='ltr'>qui</span> <span class='ocrx_word' id='word_1_359' title='bbox 861 2764 944 2805; x_wconf 85' lang='lat' dir='ltr'>eius</span> <span class='ocrx_word' id='word_1_360' title='bbox 967 2774 1090 2805; x_wconf 88' lang='lat' dir='ltr'>tamen</span> <span class='ocrx_word' id='word_1_361' title='bbox 1116 2765 1170 2806; x_wconf 84' lang='lat' dir='ltr'>rei</span> <span class='ocrx_word' id='word_1_362' title='bbox 1193 2779 1368 2805; x_wconf 88' lang='lat' dir='ltr'>caussam</span> <span class='ocrx_word' id='word_1_363' title='bbox 1389 2780 1463 2805; x_wconf 94' lang='lat' dir='ltr'>non</span> <span class='ocrx_word' id='word_1_364' title='bbox 1484 2766 1623 2807; x_wconf 91' lang='lat' dir='ltr'>intelli-</span> 
     </span>
    </p>
   </div>
   <div class='ocr_carea' id='block_1_3' title="bbox 101 2851 1624 2984">
    <p class='ocr_par' dir='ltr' id='par_1_4' title="bbox 101 2851 1624 2984">
     <span class='ocr_line' id='line_1_40' title="bbox 149 2851 1624 2895; baseline 0.003 -11"><span class='ocrx_word' id='word_1_365' title='bbox 149 2851 179 2884; x_wconf 81' lang='lat'>7.</span> <span class='ocrx_word' id='word_1_366' title='bbox 204 2851 256 2885; x_wconf 76' lang='grc' dir='ltr'>ἵνα</span> <span class='ocrx_word' id='word_1_367' title='bbox 278 2854 344 2884; x_wconf 83' lang='lat' dir='ltr'>cod.</span> <span class='ocrx_word' id='word_1_368' title='bbox 372 2855 441 2885; x_wconf 88' lang='lat' dir='ltr'>Ven.</span> <span class='ocrx_word' id='word_1_369' title='bbox 932 2856 964 2889; x_wconf 82' lang='lat'>9.</span> <span class='ocrx_word' id='word_1_370' title='bbox 988 2853 1030 2891; x_wconf 74' lang='grc' dir='ltr'>δι’</span> <span class='ocrx_word' id='word_1_371' title='bbox 1056 2853 1155 2890; x_wconf 60' lang='grc' dir='ltr'>αὐτοῦ</span> <span class='ocrx_word' id='word_1_372' title='bbox 1181 2857 1340 2888; x_wconf 79' lang='lat' dir='ltr'>emendant</span> <span class='ocrx_word' id='word_1_373' title='bbox 1362 2857 1517 2895; x_wconf 82' lang='lat' dir='ltr'>Petavius,</span> <span class='ocrx_word' id='word_1_374' title='bbox 1540 2858 1624 2889; x_wconf 80' lang='lat' dir='ltr'>Mas-</span> 
     </span>
     <span class='ocr_line' id='line_1_41' title="bbox 145 2896 1624 2942; baseline 0.005 -15"><span class='ocrx_word' id='word_1_375' title='bbox 145 2897 176 2927; x_wconf 73' lang='grc' dir='ltr'>ὅ.</span> <span class='ocrx_word' id='word_1_376' title='bbox 201 2896 356 2942; x_wconf 74' lang='grc' dir='ltr'>ἐπεδείξῃ</span> <span class='ocrx_word' id='word_1_377' title='bbox 380 2900 427 2930; x_wconf 84' lang='lat' dir='ltr'>ed.</span> <span class='ocrx_word' id='word_1_378' title='bbox 445 2900 556 2939; x_wconf 68' lang='lat' dir='ltr'>princ„</span> <span class='ocrx_word' id='word_1_379' title='bbox 578 2899 659 2939; x_wconf 79' lang='lat' dir='ltr'>quod</span> <span class='ocrx_word' id='word_1_380' title='bbox 678 2901 785 2930; x_wconf 77' lang='lat' dir='ltr'>vitium</span> <span class='ocrx_word' id='word_1_381' title='bbox 806 2909 843 2931; x_wconf 72' lang='lat' dir='ltr'>ex</span> <span class='ocrx_word' id='word_1_382' title='bbox 889 2906 990 2934; x_wconf 81' lang='lat' dir='ltr'>suetus</span> <span class='ocrx_word' id='word_1_383' title='bbox 1011 2904 1133 2942; x_wconf 75' lang='lat' dir='ltr'>aliique,</span> <span class='ocrx_word' id='word_1_384' title='bbox 1157 2902 1321 2932; x_wconf 81' lang='lat' dir='ltr'>secundum</span> <span class='ocrx_word' id='word_1_385' title='bbox 1343 2902 1402 2932; x_wconf 84' lang='lat' dir='ltr'>Vet.</span> <span class='ocrx_word' id='word_1_386' title='bbox 1423 2903 1624 2942; x_wconf 83' lang='lat' dir='ltr'>Interpretem.</span> 
     </span>
     <span class='ocr_line' id='line_1_42' title="bbox 101 2942 1446 2984; baseline 0.004 -12"><span class='ocrx_word' id='word_1_387' title='bbox 101 2942 166 2972; x_wconf 84' lang='lat' dir='ltr'>cod.</span> <span class='ocrx_word' id='word_1_388' title='bbox 193 2944 333 2975; x_wconf 78' lang='lat' dir='ltr'>Vaticani</span> <span class='ocrx_word' id='word_1_389' title='bbox 356 2946 534 2976; x_wconf 80' lang='lat' dir='ltr'>auctoritate</span> <span class='ocrx_word' id='word_1_390' title='bbox 554 2954 574 2975; x_wconf 89' lang='grc' dir='ltr'>α</span> <span class='ocrx_word' id='word_1_391' title='bbox 595 2946 722 2976; x_wconf 75' lang='lat' dir='ltr'>petavio</span> <span class='ocrx_word' id='word_1_392' title='bbox 741 2946 845 2976; x_wconf 84' lang='lat' dir='ltr'>subla·</span> <span class='ocrx_word' id='word_1_393' title='bbox 940 2950 988 2979; x_wconf 79' lang='lat'>10.</span> <span class='ocrx_word' id='word_1_394' title='bbox 1012 2945 1263 2984; x_wconf 60' lang='grc' dir='ltr'>ἐπεκτανὲέντος</span> <span class='ocrx_word' id='word_1_395' title='bbox 1286 2947 1352 2978; x_wconf 79' lang='lat' dir='ltr'>cod.</span> <span class='ocrx_word' id='word_1_396' title='bbox 1378 2948 1446 2978; x_wconf 82' lang='lat' dir='ltr'>Ven.</span> 
     </span>
    </p>
   </div>
   <div class='ocr_carea' id='block_1_4' title="bbox 102 2988 1501 3025">
    <p class='ocr_par' dir='ltr' id='par_1_5' title="bbox 102 2988 1501 3025">
     <span class='ocr_line' id='line_1_43' title="bbox 102 2988 1501 3025; baseline 0.004 -8"><span class='ocrx_word' id='word_1_397' title='bbox 102 2989 165 3017; x_wconf 85' lang='lat' dir='ltr'>tum</span> <span class='ocrx_word' id='word_1_398' title='bbox 189 2990 240 3018; x_wconf 81' lang='lat' dir='ltr'>est.</span> <span class='ocrx_word' id='word_1_399' title='bbox 941 2992 989 3024; x_wconf 85' lang='lat'>11.</span> <span class='ocrx_word' id='word_1_400' title='bbox 1014 2992 1131 3025; x_wconf 68' lang='grc' dir='ltr'>λοιπῶν</span> <span class='ocrx_word' id='word_1_401' title='bbox 1155 2988 1223 3025; x_wconf 78' lang='grc' dir='ltr'>δύο.</span> <span class='ocrx_word' id='word_1_402' title='bbox 1261 2990 1317 3025; x_wconf 76' lang='grc' dir='ltr'>καὶ</span> <span class='ocrx_word' id='word_1_403' title='bbox 1340 2992 1407 3023; x_wconf 85' lang='lat' dir='ltr'>cod.</span> <span class='ocrx_word' id='word_1_404' title='bbox 1430 2993 1501 3024; x_wconf 82' lang='lat' dir='ltr'>Ven.</span> 
     </span>
    </p>
   </div>
  </div>
 </body>
</html>
