2034 3267
451 180 626 213 PANARu
650 181 749 213 Anv.
770 181 989 212 HAEnEsEs
1014 180 1094 212 Lm.
1119 181 1144 212 1.
1169 181 1273 213 ToM.
1297 182 1336 212 u.
1566 175 1642 214 127

245 258 366 312 Igitur
396 258 529 298 eadem
556 266 638 309 est,
679 258 829 309 aiebat,
861 258 923 299 illa
949 273 1043 313 quae
1068 266 1143 299 tum
1174 258 1410 300 Graecorum
1435 273 1479 300 ac
1504 259 1644 300 Troia-

133 340 268 367 norum
294 325 526 379 temporibus
559 325 640 375 fuit,
674 326 748 365 imo
773 333 811 365 et
833 333 920 366 ante
949 334 986 366 et
1012 334 1096 380 post
1115 327 1306 366 conditum
1339 327 1515 367 mundum
1542 327 1645 369 iuter

133 393 306 446 Angelos
342 392 480 432 similia
509 394 690 446 quaedam
715 399 1019 446 perpetraverat.
1084 392 1139 433 Ea
1170 407 1261 433 vero
1288 394 1361 433 iam
1387 408 1534 434 mecum
1567 402 1640 444 est,

133 461 290 513 eiusque
320 473 454 499 caussa
480 459 682 509 descendi,
724 473 807 498 cum
840 473 924 498 eum
953 459 1137 499 hactenus
1169 461 1374 500 adventum
1398 468 1638 515 expectaret.

131 526 204 567 Est
237 527 337 567 enim
369 527 431 567 illa
453 526 573 567 Notio
602 540 712 580 quam
736 524 927 564 Homerus
951 524 1138 565 Helenam
1166 527 1334 567 vocavit.
1396 529 1524 582 Atque
1553 529 1640 569 ideo

132 609 200 649 pro
229 594 323 634 turri
350 601 513 634 stantem
546 594 644 633 illam
677 591 910 644 sublatisque
938 592 1081 632 facibus
1111 591 1349 633 Graecorum
1379 602 1512 635 contra
1538 595 1641 636 Tro-

129 662 241 702 ianos
265 662 423 701 insidias
444 661 700 700 moderantem
723 658 942 698 describere
964 666 1119 698 coactus
1145 667 1216 699 est.
1280 659 1351 700 Hic
1375 661 1474 701 enim
1502 663 1638 703 facium

131 729 257 782 fulgor
292 728 459 768 coeleste
493 728 618 767 lumen
650 725 696 764 ab
736 738 780 764 ea
813 726 1038 778 patefactum
1074 726 1276 778 significat.
1336 726 1439 767 Nam
1473 730 1637 783 ligneum

128 796 233 836 illum
265 796 360 850 apud
393 794 601 834 Homerum
636 805 771 844 equum
805 806 915 845 quem
948 792 994 831 de
1025 792 1212 831 industria
1242 793 1464 834 fabricatum
1497 795 1639 837 Graeci

129 870 284 917 putant,
328 863 511 916 impostor
545 859 616 898 iste
651 858 820 911 gentium
853 860 900 898 ad
938 858 1218 912 ignorationem
1258 860 1451 913 pertinere
1480 871 1640 904 conten-

127 931 194 970 dit.
254 929 305 971 Ut
341 929 436 969 enim
459 925 642 975 Troiani,
686 940 771 965 cum
797 925 900 965 illum
927 927 973 966 ad
999 940 1068 966 sua
1097 927 1249 966 moenia
1282 940 1349 980 per
1384 927 1637 980 ignorantiam

127 998 399 1044 attraxissent,
431 993 637 1048 perniciem
661 992 733 1032 sibi
762 993 1048 1043 consciverunt,
1082 994 1132 1033 ita
1160 1001 1312 1046 gentes,
1347 995 1417 1034 hoc
1439 1003 1497 1035 est
1519 996 1637 1037 homi-

129 1079 196 1105 nes
221 1061 403 1108 universi,
437 1060 500 1113 qui
521 1060 672 1113 quidem
696 1060 915 1114 cognitione
937 1074 1022 1100 mea
1047 1069 1194 1110 carent,
1222 1075 1273 1101 ex
1298 1061 1541 1115 ignoratione
1565 1065 1637 1104 sihi

127 1131 283 1172 exitium
304 1134 519 1169 arcessunt.
580 1125 788 1167 Praeterea
807 1126 1027 1167 Minervam
1055 1129 1215 1168 eandem
1240 1142 1326 1169 esse
1351 1128 1502 1169 dicebat
1527 1145 1636 1184 quam

125 1198 348 1245 Notionem,
381 1202 422 1235 ut
444 1194 625 1245 diximus,
657 1195 883 1249 appellabat.
946 1194 1070 1248 Quam
1094 1195 1140 1235 ad
1162 1209 1242 1235 rem
1266 1197 1427 1250 apostoli
1451 1195 1560 1237 Pauli
1582 1198 1637 1238 di-

125 1272 224 1305 c-tum
246 1263 335 1303 illud
357 1262 662 1311 accommodare,
690 1269 727 1301 et
747 1263 792 1302 ad
816 1262 1014 1302 mendacia
1040 1276 1109 1302 sua
1131 1263 1334 1303 veritatem
1360 1265 1513 1305 trahere
1536 1266 1636 1306 sole-

122 1332 198 1381 bat,
232 1344 315 1370 cum
340 1330 391 1369 ita
414 1328 556 1369 Paulus
579 1329 768 1382 loquitur:
809 1333 955 1368 Indm'te
977 1332 1128 1368 loricam
1140 1332 1243 1381 fidei
1263 1339 1300 1369 et
1313 1334 1461 1382 galeam
1484 1335 1631 1381 salutis,

119 1407 159 1438 et
175 1412 302 1437 ocreas
323 1412 368 1436 ac
387 1399 555 1448 gladium
578 1405 618 1435 ec
638 1405 794 1435 scutum.
859 1395 968 1449 Quae
996 1397 1124 1437 omnia
1156 1398 1194 1437 in
1225 1412 1308 1437 eum
1335 1399 1444 1438 finem
1471 1400 1516 1439 ab
1544 1415 1636 1455 apo-

118 1465 217 1506 stolo
243 1465 340 1505 dicta
368 1471 409 1503 ut
431 1464 587 1504 solidam
617 1471 783 1504 mentem
813 1471 851 1504 et
883 1464 1087 1504 castissimi
1121 1464 1223 1504 vitae
1259 1465 1420 1506 instituti
1454 1467 1562 1507 fidem
1595 1475 1634 1508 et

118 1533 235 1574 divini
256 1547 299 1572 ac
321 1532 501 1572 coelestis
524 1532 600 1571 vim
626 1531 815 1571 sermonis
840 1530 1091 1585 exprimeret,
1126 1532 1330 1571 circulator
1348 1532 1436 1583 iste,
1470 1534 1526 1574 sic
1550 1542 1634 1574 tan-

117 1615 227 1654 quam
254 1598 493 1640 Philistionis
517 1599 650 1638 mimos
674 1606 827 1652 ageret,
861 1598 952 1638 nihil
979 1599 1077 1638 aliud
1103 1613 1213 1651 quam
1238 1600 1281 1638 ad
1307 1600 1506 1641 ludibrium
1540 1617 1632 1643 con-

116 1668 246 1709 vertit.
309 1665 409 1719 Quid
433 1667 532 1706 enim
558 1666 776 1719 inquiebat?
814 1663 953 1706 Omnia
977 1666 1070 1705 haec
1092 1665 1296 1706 Minervae
1319 1667 1447 1720 specie
1469 1669 1630 1723 mystice

117 1734 348 1775 declarabat.
411 1732 542 1786 Quare
575 1748 684 1787 quam
717 1733 915 1772 abductam
948 1732 1055 1787 Tyro
1092 1747 1222 1773 secum
1256 1734 1417 1774 habebat
1452 1736 1630 1777 feminam

116 1802 260 1843 veteris
289 1801 390 1842 illius
414 1800 587 1841 Helenae
617 1800 882 1853 cognominem
909 1814 1017 1850 eam,
1061 1807 1101 1840 ut
1131 1801 1274 1840 dictum
1298 1808 1380 1852 est,
1423 1802 1631 1856 significari

114 1869 283 1919 volebat,
318 1876 355 1909 et
379 1869 425 1909 ad
449 1882 531 1908 eam
559 1869 710 1908 nomina
733 1868 858 1907 omnia
883 1868 1152 1918 transferebat,
1180 1867 1380 1918 Notionis,
1404 1868 1627 1922 Minervae,

113 1936 289 1977 Helenae
323 1937 471 1990 aliaque
507 1935 794 1989 quamplurima.
857 1934 907 1974 Et
930 1935 1065 1985 huius,
1098 1935 1242 1989 inquit,
1275 1936 1399 1989 gratia
1430 1937 1625 1979 descendi.

113 2003 260 2058 Estque
287 2005 382 2044 adeo
413 2004 474 2043 illa
506 2004 550 2042 de
579 2016 650 2056 qua
683 2003 722 2042 in
747 2002 945 2056 evangelio
974 2003 1154 2058 scriptum
1192 2010 1252 2043 est
1279 2004 1363 2044 ovis
1388 2004 1621 2046 errabunda.

111 2070 199 2111 Nec
227 2071 273 2111 iis
298 2078 502 2111 contentus
526 2069 730 2123 imaginem
759 2071 968 2123 quandam,
1001 2084 1112 2124 quam
1136 2070 1195 2110 sui
1217 2071 1377 2124 effigiem
1409 2085 1495 2112 esse
1523 2072 1625 2112 dice-

110 2138 197 2189 bat,
231 2138 425 2193 discipulis
454 2137 628 2187 tradidit,
672 2137 735 2190 qui
763 2151 847 2177 eum
871 2137 940 2178 sub
970 2138 1099 2192 specie
1125 2136 1230 2178 Iovis
1260 2139 1436 2179 adorant.
1495 2139 1625 2179 Aliam

111 2204 284 2247 Helenae
312 2206 471 2259 figuram
499 2204 710 2245 cuiusmodi
735 2204 837 2258 pingi
860 2203 1042 2245 Minerva
1066 2205 1166 2245 solet
1186 2205 1320 2245 iisdem
1341 2206 1534 2260 discipulis
1557 2207 1624 2247 ob-

113 2274 246 2326 trusit,
279 2287 391 2328 quam
422 2285 614 2328 peraeque
646 2271 797 2312 fanatici
825 2271 880 2312 illi
907 2280 1159 2313 venerantur.

220 2407 282 2450 Ad
307 2408 400 2449 haec
426 2408 606 2463 mysteria
634 2407 816 2460 quaedam
842 2407 1032 2448 foeditatis
1059 2407 1310 2462 profluviique
1333 2422 1553 2462 corporum,
1580 2417 1621 2451 ut

109 2475 307 2516 honestius
338 2476 482 2526 dicam,
516 2475 701 2523 instituit,
744 2488 838 2528 quae
867 2475 904 2514 in
939 2475 1105 2515 maribus
1138 2475 1287 2528 quidem
1316 2476 1475 2516 seminis
1498 2491 1620 2518 exun-

108 2543 260 2593 dantia,
302 2543 340 2583 in
365 2542 516 2583 feminis
547 2548 741 2581 menstrua
769 2542 993 2596 purgatione
1023 2543 1313 2597 perficerentur.
1373 2542 1426 2583 Et
1449 2544 1494 2584 ad
1527 2544 1619 2585 haec

108 2610 281 2650 obeunda
309 2610 493 2665 mysteria
516 2608 783 2662 spurcissimos
804 2616 1017 2650 conventus
1037 2610 1202 2649 induxit.
1266 2608 1371 2650 Haec
1393 2611 1493 2650 enim
1516 2612 1617 2652 vitae

108 2690 194 2717 esse
213 2679 398 2732 mysteria
422 2676 798 2731 perfectissimaeque
824 2677 1054 2730 cognitionis
1080 2676 1221 2726 aiebat,
1255 2691 1350 2730 quae
1368 2678 1431 2731 qui
1453 2680 1617 2733 pruden-

109 2743 195 2784 tiam
223 2745 403 2785 divinitus
434 2743 625 2798 acceperit
645 2743 934 2784 abominandum
962 2745 1137 2798 quiddam
1165 2758 1209 2783 ac
1234 2745 1481 2796 detestabile,
1516 2761 1619 2787 mor-

109 2817 256 2865 temque
281 2813 376 2851 adeo
400 2811 525 2865 potius
549 2824 659 2864 quam
684 2811 799 2850 vitain
824 2825 910 2851 esse
934 2811 1129 2852 iudicabit.
1192 2809 1295 2851 Idem
1322 2820 1523 2866 praeterea
1548 2829 1614 2855 uo-

109 2888 194 2920 coitu
209 2896 333 2928 cavent,
353 2901 394 2920 ne
414 2900 522 2920 semen
542 2888 574 2919 iu
598 2887 739 2919 mulieris
758 2888 831 2919 vul-
877 2889 954 2920 alias
979 2901 1018 2921 eo
1041 2895 1233 2921 conservato
1259 2890 1472 2934 sanguinique
1494 2892 1613 2923 mulie

107 2943 179 2964 vam
197 2933 404 2972 eiaculentur
429 2940 483 2965 aut
502 2934 534 2964 in
557 2940 676 2964 terram
700 2932 830 2969 defluat,
878 2934 981 2966 brinm
1003 2941 1239 2966 menstruorum
1268 2935 1431 2978 permixto
1456 2948 1516 2979 pro
1538 2949 1613 2980 my

107 2976 163 3007 sed
187 2978 331 3010 manibus
353 2986 523 3022 exceptum
544 2978 620 3009 alias
639 2977 832 3019 deglutiunt,
879 2979 983 3010 steriis
1009 2981 1176 3011 .

1670 273 1748 317 Cap.
1765 275 1821 306 111.

1655 1347 1729 1383 Epa.
1749 1350 1775 1385 s,
1795 1350 1835 1377 14.

1659 2012 1768 2042 Matth.

1663 2047 1702 2081 18,
1724 2050 1762 2077 12.

1647 2422 1723 2466 Cap.
1747 2424 1802 2458 IV.
