2034 3267
497 187 674 219 PANAnu
698 187 779 219 ΜΒ.
794 188 818 220 1.
843 188 948 220 ΤοΜ.
969 188 1009 220 11.
1034 187 1163 219 HAER.
1187 187 1304 220 xxx.
1582 179 1662 219 285

142 265 325 307 historiae
349 264 475 305 oblata
501 265 610 306 nobis
633 266 786 306 occasio
809 273 883 315 est,
915 266 954 306 in
981 280 1064 307 eam
1090 280 1172 306 sum
1196 266 1354 306 fortuito
1379 265 1541 305 delatus.
1602 264 1665 305 Eo

140 348 235 375 vero
260 333 477 387 pertinebat
502 332 628 382 istud,
670 340 710 373 ut
735 334 950 387 complures
978 334 1269 373 ostenderemus
1300 333 1338 372 in
1365 346 1410 373 ea
1437 332 1665 386 migratione

141 401 268 443 varias
296 414 505 454 occupasse
533 402 666 450 sedes,
712 402 773 454 qui
803 414 852 440 ex
877 399 1087 439 Israelitica
1114 408 1228 453 gente
1257 400 1417 454 originis
1444 407 1554 440 erant
1578 414 1666 439 suc-

142 469 318 508 cessione
342 468 517 507 dcrivati.
580 466 654 520 Qui
682 468 830 520 quidem
858 466 904 505 ab
930 481 974 506 ea
1002 467 1062 506 ubi
1091 467 1313 507 habitabant
1337 467 1496 521 regione
1522 481 1665 521 cogno-

140 536 277 576 minari
309 535 496 575 solebant.
569 534 895 588 Quemadmodum
931 547 1014 572 cum
1050 534 1148 573 filiae
1185 533 1312 574 lethro
1347 535 1498 574 allatam
1531 534 1604 575 sibi
1643 549 1665 574 a

139 602 281 658 Moyse
307 617 414 657 opem
439 602 587 656 parenti
612 600 900 649 renuntiarent,
933 608 1212 653 narrarentque
1238 602 1403 655 depulsis
1429 616 1449 641 a
1470 616 1511 641 sc
1537 609 1666 656 pasto—

140 671 246 710 ribus
267 684 358 710 suos
382 670 485 709 illum
506 681 645 722 greges
667 668 893 719 adaquasse,
929 666 1015 717 hoc,
1047 666 1217 720 inquam,
1252 682 1335 707 cum
1359 669 1507 708 domum
1532 683 1666 710 rever-

141 751 207 778 sae
235 737 379 792 parenti
405 736 615 783 dixissent,
648 733 868 773 sciscitante
891 733 1066 772 nimirum
1095 748 1165 783 eo,
1213 737 1289 773 Cm·
1307 737 1414 773 hodie
1437 739 1585 775 vendetis
1606 752 1666 775 ve-

142 808 258 844 locius
281 807 388 843 solito
402 809 420 841 ?
449 801 752 856 responderunt,
788 804 853 838 Va'r
874 804 1087 851 Aegyptius
1109 803 1281 839 liberavit
1300 817 1367 840 nos
1393 805 1436 840 tle
1461 817 1571 841 malm
1590 818 1661 855 pa·
1680 810 1771 838 Exod.
1786 811 1865 840 219.

140 881 295 920 storum,
329 875 478 921 insuper
499 876 534 907 et
551 871 677 906 hausit
693 882 838 918 aquam,
868 876 1067 919 potumque
1088 871 1190 906 dedit
1206 869 1333 906 ovibus
1353 872 1504 907 nostris.
1570 868 1659 910 Sta-

142 940 282 993 timque
307 938 403 978 dixit
425 936 514 984 illiS,
549 938 626 973 Cm'
647 949 718 973 non
741 937 813 973 lnce
839 937 942 973 illam
966 938 1189 982 adduxistis,
1222 944 1263 974 ut
1282 939 1487 974 comederet
1502 951 1633 987 panem
1647 943 1666 976 ?

143 1005 241 1059 Quis
271 1012 394 1045 autem
427 1001 549 1042 nescit
579 1001 754 1041 Amrami
786 1009 823 1041 et
857 1000 1082 1042 iochabetae
1120 1003 1233 1042 filium
1267 1003 1445 1043 extitisse
1476 1002 1662 1058 Moysen,

142 1075 364 1114 Amramum
389 1068 547 1118 Caathi,
593 1066 780 1109 Caathum
809 1067 933 1118 Levi,
977 1069 1077 1109 hunc
1102 1068 1252 1119 lacobi,
1295 1070 1401 1110 cuius
1426 1077 1534 1124 pater
1558 1069 1665 1111 Isaa-

144 1155 233 1190 cus,
275 1137 396 1179 lsaaci
421 1136 665 1176 Abrahamus
692 1136 830 1176 suerit?
887 1135 1027 1190 Neque
1054 1144 1204 1188 tamen,
1246 1152 1314 1191 pro
1339 1151 1385 1176 eo
1409 1139 1506 1191 quod
1531 1138 1664 1194 Aegy-

144 1208 240 1263 ptius
275 1204 460 1258 apellatur
490 1202 675 1258 Moyses,
716 1204 802 1243 ideo
838 1204 1047 1244 nobilitatis
1081 1205 1181 1244 illius
1214 1219 1258 1244 ac
1288 1205 1418 1257 stirpis
1450 1212 1510 1245 est
1539 1207 1663 1246 series

143 1274 326 1314 extincta.
378 1270 462 1311 Hoc
483 1270 599 1323 igitur
621 1272 732 1311 modo
754 1271 915 1312 Ebiouis
940 1271 1129 1325 discipuli,
1157 1272 1264 1312 velut
1285 1272 1511 1312 aberrantes
1533 1287 1578 1313 ac
1599 1274 1664 1313 de-

140 1341 215 1391 vii,
255 1340 384 1380 varias
409 1353 450 1378 se
476 1339 514 1378 iu
536 1339 716 1392 ambages
740 1353 783 1378 ac
806 1340 929 1379 flexus
950 1339 1185 1393 abruptaque
1209 1339 1346 1379 itinera
1371 1340 1660 1381 commiserunt.

250 1407 407 1447 Atenim
430 1406 760 1446 circumcisionem
787 1420 876 1460 prae
901 1420 942 1446 se
967 1408 1116 1455 ferunt,
1149 1420 1270 1460 caque
1294 1420 1335 1446 re
1360 1408 1559 1461 plurimum
1579 1409 1660 1462 glo·
1709 1418 1787 1460 (lap.

139 1475 310 1525 riantur,
354 1481 486 1528 utpote
512 1488 623 1527 quam
648 1473 972 1527 patriarcharum,
1014 1473 1251 1528 aliorumque
1278 1474 1339 1528 qui
1367 1475 1462 1528 legis
1488 1483 1658 1530 tempore
1683 1462 1808 1495 XXVI.

139 1543 277 1583 vixere
298 1542 510 1592 iustorum,
551 1548 678 1580 notam
704 1555 748 1580 ac
771 1541 920 1594 signum
945 1541 1124 1580 extitisse
1151 1549 1306 1595 putent,
1352 1557 1425 1595 quo
1454 1543 1566 1582 etiam
1593 1558 1661 1583 no—

140 1611 242 1651 mine
266 1610 469 1663 adaequari
493 1623 534 1649 se
555 1623 637 1648 cum
662 1608 735 1647 illis
757 1608 1007 1657 arbitrantur,
1034 1609 1204 1662 adeoque
1225 1606 1369 1649 Christi
1390 1610 1508 1663 ipsius
1530 1625 1661 1650 exem-

142 1678 242 1732 plum
265 1678 308 1717 ad
329 1677 430 1717 illam
451 1676 768 1730 comprobandam
789 1676 1094 1724 accommodant,
1120 1683 1159 1715 ut
1180 1682 1217 1715 et
1237 1674 1476 1716 Cerinthiani
1501 1678 1658 1718 faciunt.

143 1744 315 1797 Quorum
339 1744 576 1798 ineptissime
598 1743 920 1782 accommodatam
943 1742 1044 1782 illam
1068 1743 1296 1783 senteutiam
1321 1751 1526 1798 usurpant:
1568 1748 1658 1798 Suj-
1676 1764 1786 1792 Mam„

130 1815 224 1864 ficit
241 1814 441 1864 discipulo,
475 1815 512 1850 si
527 1814 577 1850 sit
594 1814 693 1849 sicut
713 1814 888 1861 magister
909 1814 1000 1849 eius.
1065 1807 1243 1850 Christus
1266 1811 1365 1850 enim
1379 1843 1388 1861 ,
1423 1811 1552 1861 aiunt,
1585 1812 1659 1852 cir-
1682 1799 1722 1832 ¹⁰2
1742 1799 1784 1826 ²⁴'

143 1880 332 1919 cumcisus
370 1886 451 1919 est:
500 1886 538 1918 tu
572 1878 687 1932 igitur
724 1878 1019 1918 circumciditor.
1088 1878 1217 1932 Atque
1257 1886 1297 1918 ut
1331 1879 1476 1918 erroris
1512 1880 1660 1920 semina

142 1961 280 2001 magno
313 1961 397 1986 cum
427 1947 577 1986 illorum
612 1946 754 1999 pudore
790 1945 1062 1999 profligentur,
1113 1960 1189 1985 non
1222 1959 1334 1985 secus
1368 1960 1412 1986 ac
1448 1948 1658 1986 fraenando

140 2014 235 2054 mari
263 2014 365 2054 velut
389 2014 569 2068 repagula
595 2013 777 2066 quaedam
803 2027 846 2052 ac
875 2019 1027 2066 portae,
1072 2026 1274 2053 arenarum
1304 2028 1325 2053 a
1350 2014 1420 2053 deo
1445 2014 1566 2054 moles
1593 2015 1660 2054 ob-

141 2082 240 2121 iecta
262 2088 336 2132 est,
369 2081 615 2134 eiusdemque
639 2081 854 2120 mandatum
872 2080 1110 2120 istiusmodi:
1144 2084 1342 2133 Hucusque
1363 2085 1495 2129 venies,
1531 2090 1568 2120 et
1584 2097 1656 2121 non
1676 2095 1787 2131 tob.3ss‚
1803 2098 1841 2124 11.

134 2152 312 2201 procedes
337 2151 515 2201 amplms5
556 2151 621 2186 sed
649 2151 685 2186 in
716 2156 750 2186 te
775 2149 1058 2200 confringentur
1073 2150 1221 2201 fluctus
1251 2152 1326 2195 tui,
1373 2149 1427 2188 ait
1450 2149 1655 2204 scriptura,

141 2216 197 2256 sic
220 2215 332 2256 etiam
357 2216 442 2257 illi
432 2231 471 2256 in
494 2214 722 2269 semetipsos
744 2215 881 2269 relapsi
903 2215 1054 2269 penitus
1074 2222 1363 2256 consumentur.
1415 2215 1655 2270 Quamquam

141 2283 212 2323 hoe
236 2283 422 2334 interest,
465 2283 563 2337 quod
587 2282 662 2323 illic
687 2282 732 2322 ad
756 2283 966 2322 coercenda
988 2283 1109 2322 maria
1132 2282 1260 2323 divino
1285 2283 1445 2336 imperio
1470 2284 1656 2325 terminus

139 2350 204 2390 ille
227 2351 457 2392 constitutus
482 2357 564 2400 est,
607 2350 666 2390 hic
691 2355 816 2389 autem
839 2349 920 2404 ipsa
941 2363 1010 2404 per
1033 2363 1121 2390 sese
1142 2350 1333 2403 nequitia,
1376 2357 1490 2403 atque
1513 2365 1655 2392 excae-

140 2425 248 2457 catae
270 2419 409 2459 mentis
434 2432 545 2458 error
567 2431 588 2456 a
613 2430 731 2457 sensu
753 2415 905 2471 pietatis
927 2418 1138 2458 adhorrens
1159 2417 1425 2458 infelicissima
1445 2418 1524 2469 illa,
1558 2433 1654 2473 quae

140 2492 229 2525 ante
249 2485 491 2540 protulimus,
521 2485 699 2537 dogmata
716 2484 819 2524 velut
841 2485 1022 2538 quosdam
1044 2486 1081 2525 in
1102 2499 1143 2525 se
1166 2485 1301 2525 fluctus
1323 2484 1509 2525 excitavit
1530 2487 1650 2540 prius,

140 2566 184 2592 ac
209 2552 411 2592 contrariis
437 2552 611 2592 fluctibus
636 2551 762 2601 illisit,
805 2559 843 2591 ct
865 2552 1110 2607 semetipsum
1136 2552 1173 2592 in
1199 2566 1242 2592 se
1264 2566 1476 2593 conversus
1500 2555 1653 2594 confra-

139 2627 299 2674 ctusque
328 2620 541 2674 dissipavit.
602 2619 682 2658 Aut
711 2627 746 2658 ut
775 2620 943 2660 exitialis
970 2634 1131 2673 serpens
1162 2633 1249 2659 sese
1278 2620 1485 2660 conficiens
1510 2621 1648 2675 ipsum,

139 2694 178 2727 et
195 2701 217 2727 a
239 2688 358 2728 cauda
378 2687 567 2741 replicans
589 2701 633 2726 ac
653 2686 858 2727 revolvens
877 2701 985 2727 suum
1008 2701 1146 2742 corpus
1168 2687 1294 2727 adedit
1314 2693 1350 2726 et
1370 2687 1548 2728 absumit.
1608 2686 1651 2729 ld

140 2784 275 2830 ψάμμον
303 2790 409 2828 reliqui
439 2790 497 2819 mei
528 2790 605 2819 libri.
660 2789 877 2827 Reponendum
921 2795 988 2820 tum
1014 2794 1082 2825 est,
1108 2788 1309 2831 claustraque
1338 2799 1376 2819 ae
1399 2794 1513 2830 poitae
1534 2800 1650 2820 arenae

139 2835 276 2884 suspicor
291 2831 442 2874 καὸάπερ
459 2831 633 2883 χαλινέςΙ..
607 2844 624 2851 -
653 2833 682 2864 23.
701 2831 738 2864 ἐκ
757 2832 787 2866 2.
804 2844 870 2873 ορι-
915 2833 1087 2871 terminus
1125 2840 1158 2864 et
1183 2839 1390 2885 praeceptum
1413 2833 1477 2864 hoc
1499 2837 1563 2865 cett.
1575 2858 1585 2874 ,
1618 2839 1651 2865 ut

141 2871 267 2914 &sig
250 2873 274 2919 η’
294 2879 350 2910 κλε
355 2878 434 2919 ῐὲρα
450 2890 480 2910 κ.
499 2888 531 2910 π.
552 2875 689 2919 ψάμμος
709 2873 759 2917 ‘o'pt
762 2888 793 2909 ον
815 2876 872 2910 καὶ
916 2877 973 2911 καὶ
989 2879 1127 2920 >emim
1146 2877 1202 2910 καὶ
1218 2875 1317 2911 πύλαι
1335 2874 1502 2920 ψάμμου
1492 2873 1576 2921 ὅριοι
1596 2889 1651 2910 vo-

138 2930 190 2960 πρ.
217 2923 382 2954 Cornarius
394 2925 664 2962 sicinlerpretatus
678 2925 738 2952 est:
756 2933 868 2962 quem-
915 2925 1005 2955 luisse
1028 2925 1179 2955 videatur.

139 2962 313 2997 admodum
336 2967 483 2998 slaenum
505 2966 582 2998 maii
607 2978 644 2998 ex
670 2966 732 2997 deo
755 2966 871 2997 defini-
