2034 3267
439 183 612 214 PANARH
642 183 739 213 ADV.
764 183 984 213 HAERESES
1010 183 1089 214 ΗΒ.
1110 185 1133 214 Ι.
1157 182 1261 215 ΤΟΜ.
1281 184 1304 214 1.
1573 176 1624 214 39

116 260 352 316 perstitionis
381 260 528 300 initium
563 267 621 300 est
651 261 810 310 factum,
845 261 1157 314 quemadmodum
1191 274 1210 300 a
1239 261 1443 301 maioribus
1476 261 1623 316 accepi-

116 341 215 368 mus.
269 327 444 367 Tametsi
467 327 630 366 nondum
657 328 701 367 ad
727 327 931 367 simulacra
955 328 1197 380 caelatosque
1221 328 1378 380 lapides,
1413 335 1478 368 aut.
1502 328 1619 382 ligna,

117 402 182 435 aut
217 401 421 448 argenteas
451 408 663 447 aureasque
699 400 844 433 statuas
875 394 1083 433 alteriusve
1122 396 1302 435 materiae
1335 396 1623 449 superstitiosus

116 462 181 502 ille
207 462 331 501 cultus
354 462 603 509 adhaeserat,
638 473 707 499 nec
731 459 830 498 aliud
857 467 1009 513 praeter
1034 461 1183 500 colores
1215 468 1325 515 atque
1351 463 1491 516 efligies
1522 470 1620 511 erat,

119 530 158 570 in
189 544 261 582 quo
293 528 482 568 hominum
512 533 659 567 mentes
688 540 826 565 novum
854 540 921 579 per
946 540 1032 565 sese
1065 528 1255 579 nequitiae
1279 543 1400 582 genus
1425 531 1621 583 excogita·

116 602 224 646 rent,
258 610 301 636 ac
331 605 465 649 sponte
487 608 556 635 sua
579 593 807 647 proprioque
831 593 945 631 animi
979 606 1023 631 ac
1054 594 1214 633 rationis
1245 596 1384 648 impetu
1412 611 1481 650 pro
1507 597 1623 637 hone-

116 670 215 704 state
238 663 309 703 sibi
334 662 490 703 sceleris
518 659 784 714 turpitudinem
813 659 1089 699 adsciscerent.
1151 657 1230 699 Sed
1264 667 1304 700 ut
1335 662 1380 701 ad
1411 662 1622 704 institutum

117 730 288 779 redeam,
324 728 496 770 Serucbo
519 733 628 767 natus
657 732 714 764 est
731 724 917 775 Nachor3
950 725 996 764 ab
1020 739 1066 764 eo
1089 725 1240 765 Tharra
1262 727 1412 780 genitus
1439 737 1510 769 est.
1559 729 1621 770 Ex

119 812 192 851 quo
220 805 389 852 tempore
423 794 622 835 simulacra
655 792 815 846 primum
846 805 898 831 ex
927 791 1061 845 argilla
1092 792 1297 846 figliuoque
1326 808 1441 848 opere
1470 806 1621 850 reperta

119 873 228 914 suut,
262 864 403 904 artifice
428 860 601 910 Tbarra,
635 859 680 899 ad
705 872 815 912 quem
847 865 904 899 ter
932 858 1033 898 mille
1055 859 1209 898 circiter
1233 867 1271 899 et
1295 866 1551 902 trecentorum
1579 878 1622 903 ac

118 932 272 985 triginta
297 932 451 970 duorum
475 940 660 967 annorum
685 925 806 980 spatio
828 927 872 965 ad
893 939 1012 979 usque
1034 926 1254 966 vicesimam
1282 934 1446 967 aetatem
1472 928 1622 970 humani

120 999 273 1052 generis
296 1005 462 1049 tempora
485 1000 692 1048 propagata
715 1000 818 1033 sunt.
865 992 952 1033 Nec
974 993 1011 1032 in
1038 1000 1142 1033 tanto
1167 994 1360 1034 hominum
1384 1009 1542 1036 numero
1567 997 1625 1036 ul-

121 1067 180 1106 lus
204 1065 321 1104 adhuc
341 1062 437 1101 lilius
461 1068 549 1101 ante
570 1067 763 1115 parentem
788 1060 950 1109 obierat,
981 1061 1046 1100 sed
1072 1061 1341 1114 superstitibus
1365 1062 1507 1103 relictis
1530 1064 1624 1103 libe-

120 1133 174 1173 ris
196 1137 320 1186 patres
345 1142 396 1169 ex
419 1129 488 1169 hac
513 1128 591 1169 vita
612 1128 841 1182 migrabant.
900 1126 1003 1167 Nam
1025 1128 1121 1181 quod
1144 1127 1305 1168 Abelem
1333 1129 1501 1169 obiicere
1522 1131 1625 1184 quis-

120 1200 216 1254 piam
240 1203 385 1251 posset,
419 1210 652 1250 nequaquam
684 1195 868 1250 procedit,
901 1209 984 1235 cum
1009 1195 1042 1235 is
1064 1195 1233 1235 violenta
1257 1203 1379 1236 morte
1404 1205 1626 1252 praereptus

120 1265 247 1305 suerit.
306 1262 563 1317 Posteaquam
600 1276 693 1303 vero
725 1262 878 1303 Tharra
912 1262 1040 1316 figlina
1075 1270 1157 1303 arte
1190 1263 1299 1303 deum
1336 1264 1440 1304 velut
1478 1265 1627 1305 aemulo

120 1332 278 1386 quodam
303 1332 475 1386 opposito
501 1344 713 1385 provocare
736 1330 883 1384 coepit,
917 1330 1066 1383 dignam
1095 1330 1202 1370 factis
1228 1331 1307 1370 suis
1331 1332 1545 1372 mercedem
1568 1345 1628 1372 re-

118 1399 305 1454 portavit,
338 1413 421 1438 cum
447 1405 484 1438 et
504 1398 586 1453 ipse
608 1397 673 1438 filii
696 1398 754 1437 sui
779 1398 923 1437 iactura
948 1396 1118 1437 vicissim
1140 1398 1417 1450 quodammodo
1443 1413 1628 1454 provoca-

118 1473 178 1507 tus
204 1473 276 1506 cst.
341 1464 452 1519 Quod
484 1466 632 1519 quidem
656 1465 715 1505 dei
740 1464 940 1504 consilium
967 1464 1157 1504 admirans
1190 1465 1376 1520 scriptura
1407 1466 1627 1506 nominatim

118 1533 177 1574 his
200 1534 329 1575 verbis
354 1534 569 1588 expressit:
617 1536 667 1572 Ec
698 1541 863 1571 mortuns
892 1539 948 1571 est
966 1535 1099 1571 Arran
1129 1547 1251 1571 coram
1281 1536 1424 1572 learra
1447 1542 1558 1585 patre
1590 1537 1626 1573 z‘tz
1646 1538 1815 1574 Gen.11,2s

120 1609 222 1641 terra
250 1605 455 1641 nativitates
483 1616 584 1640 suae.

246 1669 454 1723 Hucusque
500 1667 679 1722 Scythica
726 1667 907 1721 quaedam
952 1666 1149 1706 successio
1198 1667 1476 1722 appellatioque
1524 1682 1628 1708 mau-
1655 1675 1816 1717 Cap.V1[.

121 1736 184 1776 sit.
245 1736 362 1777 Nulla
389 1751 483 1776 vcro
514 1736 635 1775 adhuc
659 1735 831 1774 haeresis
860 1740 967 1784 erat,
1002 1747 1071 1773 nec
1093 1734 1209 1773 ullum
1242 1735 1342 1774 aliud
1373 1742 1628 1776 commentum

121 1811 276 1859 praeter
296 1804 545 1844 idololatriam
577 1805 800 1856 irrepserat.
860 1800 1004 1842 Postea
1027 1815 1120 1843 vero
1149 1801 1324 1842 infelices
1349 1809 1535 1858 tyrannos
1567 1811 1632 1844 aut

121 1872 451 1926 praestigiatoreS,
485 1871 546 1925 qui
570 1869 890 1910 incantationibus
914 1869 992 1909 suis
1016 1883 1060 1909 ac
1084 1868 1245 1909 fallaciis
1270 1876 1388 1910 totum
1412 1871 1542 1911 orbem
1566 1871 1631 1910 de-

122 1946 320 1993 ceperant,
354 1939 492 1979 divinis
515 1937 722 1978 honoribus
744 1943 1033 1986 consecrarunt,
1068 1950 1277 1990 eorumque
1297 1946 1542 1977 monumenta
1565 1952 1631 1978 ve-

123 2007 246 2047 nerati
276 2014 378 2047 sunt.
441 2005 534 2046 Inde
566 2006 679 2058 longo
709 2011 795 2059 post
823 2011 992 2059 tempore
1016 2001 1223 2044 Saturnum
1257 2011 1295 2044 et
1319 2003 1476 2056 Iovem,
1508 2003 1630 2060 Opem

124 2089 168 2114 ac
191 2072 399 2124 lunonem,
437 2081 688 2126 caeterosque
716 2071 846 2111 horum
876 2071 1066 2121 asseclas,
1100 2078 1177 2111 tum
1199 2071 1408 2113 Acinacem
1430 2070 1632 2113 Sarmatae

125 2139 297 2197 Scythici
329 2143 483 2195 generis
516 2155 583 2196 pro
608 2141 677 2179 deo
704 2140 829 2179 colere
859 2145 1088 2193 coeperunt,
1122 2146 1163 2179 ut
1192 2147 1230 2179 et
1258 2137 1475 2194 Odrysum,
1509 2154 1528 2180 a
1560 2154 1632 2193 quo

127 2209 303 2250 Thraces
329 2208 503 2258 oriundi,
536 2207 776 2260 indidemque
809 2213 847 2246 et
866 2205 1062 2261 Phrygum
1089 2221 1211 2259 genus
1245 2207 1429 2260 originem
1461 2207 1629 2261 accepit3

125 2291 178 2317 ex
201 2292 275 2331 quo
297 2277 409 2316 etiam
433 2275 570 2316 accidit
591 2282 631 2315 ut
654 2289 674 2313 a
693 2273 837 2324 Thera,
870 2274 930 2328 qui
953 2274 990 2313 in
1012 2273 1074 2313 illa
1098 2274 1214 2313 turris
1237 2274 1500 2314 aedificatione
1522 2280 1632 2314 natus

126 2351 208 2394 est,
240 2343 432 2384 Thracum
459 2342 659 2398 appellatio
684 2342 842 2382 deducta
867 2341 929 2381 sit.
992 2339 1185 2395 Deinceps
1209 2355 1340 2381 errore
1365 2341 1401 2381 in
1428 2342 1631 2382 humanum

127 2426 249 2465 genus
276 2412 515 2461 introducto,
549 2411 592 2449 ad
618 2409 720 2448 illum
748 2423 865 2463 usquc
889 2423 997 2462 quem
1024 2409 1217 2462 attigimus
1243 2408 1467 2459 terminum,
1501 2410 1633 2463 depra-

128 2480 277 2520 vatiora
300 2481 337 2518 in
365 2479 445 2519 dies
477 2484 563 2517 sunt
594 2477 767 2517 revoluta
796 2484 981 2530 tempora.
1040 2475 1142 2516 Hinc
1167 2476 1289 2516 omnis
1317 2476 1379 2516 illa
1407 2477 1633 2531 scriptorum

128 2555 242 2601 atque
267 2546 535 2587 historicorum
562 2551 648 2583 nata
672 2544 799 2598 copia,
833 2543 894 2598 qui
919 2544 964 2583 ab
990 2544 1265 2598 Aegyptiorum
1292 2543 1473 2584 fabulosis
1502 2557 1634 2598 super-

129 2614 347 2655 stitionibus
372 2613 550 2652 universa
574 2611 731 2650 mutuati
755 2618 855 2651 sunt.
903 2609 1014 2652 Unde
1039 2618 1077 2650 et
1099 2611 1281 2650 maleficia
1307 2611 1550 2664 magicaeque
1575 2625 1634 2650 ar-

130 2689 188 2723 tes
212 2689 387 2722 exortae.
449 2678 508 2719 Ea
539 2693 652 2733 porro
680 2679 802 2719 omnia
835 2686 910 2718 tum
938 2693 959 2718 a
982 2675 1167 2732 Cecropis
1194 2684 1319 2717 aetate
1342 2678 1523 2719 translata
1548 2685 1635 2717 sunt

174 2794 204 2825 5.
236 2796 279 2825 Αη
299 2796 376 2825 recte
399 2794 471 2823 haec
493 2793 584 2823 verba
604 2792 748 2822 intellexit
771 2795 797 2823 et
812 2793 860 2823 in·
950 2790 980 2823 6.
1006 2789 1234 2831 ἐπικέκληνται
1260 2791 1316 2823 τοῦ
1340 2789 1372 2823 ἐν
1394 2802 1423 2822 τ.
1446 2801 1478 2822 π.
1501 2801 1633 2832 γεγενη-

131 2841 308 2878 tei-prelatus
329 2841 371 2869 est
393 2838 565 2869 Petavius?
611 2837 716 2867 Verte:
740 2835 861 2867 deinde
908 2835 1012 2878 μένου.
1058 2834 1214 2876 περιέστη
1240 2836 1304 2867 cod.
1331 2838 1427 2867 Venet.

131 2893 209 2914 vero
222 2883 394 2914 Acinacem
413 2892 471 2924 pro
485 2881 689 2923 Scytharum,
712 2887 745 2912 et
759 2881 860 2923 Odry-
951 2881 981 2913 Τ.
1005 2877 1137 2923 <peti-(mia
1162 2881 1227 2910 cod.
1252 2882 1349 2911 Venet.

132 2938 200 2958 sum
233 2939 292 2969 pro
316 2927 478 2959 Thracum
502 2932 678 2968 propatore
702 2931 734 2956 et
758 2926 861 2967 gentis
951 2926 982 2957 ὅ.
1009 2925 1205 2967 συγγραφῆς
1227 2923 1315 2957 ἔνὲεν
1337 2924 1393 2958 καὶ
1416 2926 1481 2957 cod.
1508 2927 1600 2956 Vener.

134 2978 265 3003 auctore
284 2973 494 3003 Sauromatae
520 2970 627 3002 colere
653 2977 839 3012 coeperunt.
952 2969 983 3003 9.
1010 2969 1047 3004 δὲ
1070 2971 1136 3001 cod.
1162 2971 1259 3001 Venet.
1282 3010 1285 3013 Ι
