2034 3267
493 151 669 185 PANARH
693 153 773 185 Lm.
792 154 817 185 1.
841 154 944 186 ΤοΜ.
965 155 1004 187 11.
1028 155 1303 188 HAER XXX1.
1572 148 1650 190 373

144 239 264 272 tutum
289 238 369 282 est,
404 238 444 271 ut
466 231 588 272 videri
615 233 920 288 contrectarique
945 240 1090 289 posset.
1153 231 1334 276 Ceterum
1358 248 1446 276 caro
1473 242 1583 276 vetus
1609 235 1650 276 il-

144 299 206 340 lud
229 312 322 353 opus
347 298 406 338 dei
429 305 510 348 est,
544 299 618 339 iam
641 307 716 340 tum
739 300 785 340 ab
807 300 942 341 Adami
966 301 1198 356 temporibus
1220 316 1270 343 ex
1295 303 1408 343 humo
1432 303 1647 354 formatum,

144 380 254 421 quam
278 365 338 406 dei
363 364 534 406 Verbum
560 367 676 408 fuisse
700 368 900 409 verissime
926 367 1090 409 loannes
1112 369 1290 423 prodidit.
1352 369 1406 410 lta
1429 370 1548 426 prima
1566 369 1650 411 illo·

142 449 224 475 rum
253 440 292 474 et.
315 433 577 488 antiquissima
605 433 761 490 Ogdoas
787 435 825 475 in
855 436 1008 476 nihilum
1034 436 1183 477 recidit.
1246 436 1433 490 Quoniam
1464 439 1562 478 enim
1587 439 1652 478 uni

142 501 340 555 eidemque
369 501 576 542 convenire
603 510 854 543 monstratum
880 510 960 553 est,
995 510 1034 543 ut
1059 510 1096 543 et
1120 501 1374 558 Unigenitus,
1408 513 1446 545 et
1467 504 1580 557 Vita,
1615 513 1652 546 et

141 567 314 620 Lumen,
348 576 386 609 et
410 567 612 620 Salvator,
645 577 682 610 et
704 568 905 620 Christus,
939 578 976 610 et
997 569 1070 610 Dei
1095 570 1192 610 filius
1218 579 1335 623 esset,
1369 579 1406 613 et
1427 573 1457 612 is
1480 573 1561 628 ipse
1583 587 1649 614 no-

141 644 221 678 stra
246 651 381 678 caussa
407 651 559 677 earnem
586 638 784 689 indueret,
828 644 908 678 tota
934 638 995 677 illa
1023 634 1215 691 Ogdoadis
1243 638 1364 678 fabula
1391 640 1535 694 dilapsa
1559 655 1648 682 con·

141 705 254 745 cidet.
311 702 394 757 Qua
416 704 585 746 discussa
605 705 822 745 universam
843 719 956 745 ruere
978 705 1120 760 pariter
1143 706 1358 758 dogmatum
1380 706 1529 748 illorum
1549 716 1648 749 stru·

140 779 285 813 cturam
309 785 469 813 necesse
492 779 570 822 est,
604 786 714 826 quam
737 772 789 812 illi
815 772 887 812 sibi
911 772 1015 814 velut
1039 786 1106 827 per
1131 773 1318 813 somnium
1339 774 1560 827 effingentes
1587 790 1647 817 sa-

141 854 226 881 cras
249 841 378 880 literas
404 840 632 894 depravant,
667 840 750 879 dum
776 853 840 880 eas
869 840 914 880 ad
938 848 1202 894 argumentum
1226 855 1334 881 suum
1359 844 1646 885 accommodare

138 909 304 949 student.
364 907 514 948 Deinde
539 921 692 961 sparsas
724 907 910 948 dictiones
939 921 983 948 ac
1011 908 1195 949 vocabula
1221 908 1361 963 passim
1385 916 1537 963 reperta
1569 911 1645 951 col-

137 977 300 1031 ligentes
323 975 368 1015 ab
395 975 522 1016 nativo
543 988 659 1015 sensu
683 981 720 1015 et
741 976 894 1030 proprio
917 978 953 1016 in
977 975 1165 1026 alienum,
1198 983 1239 1016 ut
1262 976 1448 1027 diximus,
1482 991 1550 1032 per
1569 979 1643 1019 vim

140 1045 388 1085 transferunt.
435 1041 759 1095 Quemadmodum
780 1043 804 1083 ii
830 1043 973 1084 faciunt
993 1044 1054 1098 qui
1075 1044 1239 1098 qualibet
1259 1044 1415 1084 materia
1435 1046 1642 1099 proposita,

137 1111 366 1166 depromptis
394 1123 445 1150 ex
470 1109 641 1150 Homero
667 1110 863 1161 versibus,
911 1112 966 1152 sic
993 1126 1075 1152 eam
1101 1118 1267 1152 tractant
1290 1118 1402 1165 atque
1428 1112 1640 1167 expoliunt,

136 1187 177 1220 ut
198 1177 381 1233 imperitis
401 1178 659 1232 persuadeant
678 1179 723 1219 de
744 1180 890 1219 receuti
912 1180 977 1220 illo
999 1194 1068 1220 suo
1091 1186 1317 1234 argumento
1339 1178 1550 1221 Homerum
1572 1182 1644 1223 ista

137 1247 344 1296 cecinisse,
390 1259 433 1286 ac
459 1246 650 1300 plerisque
676 1247 797 1287 series
824 1248 905 1302 ipsa
932 1248 1140 1288 carminum
1164 1262 1207 1287 ac
1231 1254 1434 1288 contextus
1457 1248 1640 1304 imponat,

136 1315 240 1371 quasi
262 1315 356 1355 haec
377 1314 414 1354 in
437 1327 521 1354 eum
543 1314 693 1354 modum
717 1315 858 1355 fuerint
879 1315 924 1356 ab
945 1315 1115 1356 Homero
1135 1316 1295 1370 digesta.
1343 1315 1409 1357 Sic
1427 1316 1489 1356 ille
1511 1317 1641 1358 neseio

135 1384 239 1438 quis,
286 1382 348 1437 qui
375 1380 579 1422 Herculem
607 1382 652 1422 ab
677 1381 897 1438 Eurystheo
924 1385 968 1424 ad
994 1384 1182 1423 infernum
1208 1397 1339 1424 canem
1365 1384 1641 1426 extrahendum

133 1452 290 1492 missum
316 1449 533 1490 Homericis
558 1450 735 1491 versibus
765 1451 815 1491 ita
842 1451 1043 1505 descripsit
1066 1451 1177 1503 (nihii
1203 1451 1302 1492 enim
1328 1453 1493 1508 exempli
1520 1454 1640 1507 gratia

133 1519 306 1575 prohibet
332 1518 404 1558 ista
433 1518 745 1569 commemorari,
790 1532 871 1559 cum
898 1533 966 1573 par
991 1519 1163 1573 idemque
1196 1519 1244 1559 sit
1271 1519 1466 1561 amborum
1491 1521 1639 1562 institu-

133 1588 251 1641 tum):

330 1657 393 1693 Sz'e
423 1657 496 1701 ait,
529 1661 563 1693 et
594 1658 696 1693 tectis
723 1656 987 1706 gemebundum
1018 1658 1180 1694 mansit
1207 1656 1252 1694 ab
1282 1658 1368 1694 altis

329 1725 606 1773 Magnanimum
634 1725 812 1770 Alciden,
835 1723 1025 1776 sactorum
1059 1725 1165 1761 laude
1187 1730 1369 1774 potentem

330 1794 522 1830 Perseidae
551 1793 781 1841 Eurystheus
812 1793 980 1829 Stheneli
1005 1793 1210 1830 clarissima
1235 1794 1394 1843 procles,

328 1861 516 1913 Insernum
547 1867 590 1897 ut
614 1873 765 1910 superas
795 1861 975 1897 custodem
1007 1861 1158 1912 efferret
1188 1862 1224 1897 in
1254 1873 1378 1898 auras.

329 1930 434 1979 Ergo
463 1929 525 1966 ille
555 1929 757 1978 intrepidus
787 1930 951 1981 montani
978 1941 1076 1965 more
1106 1929 1219 1965 leonis

335 1996 428 2034 Urbe
455 2009 566 2033 ruens
597 2002 671 2033 tota
698 1997 808 2033 sociis
838 1995 1094 2033 comitantibus
1124 1995 1222 2042 ibat,-

328 2065 435 2102 Hune
465 2066 608 2101 iuvenes
637 2065 830 2114 miserique
856 2077 959 2101 senes
988 2069 1179 2114 castaeque
1203 2064 1348 2114 puellae

328 2133 523 2170 Dedueunt
550 2133 658 2181 longo
684 2133 843 2181 gemitu,
875 2144 940 2168 eeu
969 2138 1082 2169 morte
1106 2133 1326 2182 propinqua.

333 2201 420 2238 Tum
449 2213 488 2237 se
516 2201 727 2237 Mercurius
756 2201 916 2237 comitem
945 2212 1024 2237 eum
1054 2200 1204 2237 Pallade
1233 2201 1366 2249 iungit,

330 2269 443 2317 Quam
472 2281 543 2306 non
562 2268 736 2319 fraterni
760 2280 866 2305 casus
895 2280 1074 2318 curaeque
1105 2267 1277 2305 latebant.

131 2333 254 2389 Quem
284 2349 361 2375 non
391 2334 598 2390 simplicem
631 2333 858 2388 minimeque
888 2334 1026 2374 malum
1055 2333 1243 2374 homiuem
1272 2348 1408 2375 versus
1437 2334 1499 2374 isti
1531 2333 1631 2374 deci-

129 2404 254 2458 piant,
295 2410 336 2443 ut
365 2416 432 2443 eos
460 2401 772 2456 quemadmodum
801 2401 924 2452 audit,
967 2402 1011 2442 de
1042 2402 1113 2442 hoc
1138 2409 1361 2456 argumento
1391 2401 1436 2443 ab
1463 2400 1630 2443 Homero

129 2471 291 2526 scriptos
318 2471 572 2512 assentiatur?
630 2469 685 2509 At
707 2469 767 2523 qui
791 2468 948 2510 Homeri
971 2469 1136 2511 lectione
1160 2471 1269 2511 tritus
1301 2478 1379 2521 est,
1423 2470 1534 2511 facile
1557 2470 1630 2511 ista

129 2539 342 2590 discernet,
387 2551 456 2578 nec
485 2536 676 2592 ignorabit
700 2536 830 2577 horum
861 2538 995 2592 partim
1026 2538 1071 2578 de
1094 2536 1234 2593 Ulysse
1261 2538 1379 2589 dicta,
1421 2538 1554 2593 partim
1583 2539 1627 2580 de

128 2605 316 2657 Hercule,
361 2605 494 2661 partim
517 2608 562 2646 ad
586 2603 799 2655 Priamum,
841 2606 976 2659 partim
1000 2607 1045 2646 ad
1068 2604 1286 2646 Menelaum
1313 2613 1350 2646 et
1372 2605 1628 2660 Agamemno-

128 2687 214 2714 nem
245 2674 451 2729 pertinere.
513 2671 661 2726 Quibus
687 2672 773 2712 inde
798 2673 989 2714 translatis
1019 2688 1063 2714 ae
1093 2688 1163 2714 suo
1195 2674 1277 2714 loco
1302 2674 1487 2714 restitutis
1509 2682 1626 2715 totum

128 2741 216 2781 illud
243 2755 337 2796 opus
362 2741 560 2781 dissolvet.
622 2738 688 2781 Sic
710 2740 882 2792 omnino,
916 2741 978 2795 qui
1001 2742 1174 2782 veritatis
1198 2741 1368 2795 regulam
1393 2749 1563 2782 neutram
1587 2743 1625 2783 in

131 2831 231 2870 legisse
244 2833 364 2863 videtur
377 2833 497 2871 plenius
513 2828 729 2873 ἐπιγνώσεται
745 2829 802 2872 μὲν
820 2830 861 2864 τὰ
950 2830 980 2864 9.
1011 2834 1067 2864 Vet.
1082 2834 1228 2872 Interpres
1242 2843 1393 2874 praesens
1409 2841 1629 2876 argumentum

133 2872 214 2916 ἔπη,
237 2874 297 2918 τήν
322 2876 360 2910 δὲ
378 2873 533 2910 ὖπόὸεσιν
555 2872 613 2909 οὐκ
634 2873 860 2919 ἐπιγνώσεται.
906 2879 1003 2910 vertit.

173 2922 204 2951 ὅ.
223 2922 459 2961 γεί.Ιηίενρνεε.·
479 2928 510 2953 et
529 2932 785 2964 unumquemque
802 2931 859 2952 suo
952 2922 1000 2953 10.
1027 2919 1044 2956 ὁ
1069 2932 1126 2955 om.
1147 2923 1212 2954 cod.
1236 2923 1305 2955 Ven.

129 2961 212 2996 libro
233 2963 419 2998 reddiderit.

1658 1665 1710 1693 oa.
1728 1669 1758 1695 κ,
1777 1666 1817 1693 ⁷5.

1656 1733 1708 1761 oa.
1727 1735 1761 1766 φ,
1778 1734 1819 1761 26.

1655 1801 1691 1828 11.
1709 1803 1737 1830 τ,
1757 1801 1812 1828 12³.

1654 1869 1688 1896 11.
1706 1860 1737 1901 Ξ,
1754 1869 1810 1896 sce.

1655 1936 1708 1964 oa.
1726 1929 1752 1968 ζ,
1773 1937 1809 1964 15.

1655 2005 1687 2032 u.
1705 2007 1741 2035 ω,
1758 2005 1815 2032 32⁴1.

1651 2073 1703 2101 Od.
1723 2065 1750 2105 λ,
1768 2074 1808 2101 se.

1652 2142 1686 2169 11.
1705 2144 1741 2173 ω,
1757 2142 1813 2177 323,

1652 2210 1703 2238 oa,
1724 2203 1751 2240 λ,
1775 2211 1831 2238 1325.

1651 2279 1683 2307 11.
1706 2272 1737 2314 β,
1755 2280 1811 2307 409.
