2034 3267
469 187 646 219 PANARn
670 187 751 218 Llss.
771 187 795 217 ῐ.
821 185 926 218 ΤοΜ.
945 185 1000 216 111.
1026 183 1292 216 HAER.XL1V.
1563 172 1642 212 703

120 265 285 307 bominis
322 272 455 305 natura
488 273 638 306 constat
667 264 946 321 perfectissime
983 278 1115 304 rursus
1149 262 1369 317 assumpsit.
1439 258 1560 311 Cum,
1602 266 1643 299 ut

121 334 315 388 apostolus
340 334 530 387 loquitur,
572 334 813 384 consederit,
848 332 1174 387 quandoquidem,
1206 335 1305 370 Deus
1330 332 1433 369 illum
1457 330 1643 368 revocavit
1660 335 1735 372 Eph.
1751 335 1777 371 2,
1796 337 1820 362 ϋ.

119 405 169 442 ud
188 405 318 450 vitam,
365 410 402 441 et
423 406 460 441 in
483 403 700 441 coelestibus
722 404 905 448 consedit,
951 400 986 440 id
1012 400 1111 454 quod
1136 399 1246 439 ambo
1269 399 1344 449 illi,
1387 397 1447 451 qui
1473 395 1511 436 in
1533 402 1641 437 veste

120 470 317 525 splendida
345 471 526 525 apostolis
555 470 741 510 videndos
772 483 860 509 sese
892 468 1171 523 praebuerant,
1216 466 1320 507 bisce
1351 465 1481 505 verbis
1514 462 1643 503 testati

120 546 229 580 sunt:
280 542 363 577 l'e're'
393 541 570 586 Galilaei,
617 540 707 590 qnid
734 541 842 576 statis
872 539 1090 588 aspicientes
1119 538 1156 574 in
1190 537 1358 574 coelum?
1416 535 1479 572 Sto
1508 534 1638 579 veniet,
1663 541 1826 574 Aet.1‚11.

120 609 415 659 quemadmodum
446 608 588 645 vidistis
616 620 696 644 enm
727 607 992 644 ascendentem.

234 675 361 728 Atque
387 682 426 714 ut
448 674 571 714 omnis
595 672 662 713 tibi
687 672 976 713 calumniandae
1003 671 1177 712 veritatis
1197 669 1351 710 occasio
1375 668 1641 723 praecludere·
1667 668 1744 710 Cap.
1768 669 1822 698 vt.

121 739 204 794 tur,
238 743 301 783 diu
326 750 411 797 post
433 741 699 782 ascensionem
727 740 867 780 domini
891 747 1046 780 sanctus
1071 739 1132 779 ille
1158 739 1217 778 dei
1239 744 1386 792 martyr
1407 735 1640 791 Stephanus,

121 826 205 852 cum
238 825 260 851 a
293 809 444 851 ludaeis
475 809 661 865 lapidibus
693 808 944 858 obrueretur,
987 807 1040 847 ita
1068 807 1216 847 locutus
1243 812 1322 846 est:
1369 808 1478 844 Video
1504 806 1641 843 coelum
1661 816 1723 840 Act.
1742 813 1767 847 7,
1787 813 1827 840 55.

123 888 305 932 apertum,
340 880 511 930 etstlium
530 880 686 916 hominis
707 884 863 916 stantem
880 891 902 915 α
923 878 1066 915 dextris
1082 878 1219 927 patris,
1254 881 1296 914 nt
1315 873 1538 914 ostenderet
1559 886 1644 912 cor-

122 963 190 1003 pus
214 948 337 1002 ipsum
365 946 609 996 surrexisse,
654 958 746 985 vere
770 944 807 983 in
835 943 1006 999 spiritale
1030 950 1236 993 mutatum,
1281 956 1325 982 ac
1350 956 1433 981 cum
1459 939 1643 995 unigeniti

122 1015 320 1056 divinitate
342 1014 600 1054 coniunctum.
646 1010 757 1065 Quod
780 1011 877 1052 idem
900 1018 1188 1052 sacrosanctum
1209 1010 1246 1050 in
1271 1010 1379 1050 coelo
1400 1023 1538 1063 corpus
1560 1023 1643 1048 cum

121 1085 203 1138 ipsa
229 1082 425 1124 divinitate
449 1088 551 1122 totus
576 1081 670 1120 deus
696 1087 776 1130 est,
820 1087 856 1119 et
885 1093 981 1120 unus
1004 1086 1235 1132 sanctusque
1261 1077 1321 1117 dei
1346 1077 1468 1127 filius,
1512 1077 1556 1117 ad
1581 1090 1645 1130 pa-

123 1152 190 1192 tris
215 1152 388 1191 dextram
416 1149 645 1200 considens,
687 1148 1002 1202 quemadmodum
1034 1154 1107 1187 tam
1132 1145 1261 1187 Marci
1291 1160 1402 1200 quam
1428 1152 1642 1185 ceterorum

123 1219 324 1273 evangelia
350 1224 563 1258 testantur:
606 1220 658 1256 Et
676 1219 842 1255 ascendit
861 1220 897 1255 in
921 1219 1061 1263 coelos,
1096 1223 1134 1254 et
1153 1218 1249 1254 sedit
1271 1217 1308 1253 in
1330 1217 1484 1253 dextera
1502 1215 1638 1265 patris.
1654 1222 1845 1257 Mare.16‚19.

122 1286 178 1328 Ita
203 1294 265 1328 tua
289 1286 352 1327 illa
373 1293 599 1340 tuorumque
624 1284 827 1326 falsissima
849 1283 1042 1325 sententia
1067 1297 1119 1324 ex
1141 1283 1242 1324 omni
1268 1289 1374 1338 parte
1398 1280 1642 1322 convellitur,
1664 1268 1790 1303 Lucan,
1805 1269 1846 1296 ⁵¹·

235 1490 348 1545 Quod
387 1505 479 1532 vero
515 1497 752 1531 mortuorum
783 1490 829 1529 ad
864 1488 1190 1529 resurrectionem
1222 1492 1393 1542 spectat,
1437 1485 1522 1525 audi
1557 1485 1645 1539 quid

122 1559 318 1615 apostolus
344 1559 464 1599 dicat:
501 1562 670 1610 Oportet,
704 1558 849 1611 inquit,
880 1558 1121 1608 corruptibile
1141 1558 1208 1594 hoc
1230 1557 1381 1594 induere
1399 1556 1847 1605 meorruptz‘o-1.cor.15‚53.

122 1643 224 1675 nem,
260 1635 297 1666 et
315 1629 469 1666 mortale
489 1628 556 1665 hoc
576 1629 727 1665 indecere
748 1627 1071 1665 immortalitatem.
1133 1622 1222 1664 Nisi
1243 1622 1342 1663 enim
1365 1622 1464 1676 quod
1487 1621 1647 1661 mortale

124 1703 183 1736 est
205 1694 530 1734 immortalitatem
562 1694 740 1734 indueret
765 1693 990 1747 aliquando,
1038 1699 1076 1732 et
1099 1690 1426 1745 incorruptionem
1458 1690 1556 1744 quod
1588 1695 1648 1729 est

124 1762 394 1817 corruptibile,
428 1776 618 1816 nunqnam
647 1763 691 1802 ad
718 1761 930 1801 obeundam
957 1767 1118 1800 mortem
1144 1758 1371 1799 immortalis
1399 1757 1645 1808 accessisset,

124 1838 165 1871 ut
188 1845 349 1885 corpore
377 1844 446 1871 suo
474 1844 618 1885 poenas
644 1830 903 1885 expenderet,
947 1843 992 1869 ac
1019 1829 1221 1868 defunctus
1244 1827 1357 1868 tertia
1383 1826 1443 1867 die
1469 1838 1648 1878 resurge-

123 1906 205 1950 ret,
239 1906 276 1939 et
299 1913 384 1939 cum
409 1898 608 1939 divinitate
634 1912 704 1939 sua
729 1912 773 1938 ac
796 1897 942 1952 gloriae
966 1897 1171 1951 splendore
1197 1895 1342 1950 pariter
1362 1894 1452 1935 illud
1476 1893 1647 1943 efferret,

125 1974 165 2006 ut
188 1980 238 2006 ex
263 1966 428 2020 benigno
449 1966 514 2007 illo
537 1966 716 2007 convictu
741 1965 1033 2021 praesentiaque
1059 1978 1151 2014 sua,
1195 1978 1307 2018 quam
1331 1962 1440 2003 nobis
1465 1962 1649 2002 hactenus

125 2035 384 2089 impertierat,
419 2048 549 2075 veram
575 2048 681 2090 spem
707 2033 941 2088 solidamque
967 2033 1281 2086 conciperemus,
1316 2045 1400 2072 cum
1425 2043 1513 2070 sese
1537 2028 1647 2069 nobis

125 2103 170 2142 ad
197 2116 279 2142 eam
305 2101 407 2143 vitae
434 2102 804 2156 immortalitatisque
831 2101 1006 2142 fiduciam
1034 2099 1359 2141 corroborandam
1385 2098 1490 2140 velut
1514 2111 1647 2138 exem·

126 2170 207 2224 plar
238 2177 275 2210 et
305 2170 557 2210 arrhabonem
591 2170 845 2225 praebuisset.

239 2237 346 2278 Haec
371 2252 452 2278 cum
478 2238 528 2278 ita
552 2252 639 2279 sese
663 2238 850 2288 habeant,
885 2251 1007 2291 eoque
1028 2251 1048 2277 a
1072 2235 1180 2276 nobis
1207 2233 1318 2274 modo
1341 2234 1529 2288 disputata
1555 2232 1646 2283 sint,
1676 2240 1833 2283 Cap.Vtt.

126 2306 212 2361 quid
239 2306 375 2346 attinet
399 2307 448 2363 in·
460 2306 643 2347 vilissimo
667 2307 730 2346 illo
754 2305 957 2356 crabrone,
992 2318 1103 2359 quem
1126 2317 1311 2358 Zopyrum
1333 2308 1487 2351 vocant,
1520 2300 1648 2355 profli-

126 2374 275 2428 gando,
320 2374 383 2414 vel
412 2374 523 2414 aliter
552 2375 771 2428 occupando
798 2373 953 2428 ingenio
982 2373 1143 2413 haerere
1170 2370 1336 2411 diutius?
1396 2368 1513 2410 Suum
1546 2368 1648 2408 enim

126 2457 194 2497 per
219 2456 306 2483 sese
334 2442 507 2482 aculeum
536 2442 721 2497 perdidit,
765 2456 810 2482 ac
833 2441 1039 2481 confictum
1066 2439 1171 2480 velut
1194 2453 1214 2478 a
1240 2438 1469 2478 circulatore
1493 2436 1645 2490 dogma,

126 2524 198 2550 nec
236 2510 281 2551 ab
319 2510 479 2550 aliorum
515 2509 673 2550 somniis
706 2509 881 2550 diversus
920 2523 1031 2549 error
1065 2507 1213 2548 abunde
1247 2507 1530 2547 demonstratus
1570 2510 1645 2543 est.

126 2576 272 2619 Ferunt
295 2578 394 2618 enim
419 2578 729 2618 molestissimum
751 2577 841 2617 illud
862 2576 1061 2617 crabronis
1082 2588 1220 2629 genus,
1254 2575 1352 2628 quod
1374 2586 1560 2627 zopyrum
1582 2585 1647 2625 ap-

127 2647 289 2701 pellant,
333 2645 466 2686 aculeo
495 2646 656 2699 quodam
683 2651 866 2685 armatum
900 2658 1010 2694 esse,
1054 2649 1246 2683 venenato
1268 2642 1333 2681 illo
1360 2640 1535 2694 quidem,
1580 2639 1645 2679 sed

129 2715 295 2769 exiguo,
330 2713 467 2768 quique
491 2713 585 2753 haud
610 2713 766 2753 multum
789 2713 931 2753 doloris
951 2711 1134 2761 incutiat,
1168 2716 1206 2750 et
1232 2723 1284 2749 ex
1307 2723 1376 2749 suo
1401 2706 1648 2748 nihilominus

128 2795 271 2836 genere
304 2781 354 2822 sit
384 2787 612 2821 venenatus.
674 2780 734 2821 Ac
763 2780 795 2821 si
820 2780 903 2835 quis
926 2780 1025 2820 forte
1050 2777 1331 2836 praetereundo
1354 2775 1521 2816 latebras
1546 2774 1648 2815 illius

131 2849 334 2904 nidumque
360 2849 507 2899 diruat,
542 2862 650 2903 quem
676 2848 777 2889 inter
800 2849 957 2889 frutices
979 2862 1022 2888 ac
1047 2845 1247 2887 densiores
1269 2843 1409 2884 herbas
1430 2842 1505 2883 favi
1525 2841 1649 2883 instar

172 2950 202 2982 2-
227 2947 370 2986 ἀναστὰν
403 2952 468 2984 cod.
495 2952 589 2983 Vatic.
636 2946 769 2984 ἀνιστᾶν
801 2952 870 2982 libre·
959 2950 989 2981 3.
1015 2946 1105 2991 αὐτῷ
1130 2948 1176 2979 ed.
1200 2949 1304 2980 Petav.

127 2997 209 3029 editi.
962 2995 1038 3026 CAP.
1058 2994 1128 3027 vll.
1153 3011 1194 3017 —
1222 2993 1249 3024 l.
1274 2989 1406 3033 τάμνοις
1428 2990 1475 3022 ed.
1494 2991 1592 3030 princ.
