2034 3267
481 139 659 172 PANARn
682 140 764 173 Lm.
785 141 810 173 1.
834 139 940 173 ToM.
961 141 1017 173 111.
1041 139 1171 172 HAER.
1193 139 1314 172 XL1v.
1585 132 1663 172 695

144 233 188 261 ac
220 220 367 271 bonus,
400 218 515 260 alium
552 218 733 274 produxit
766 219 892 260 deum.
958 219 1018 260 Ab
1055 219 1125 260 hoc
1160 218 1340 259 universa
1375 219 1525 259 condita
1558 227 1662 270 sunt,

145 288 291 329 coelum
316 287 496 328 videlicet
521 301 566 327 ac
593 295 717 338 terra,
752 295 956 342 ceteraque
986 301 1083 342 quae
1109 287 1146 327 in
1179 286 1250 327 hoc
1280 287 1421 328 mundo
1452 287 1660 328 cernimus.

145 354 223 397 Sed
250 355 310 395 hic
337 355 491 396 minime
513 355 634 396 bonus
661 355 807 407 evasit,
841 356 999 409 eiusque
1024 369 1138 409 opera
1172 354 1298 395 omnia
1321 369 1398 395 non
1420 355 1517 396 bene
1547 356 1661 407 facta,

144 437 188 463 ac
218 438 286 478 pro
318 424 414 463 mala
447 423 546 463 illius
580 431 706 463 mente
738 430 826 463 sunt
857 423 903 463 ab
934 423 998 463 illo
1032 422 1230 463 fabricata.

256 489 400 531 Verum
427 491 510 545 quis
536 491 600 531 issa
632 491 807 545 dogmata
834 491 1026 545 patienter
1055 491 1206 541 audiat,
1241 504 1312 531 nec
1344 490 1529 531 insaniam
1563 491 1662 531 illam

142 559 269 615 potius
293 566 330 599 et
353 559 556 599 amentiam
583 558 768 598 irrideat?
825 557 987 598 Duobus
1014 557 1152 613 quippe
1183 559 1304 598 modis
1337 559 1406 598 hac
1442 558 1592 612 quidem
1624 559 1663 599 in

142 627 322 682 opinione
344 625 498 666 minime
522 633 780 666 consentanea
801 626 953 666 videtur
973 639 1165 666 asserere.
1212 625 1342 680 ltaque
1366 626 1420 666 sic
1441 626 1543 666 illum
1568 634 1661 667 tam-

141 710 252 750 quam
277 701 517 749 praesentem
540 694 726 748 alloquar.
790 692 863 733 Dic
887 694 992 744 mihi,
1026 694 1140 734 sodes
1166 694 1344 747 Apelles:
1380 694 1450 734 hoc
1474 694 1572 734 enim
1599 695 1663 734 da-

139 763 219 814 his,
260 763 417 818 opinor,
458 769 524 802 aut
554 762 657 802 ilium
691 775 909 816 supremum
945 762 1054 802 deum
1092 763 1217 802 futura
1256 761 1519 812 nescientem,
1563 762 1661 803 bunc

140 845 249 886 quem
274 831 367 870 dicis
398 843 513 884 opera
538 843 606 870 sua
633 830 732 870 male
757 829 990 879 fabricasse,
1024 830 1220 871 effinxisse
1243 831 1377 881 deum,
1411 837 1477 870 aut
1498 845 1581 870 cum
1608 838 1661 870 ta-

137 900 211 939 lem
248 899 329 938 fore
367 905 643 951 cognosceret,
685 897 772 937 ideo
807 897 1061 952 produxisse,
1105 906 1145 938 ut
1182 912 1313 938 eorum
1352 905 1456 938 esset
1491 898 1661 952 ipsorum

139 980 298 1016 caussa,
332 979 428 1020 quae
453 965 549 1005 male
577 972 710 1019 postea
734 964 917 1005 condidit.
980 964 1043 1005 Ex
1067 980 1141 1020 qno
1168 980 1410 1020 consequens
1438 973 1498 1006 est
1526 980 1661 1021 supre-

137 1050 237 1076 mum
261 1034 364 1074 ilium
391 1035 499 1073 deum
535 1033 644 1088 plane
670 1041 884 1074 creatorem
914 1047 1023 1085 esse,
1058 1034 1120 1088 qui
1153 1048 1266 1074 unum
1294 1034 1395 1074 iilum
1429 1035 1657 1089 procrearit,

138 1118 158 1144 a
185 1117 259 1157 quo
280 1101 433 1142 condita
457 1108 546 1142 sunt
569 1101 711 1141 omnia.
757 1099 887 1154 Quare
916 1115 1053 1142 caussa
1077 1101 1152 1142 erit
1179 1101 1293 1142 etiam
1316 1102 1379 1142 ille
1403 1117 1479 1142 non
1509 1103 1571 1156 qui
1596 1116 1659 1142 rcs

137 1177 287 1211 creatas
311 1169 451 1221 edidit,
484 1169 550 1209 sed
578 1183 748 1210 summus
770 1169 852 1224 ipse
879 1169 1065 1210 creatoris
1093 1177 1250 1220 auctor,
1284 1170 1345 1224 qui
1378 1169 1428 1210 sit
1458 1170 1660 1210 universo-

136 1253 218 1280 rum
249 1238 394 1294 opifex.

247 1305 333 1346 Hoc
355 1319 447 1346 vero
471 1306 630 1360 insuper
654 1305 844 1346 affirmas:
878 1306 1084 1361 postremis
1108 1306 1341 1361 temporibus
1366 1306 1522 1347 affuisse
1548 1304 1660 1347 Chri-

134 1382 257 1425 stum,
297 1374 465 1429 supremi
498 1374 674 1414 nimirum
709 1388 753 1414 ac
780 1372 881 1414 Boni
915 1374 973 1414 dei
1005 1374 1143 1424 filium,
1177 1375 1335 1429 eiusque
1367 1374 1538 1429 spiritum
1571 1389 1659 1414 san·

135 1451 251 1494 ctum,
286 1443 333 1482 ad
356 1456 487 1483 eorum
513 1442 688 1482 similiter
714 1442 876 1482 salutem
899 1442 961 1496 qui
985 1443 1029 1482 ad
1057 1441 1175 1496 ipsius
1196 1443 1367 1483 notitiam
1392 1443 1654 1497 pervenirent.

134 1511 312 1552 Eundem
337 1525 452 1565 porro
481 1524 554 1550 non
581 1510 709 1564 speeie
740 1511 964 1565 apparuisse
988 1510 1092 1561 sola,
1127 1511 1194 1551 sed
1219 1525 1356 1552 revera
1379 1525 1534 1551 carnem
1557 1525 1658 1551 sum-

135 1580 283 1636 psisse,
316 1593 391 1619 non
419 1579 464 1618 de
489 1576 616 1618 Maria
640 1585 768 1618 tamen
794 1578 946 1633 virgine
978 1579 1078 1619 illam
1108 1578 1374 1634 expressisse,
1407 1579 1474 1619 sed
1506 1579 1657 1620 tametsi

136 1662 228 1690 vera
253 1661 371 1688 carne
400 1661 444 1687 ac
468 1660 629 1701 corpore
657 1653 761 1686 esset
784 1647 999 1700 praeditus,
1033 1661 1155 1701 neque
1183 1661 1234 1687 ex
1256 1647 1356 1687 virili
1385 1646 1556 1697 semine,
1591 1661 1657 1687 ne-

136 1730 207 1771 que
233 1728 283 1756 ex
308 1715 467 1755 muliere
498 1714 649 1768 virgine
681 1714 753 1754 sibi
784 1715 873 1755 illud
901 1715 1113 1766 ascivisse,
1146 1716 1211 1755 sed
1237 1729 1365 1756 veram
1392 1715 1543 1755 aliunde
1575 1729 1657 1755 car-

134 1798 219 1824 nem
246 1784 316 1824 sibi
338 1796 597 1838 comparasse.
642 1780 755 1836 Quod
779 1783 928 1837 quidem
950 1783 1049 1824 hunc
1069 1784 1107 1824 in
1134 1784 1283 1824 modum
1309 1783 1491 1838 explicat.
1537 1781 1654 1834 Cum,

133 1852 270 1906 inquit,
305 1865 325 1891 e
349 1851 457 1892 coelo
481 1851 659 1905 delapsus
680 1858 785 1891 esset
807 1852 845 1892 in
868 1859 1026 1902 terram,
1061 1866 1197 1907 corpus
1221 1852 1292 1892 sibi
1316 1858 1480 1906 quatuor
1502 1865 1552 1891 ex
1578 1851 1656 1891 ele-

134 1921 273 1960 mentis
298 1919 457 1959 effinxit.
520 1917 664 1959 Verum
691 1933 817 1959 nonne
842 1920 887 1960 ad
910 1920 944 1959 id
971 1920 1085 1960 etiam
1111 1919 1293 1960 festinare
1318 1920 1471 1960 videtur
1492 1919 1581 1970 iste,
1615 1927 1656 1959 ut

133 1987 248 2042 impia
278 1987 360 2028 eius
390 1987 656 2041 scelerataque
685 1988 876 2027 sententia
906 1988 951 2028 ad
976 1995 1150 2028 veterum
1183 1993 1381 2043 poetarum
1414 1986 1653 2028 Graecorum

134 2055 282 2096 somnia
306 2069 348 2095 ac
371 2069 491 2109 nugas
514 2055 764 2096 adscribenda
787 2056 987 2097 videatur?
1025 2055 1170 2097 Eadem
1196 2056 1294 2096 enim
1321 2056 1432 2110 plane
1455 2070 1537 2095 cum
1561 2055 1650 2105 illis,

133 2138 178 2164 ac
207 2123 327 2178 magis
358 2124 472 2164 etiam
506 2123 688 2175 ridicula,
722 2124 921 2178 proponit,
956 2121 1152 2165 Christum
1188 2123 1414 2178 sibimetipsi
1446 2123 1653 2164 fabricasse

134 2206 288 2247 corpus.
352 2190 408 2232 lta
434 2205 454 2232 e
479 2191 583 2231 sicco
609 2192 751 2232 siccum
787 2193 1004 2247 expressit,
1039 2206 1059 2233 e
1090 2193 1217 2232 calore
1244 2192 1427 2241 calidum,
1461 2190 1652 2231 humidum

134 2274 186 2301 ex
215 2260 398 2311 humore,
443 2273 463 2299 e
500 2259 645 2313 frigore
685 2259 877 2314 frigidum.
939 2259 972 2300 E
1009 2261 1144 2314 quibus
1180 2259 1355 2300 omnibus
1387 2260 1550 2299 formato
1581 2258 1654 2299 sibi

1689 496 1765 540 Cap.
1790 497 1828 529 11.

133 2341 318 2382 corpore,
353 2341 445 2367 vere
468 2327 505 2367 in
530 2334 633 2367 terra
656 2328 762 2367 visus
793 2335 873 2379 est,
907 2343 950 2368 ac
979 2328 1202 2369 coelestium
1234 2341 1360 2368 rerum
1386 2327 1496 2367 nobis
1527 2327 1652 2367 scien·
1686 2380 1688 2382 ‚

133 2396 224 2436 tiam
251 2395 493 2450 importavit,
527 2403 568 2435 ut
593 2403 629 2436 et
655 2396 891 2436 conditorem
925 2410 1240 2452 aspernaremur,
1274 2403 1310 2436 ct
1336 2395 1417 2435 eius
1442 2395 1652 2449 abnegare—

133 2478 217 2505 mus
253 2477 392 2518 opera,
423 2464 476 2504 ita
506 2470 544 2503 ut
572 2463 681 2503 nobis
716 2463 805 2503 illud
837 2464 1047 2516 indicaret,
1089 2478 1273 2518 quaenam
1309 2463 1346 2503 in
1379 2463 1499 2504 sacris
1530 2463 1651 2503 literis

132 2533 195 2573 vel
214 2547 235 2572 a
256 2546 298 2572 se
322 2532 404 2586 ipso
427 2531 670 2586 pronuntiata
691 2532 832 2583 forent,
861 2533 924 2573 vel
943 2547 963 2572 a
987 2530 1198 2574 Conditore
1219 2532 1379 2586 prolata.
1444 2528 1509 2571 Sic
1531 2531 1646 2581 enim,

132 2600 205 2652 ait,
247 2600 286 2640 in
325 2599 527 2654 evangelio
564 2599 684 2639 dixit:
731 2603 861 2640 Estote
892 2602 1008 2653 probi
1034 2603 1256 2653 argentarii.
1325 2597 1471 2648 Utere,
1511 2598 1646 2653 inquit,

134 2668 331 2718 omnibus,
374 2681 425 2708 ex
460 2666 651 2721 scriptura
687 2668 821 2721 quavis
857 2668 964 2709 utilia
993 2669 1177 2723 seligens.
1238 2665 1410 2716 Deinde,
1453 2663 1646 2718 Christus,

133 2736 208 2787 ait,
241 2735 487 2790 semetipsum
510 2735 548 2775 in
572 2748 733 2789 corpore
756 2736 802 2776 ad
825 2737 1044 2791 patiendum
1069 2735 1290 2790 supplicium
1323 2734 1481 2785 obtulit,
1514 2748 1557 2775 ac
1587 2748 1648 2776 re-

175 2825 207 2860 3.
232 2823 515 2868 προςγινώσκοντα
538 2827 624 2857 habet
644 2826 709 2857 cod.
731 2827 827 2858 Vatic.
916 2830 1002 2868 1290,
1035 2829 1079 2858 uli
1110 2827 1205 2858 edidit
1227 2827 1391 2865 PelaviuS,
1424 2826 1477 2857 sed
1505 2821 1647 2870 οἷποβησ,

177 2868 206 2903 4.
232 2874 267 2904 In
286 2874 416 2912 exempli
437 2873 605 2903 Schottiani
630 2873 789 2911 maryine,
823 2874 868 2904 bi·
915 2875 996 2905 unde
1029 2873 1145 2904 restitut
1178 2867 1402 2915 ἀποβήσεται,
1443 2872 1523 2911 quod
1556 2874 1647 2904 ettam

132 2918 286 2957 bliopeyae
326 2919 453 2948 cultellis
484 2917 648 2956 paululum
682 2917 868 2957 detruncato,
917 2920 1062 2951 sententia
1083 2918 1227 2956 postulat.

131 2971 192 2994 non
221 2959 331 3007 ἀπέβη
363 2972 400 2994 ex
429 2962 494 2994 cod.
520 2963 666 2993 Vaticano
689 2965 867 2994 annotatum
960 2964 990 2996 5.
1013 2960 1334 3005 δεδημιουργημένων
1358 2963 1428 2994 edic.
1448 2963 1548 3002 princ.
