2034 3267
459 205 635 238 PANARII
661 205 760 237 ADv.
787 206 1008 238 HAEREsES
1032 206 1115 239 Lm.
1133 208 1157 239 1.
1182 207 1286 240 ΤοΜ.
1305 207 1328 238 1.
1598 200 1647 238 73

142 284 291 340 pliciter
311 297 560 338 usurpamus,
594 283 798 337 quemlibet
821 284 929 323 deum
955 283 1137 335 dicimus,
1170 298 1241 324 nec
1264 285 1386 324 minus
1418 297 1501 324 eum
1534 285 1596 338 qui
1627 299 1649 324 a

140 351 318 405 gentibus
342 351 479 391 colitur
503 365 609 404 quam
635 351 696 404 qui
720 364 812 391 vere
834 351 927 390 deus
953 358 1025 391 est.
1087 352 1141 391 At
1167 366 1250 391 cum
1279 348 1322 391 ‘O
1344 349 1439 398 θεὸς
1471 351 1646 403 dicimus,

141 432 228 459 eum
260 417 408 458 scilicet
440 418 686 472 exprimimus
710 418 771 470 qui
795 430 910 456 verus
943 425 980 456 et
1014 426 1072 458 est
1096 426 1134 457 et
1157 433 1243 459 esse
1272 420 1517 473 cognoscitur
1535 419 1644 459 deus.

142 483 351 535 Similiter,
385 499 468 524 cum
500 484 649 534 Homo,
680 483 741 522 vel
767 481 842 522 Hic
867 483 980 522 homo
1004 485 1154 524 dicitur.
1216 484 1296 525 lam
1325 501 1418 526 vero
1439 487 1470 526 si
1494 487 1558 526 lex
1578 487 1649 526 hoc

138 553 252 593 modo
284 559 467 605 concepta
495 552 614 600 foret,
656 552 703 589 Si
729 557 909 588 mortuum
934 553 1151 600 tetzgerilis,
1187 552 1356 593 universi
1383 567 1428 593 ea
1458 554 1650 594 sententia

138 619 576 674 comprehenderentur,
611 616 711 657 etad
735 629 868 655 omnes
893 624 1063 656 mortuos
1087 618 1200 658 dictio
1224 620 1283 658 illa
1308 628 1512 673 spectaret.
1569 618 1647 662 Sed

137 701 221 726 cum
246 687 298 726 ita
318 686 499 740 scriptum
520 684 583 735 sit,
616 686 664 722 Si
680 685 761 734 quis
783 685 880 720 hune
901 691 1081 722 mortuum
1106 689 1284 735 teng-erit,
1312 687 1358 726 ad
1381 702 1494 727 uuum
1517 702 1647 742 quem-

137 754 235 808 piam
259 753 396 793 referri
420 752 545 800 debet,
571 749 744 789 nimirum
771 749 979 800 dominum,
1007 758 1048 790 ut
1067 751 1176 791 initio
1200 752 1430 793 declaratum
1454 762 1526 794 est.
1561 755 1647 796 Hoc

138 834 231 860 vero
263 820 327 860 lex
363 819 487 873 specie
516 816 674 870 quadam
708 815 935 869 aenigmatis
971 825 1127 871 propter
1157 832 1225 858 eos
1257 819 1354 859 dixit
1394 822 1455 874 qui
1491 820 1647 862 Christo

139 901 273 927 manus
299 884 474 926 iniecturi
493 890 626 932 erant,
669 890 707 922 et
738 883 776 922 in
808 897 959 923 crucem
983 884 1193 936 sublaturi3
1226 887 1406 926 videlieet
1427 888 1647 941 expiatione

138 968 232 1008 opus
266 954 340 994 illis
371 964 480 1000 esse,
525 950 645 989 donec
677 949 770 1004 ipsis
799 950 880 989 dies
906 951 1076 1001 occidat,
1119 966 1163 992 ac
1190 967 1290 993 nova
1320 953 1388 993 lux
1414 968 1482 1008 per
1506 956 1647 1009 baptis-

138 1036 237 1061 mum
263 1034 306 1060 ac
331 1017 470 1058 lavacri
497 1017 831 1070 regenerationem
858 1018 1018 1058 oriatur.
1083 1016 1204 1059 Cuius
1228 1020 1303 1059 mei
1334 1021 1423 1060 dicti
1448 1022 1555 1062 fidem
1583 1037 1647 1062 eo—

137 1090 220 1128 dem
241 1087 279 1127 in
301 1087 383 1126 loco
405 1082 542 1123 Petrus
570 1084 746 1134 adstruit,
781 1085 866 1124 dum
892 1084 1175 1140 Hierosolymis
1201 1085 1397 1127 lsrae'litas
1424 1088 1644 1142 alloquitur,

137 1155 199 1209 qui
225 1168 266 1193 se
287 1153 645 1204 interrogaverunt,
691 1154 787 1201 Quid
801 1154 1012 1203 faciemus?
1043 1161 1246 1207 propterea
1274 1156 1369 1208 quod
1393 1155 1456 1195 ille
1478 1156 1646 1207 dixerat,

137 1226 244 1272 Quem
269 1234 331 1258 vos
354 1222 390 1257 in
413 1233 523 1256 eruce
547 1220 749 1270 suffixistis
771 1223 891 1258 Iesum
914 1227 1005 1260 cett.
1065 1219 1241 1275 Moxque
1267 1223 1331 1262 ubi
1358 1236 1408 1262 ex
1431 1223 1557 1263 animo
1583 1224 1649 1263 do-

134 1290 254 1330 lentes
278 1285 563 1334 animadvertit,
596 1288 871 1334 poenitentiam,
906 1287 1042 1340 inquit,
1075 1292 1197 1339 agite,
1242 1298 1280 1328 et
1302 1292 1512 1342 baptizetur
1532 1305 1645 1330 unus·
1663 1305 1725 1332 Act.
1743 1306 1770 1339 2,
1788 1305 1829 1331 38.

131 1359 285 1409 quisque
309 1357 346 1392 in
367 1356 511 1392 nomine
536 1356 619 1391 Iesu
647 1355 790 1393 Christi
809 1357 950 1393 domiui
968 1359 1101 1403 noslri,
1135 1364 1172 1394 el
1189 1361 1424 1396 remittentur
1446 1359 1545 1396 vobis
1562 1374 1648 1410 pec-

130 1431 227 1469 cata,
261 1429 299 1460 et
319 1430 392 1460 tum
413 1423 568 1472 spiritus
584 1424 708 1459 sancte·
725 1424 856 1460 donum
882 1426 1084 1473 accz'ln'etelc.
1139 1422 1197 1463 De
1221 1439 1295 1477 quo
1320 1425 1469 1478 quidem
1496 1433 1647 1466 mortuo

130 1489 248 1530 verba
276 1488 373 1542 legis
402 1487 621 1541 accipienda
648 1495 750 1527 sunt.
814 1489 867 1528 At
888 1489 1037 1542 quoties
1061 1490 1104 1529 de
1133 1490 1207 1530 alio
1233 1493 1393 1545 quodam
1418 1499 1568 1533 mortuo
1591 1493 1647 1533 lo-

130 1557 279 1612 quitur,
313 1557 425 1595 aliter
448 1555 675 1609 concipitur.
738 1554 803 1595 Sic
837 1558 934 1595 enim
961 1556 1036 1596 ait:
1079 1560 1126 1596 Si
1149 1562 1343 1597 trauszerit
1363 1568 1551 1607 mortuus,
1586 1576 1647 1599 oe-

130 1627 267 1663 eludite
300 1627 430 1662 ianuas
453 1637 496 1661 ac
521 1624 728 1674 fenestras,
762 1638 808 1661 ne
831 1626 957 1662 (lomus
981 1628 1208 1676 inquinetur.
1272 1624 1394 1679 Quasi
1424 1627 1468 1666 de
1498 1628 1646 1681 peccati

131 1691 324 1732 auditione
359 1690 525 1740 diceret,
572 1688 614 1730 Si
650 1690 794 1744 peccati
826 1704 960 1730 vocem
992 1692 1182 1742 audieris,
1227 1701 1292 1733 aut
1323 1693 1482 1734 alicuius
1519 1695 1645 1735 delicti

130 1759 320 1813 speciem,
358 1758 507 1797 oculum
534 1764 635 1797 tuum
665 1757 710 1796 ab
733 1771 777 1796 ea
801 1758 1005 1812 cupiditate
1027 1759 1185 1809 claude,
1220 1774 1290 1800 nec
1315 1775 1391 1800 non
1413 1769 1452 1801 et
1475 1775 1517 1802 os
1541 1769 1645 1802 tuum

130 1841 150 1866 a
179 1826 380 1866 maledicto
403 1832 442 1864 et
464 1838 576 1864 aures
600 1824 645 1864 ab
672 1825 799 1864 auditu
825 1826 1009 1865 nefandae
1032 1826 1104 1876 rei,
1139 1841 1187 1867 ne
1213 1829 1346 1868 domus
1371 1827 1538 1881 integra,
1573 1829 1645 1870 hoc

129 1901 188 1934 est
210 1893 336 1933 anima
359 1907 441 1933 cum
466 1905 627 1946 corpore
651 1892 849 1932 moriatur.
897 1890 1020 1945 Quam
1047 1894 1093 1933 ob
1121 1908 1295 1935 caussam
1322 1896 1505 1950 propheta
1531 1897 1642 1948 dixit,

127 1964 174 2000 Si
195 1975 292 1999 mors
314 1975 383 2012 per
404 1962 589 2011 fenestras
612 1962 830 1998 ascenderit.
891 1958 984 2000 Non
1007 1961 1105 2001 enim
1138 1962 1300 2003 usitatas
1333 1963 1418 2003 illas
1450 1964 1640 2004 fenestras
1659 1977 1741 2004 Hier.
1756 1977 1782 2012 9,
1801 1978 1843 2004 21.

127 2027 318 2082 intelligit.
380 2027 535 2080 Alioqui
567 2027 745 2066 fenestris
771 2026 936 2067 occlusis
960 2042 1160 2085 ,nunquam
1193 2044 1262 2070 nos
1290 2031 1431 2070 lethum
1456 2032 1644 2086 opprime-

125 2103 200 2135 ret.
253 2094 396 2134 Verum
420 2094 512 2134 nihil
538 2094 637 2134 aliud
662 2095 854 2134 fenestrae
880 2102 969 2134 sunt
994 2109 1104 2148 quam
1129 2098 1302 2151 corporis
1323 2112 1484 2149 sensus,
1517 2098 1639 2150 visus,

127 2163 299 2212 anditus,
343 2176 411 2216 per
435 2177 529 2216 quos
551 2161 583 2201 si
607 2174 833 2215 peccemuS,
867 2176 969 2201 mors
998 2163 1098 2203 intra
1122 2178 1198 2204 nos*
1219 2164 1449 2217 ingreditur.
1509 2165 1644 2206 Enim-

126 2245 221 2271 vero
250 2228 387 2284 loseph
426 2228 609 2269 lsra'e‘lem
647 2228 821 2281 sepeliit,
865 2243 936 2268 nec
962 2230 1172 2271 detestatus
1204 2239 1286 2282 est,
1330 2233 1406 2272 imo
1437 2240 1524 2286 post
1555 2235 1641 2288 ejus

127 2304 289 2338 mortem
313 2297 351 2337 in
386 2297 522 2337 faciem
546 2295 799 2350 procumbens
822 2297 1069 2337 exosculatus
1098 2305 1171 2338 est.
1233 2297 1373 2352 Neque
1399 2307 1523 2340 tamen
1546 2301 1642 2340 scri-

127 2372 230 2420 ptum
253 2372 313 2405 est
338 2364 519 2419 expiandi
550 2377 592 2403 se
623 2363 746 2416 gratia
776 2363 896 2417 ipsum
931 2364 1114 2405 abluisse.
1172 2364 1385 2407 Praeterea
1407 2365 1534 2408 Mosis
1555 2382 1641 2408 cor-

126 2446 218 2487 pus,
253 2431 567 2486 quemadmodum
600 2444 621 2470 a
644 2430 852 2470 maioribus
874 2432 1091 2486 accepimus
1113 2433 1159 2472 ab
1181 2433 1328 2486 angelis
1350 2434 1536 2487 sepultum
1562 2443 1636 2486 est,

123 2513 248 2553 neque
266 2499 320 2539 illi
346 2506 473 2539 tamen
497 2497 563 2537 loti
587 2504 698 2548 sunt,
730 2511 773 2537 ac
799 2511 847 2538 ne
869 2499 1000 2552 polluti
1020 2499 1169 2553 quidem
1191 2501 1314 2541 sancti
1339 2501 1438 2542 illius
1464 2503 1637 2557 corporis

124 2573 283 2606 attactu.

235 2631 390 2674 Vereor
425 2646 472 2672 ne
502 2633 542 2671 in
576 2632 646 2672 hac
682 2631 924 2674 dissolvenda
958 2635 1183 2688 quaestione
1216 2635 1359 2675 nullum
1391 2636 1538 2676 exitum
1577 2636 1636 2676 in-

122 2700 255 2741 veniat
296 2700 434 2740 oratio.
506 2697 585 2739 Sed
618 2712 668 2738 ex
711 2713 787 2739 una
822 2700 994 2741 alterave
1031 2702 1178 2742 ratione
1214 2702 1368 2756 sapiens
1403 2703 1442 2743 in
1484 2704 1637 2745 domino

124 2775 259 2808 contra
293 2766 537 2808 adversarios
570 2766 795 2807 instruetur.
856 2766 919 2808 Ad
946 2768 1040 2809 haec
1067 2769 1112 2809 de
1146 2769 1283 2823 spiritu
1316 2778 1473 2822 sancto,
1514 2773 1638 2825 quoad

121 2887 176 2928 38,
189 2888 221 2922 6.
254 2889 427 2932 ,ἐπιφέρει
446 2890 484 2924 δὲ
505 2887 564 2931 τήν
589 2885 691 2942 ὀργήν
714 2885 784 2921 κατ’
800 2884 856 2922 ἄν·
902 2886 1024 2933 ὄργῆ.“
1074 2894 1241 2925 Carnarius
1260 2895 1366 2925 vertit.-
1390 2900 1450 2933 ‚‚ut
1471 2894 1575 2926 discat
1595 2895 1635 2926 de

124 2932 286 2974 ξδρωπον“,
320 2939 348 2966 et
376 2937 474 2975 paulo
502 2938 593 2966 antea
625 2945 672 2975 »η
694 2931 756 2975 γὰρ
778 2931 854 2966 καξῗ
900 2935 1034 2969 domino
1068 2936 1157 2970 iuxta
1196 2937 1354 2970 rationem
1394 2951 1454 2982 per
1501 2946 1634 2972 contra—

126 2975 260 3012 ἕκαστον
292 2979 356 3012 τῶν
386 2977 638 3022 ἁμαρτανόντων
664 2976 753 3019 παρὰ
775 2979 852 3012 5εοῦ
897 2980 1016 3014 rium.“

1678 2246 1752 2274 Gen.
1766 2247 1807 2274 50.

1667 2515 1756 2543 Deut.
1773 2515 1816 2542 34.

1672 2640 1749 2683 Cap.
1766 2641 1804 2671 V.
