2034 3267
520 163 697 195 PANAssn
718 163 799 195 Liss.
819 164 841 195 1.
865 163 970 196 ToM.
993 164 1046 196 111.
1073 163 1199 195 HAER.
1218 164 1291 195 XL.
1583 155 1660 195 543

147 241 460 291 concitabantur,
508 256 551 282 ac
582 256 657 282 11011
688 242 774 283 11160
807 242 905 296 quod
938 242 1084 283 Abelus
1118 244 1189 283 deo
1221 249 1324 283 esset
1354 242 1569 297 acceptior,
1611 243 1663 283 uti

147 323 235 350 sese
266 322 329 349 res
361 309 497 361 habet,
542 311 609 350 sed
641 324 742 351 novo
769 311 930 364 quodam
959 310 1157 350 mendacio
1181 311 1383 351 veritatem
1408 310 1661 351 dissimulant.

145 376 294 417 Ambos
316 377 415 416 enim
436 378 541 417 aiunt
563 377 708 418 sororis
730 392 861 418 amore
882 378 1081 430 flagrasse.
1144 377 1236 418 Ideo
1256 376 1416 419 Cainum
1439 378 1476 418 in
1498 378 1661 418 Abelum

145 443 377 484 concitatum
405 445 525 500 ipsum
551 445 809 486 interemisse.
870 444 971 485 Nam
999 452 1197 499 utrumque
1223 446 1362 485 diaboli
1388 461 1408 486 e
1435 446 1553 500 stirpe
1578 460 1663 500 pro-

146 520 315 552 creatum
350 519 389 552 ut
419 513 608 564 diximus,
651 514 852 554 affirmant.
914 511 999 552 Nec
1031 514 1168 553 desunt
1197 512 1271 553 illis
1299 513 1516 553 testimonia
1542 513 1662 553 sacris

144 592 165 619 6
187 579 309 619 literis
330 581 567 635 deprompta,
596 580 729 634 quibus
750 581 794 620 ad
819 579 1031 620 illudendos
1054 579 1226 620 homines
1247 581 1466 621 abutuntur.
1523 579 1663 622 Cuius-

143 648 243 687 modi
274 648 373 688 istud
406 655 465 688 est
493 649 529 688 in
563 648 636 688 alia
669 662 688 687 a
721 662 780 687 me
807 647 957 688 haeresi
985 655 1345 699 commemoratum,
1388 649 1486 702 quod
1515 647 1662 689 ludaeis

144 715 316 756 salvator
341 716 459 756 dixit:
496 720 566 755 Vos
591 732 638 755 ez·
657 718 799 755 Salona
822 718 931 754 eslzls:
965 722 1024 765 et,
1059 718 1210 765 chcmclo
1235 718 1397 768 loquitur
1419 719 1656 764 mendacium,
1675 726 1862 763 10a11n.i³,44.

143 798 191 822 ex
208 787 373 835 propriis
397 787 580 836 loquitur,
623 787 793 836 quoniam
817 791 857 822 et
870 791 980 835 pater
1003 786 1081 822 eius
1102 786 1259 822 mendam
1280 792 1347 822 est.
1410 782 1461 824 Ut
1484 783 1659 825 nimirum

143 851 333 891 diabolum
364 866 451 892 esse
480 850 643 892 Cainum
673 851 859 901 efficiant,
903 865 954 891 cx
984 864 1031 891 6ο
1063 852 1159 905 quod
1191 851 1354 901 dixerit,
1396 854 1586 891 Homicida
1609 861 1664 891 esf

142 920 188 958 ab
212 922 338 967 initio,
385 926 497 973 atque
523 926 668 974 patrem
695 918 778 958 eius
804 933 892 959 esse
920 918 1109 959 diabolum
1136 919 1361 969 ostendant,
1409 919 1544 959 diaboli
1568 933 1660 960 vero

142 994 286 1040 patrem
309 988 528 1027 mendacem
552 987 655 1026 illum
682 986 912 1041 principem,
945 1001 1055 1040 quem
1078 987 1115 1026 in
1136 993 1246 1041 caput
1264 1001 1373 1027 suum
1397 987 1661 1041 blaspheman-

143 1062 199 1095 tes
222 1056 343 1110 ipsum
366 1068 452 1095 esse
478 1053 648 1095 Sabaoth
671 1054 908 1094 stolidissimi
931 1055 1104 1095 homines
1128 1062 1282 1109 putant,
1316 1055 1413 1109 quod
1439 1070 1577 1095 nomen
1601 1055 1659 1094 dei

142 1123 334 1163 cuiusdam
360 1123 551 1177 proprium
577 1136 664 1163 esse
688 1123 837 1162 volunt.
900 1121 959 1163 De
986 1138 1059 1177 qua
1081 1137 1123 1163 re
1146 1123 1183 1162 in
1207 1123 1467 1178 superioribus
1492 1123 1658 1164 haeresi—

141 1190 211 1231 bus
231 1190 379 1231 abunde
401 1190 701 1245 ‹lisputavimus3
736 1191 797 1230 ubi
818 1197 855 1230 et
878 1188 1047 1231 Sabaoth
1069 1191 1304 1244 aliorumque
1327 1191 1519 1232 nominum
1542 1191 1660 1232 inter-

141 1259 392 1312 pretationem
419 1259 637 1310 attulimus,
673 1258 777 1299 velnt
801 1261 869 1297 Eli
893 1266 931 1298 et
955 1261 1060 1306 Eloi,
1107 1261 1247 1306 Israel,
1291 1261 1473 1307 Sadadai,
1517 1262 1656 1308 Ellion,

138 1327 321 1374 Babboni,
356 1330 420 1374 Ια,
454 1330 623 1374 Adonai,
658 1328 757 1365 labe.
822 1325 929 1380 Quas
958 1327 1108 1381 quidem
1135 1341 1251 1367 voces
1285 1327 1316 1366 si
1342 1334 1446 1367 recte
1471 1327 1661 1382 interpre-

138 1399 286 1444 temur,
330 1393 457 1435 varias
483 1396 527 1435 ad
555 1394 845 1448 praedicandam
871 1394 930 1433 dei
955 1394 1117 1448 gloriam
1143 1395 1414 1449 appellationes
1439 1409 1550 1445 esse,
1585 1410 1659 1435 non

138 1461 211 1516 ipsi
236 1462 421 1502 divinitati
450 1462 724 1516 significandae
746 1462 923 1517 imposita
949 1462 1101 1502 nomina
1127 1462 1338 1503 docuimus.
1400 1463 1460 1503 Ac
1484 1477 1554 1503 nos
1577 1463 1660 1503 illas

137 1528 276 1569 iterum
313 1529 383 1570 hoc
414 1530 500 1571 1060
533 1538 768 1585 repetemus.
831 1529 903 1570 Est
933 1530 1049 1583 igitur
1079 1533 1202 1570 Israel
1228 1530 1354 1581 Deus,
1402 1534 1521 1570 Eloz'm
1553 1530 1659 1571 Deus

139 1611 315 1652 semper,
354 1600 421 1637 Eli
447 1597 555 1638 Deus
585 1612 715 1649 meus,
757 1600 901 1637 Saddai
926 1598 1139 1649 sufficiens,
1179 1600 1346 1638 Rabbom'
1367 1596 1580 1650 Dominus,
1617 1603 1659 1638 Ia

137 1663 351 1716 Dominus,
383 1669 537 1705 Adonai
559 1665 636 1720 Qui
661 1673 720 1706 est
745 1666 942 1716 dominus,
976 1667 1063 1705 labe
1093 1665 1168 1720 Qui
1191 1673 1275 1707 erat
1301 1674 1338 1706 et
1362 1673 1421 1706 est
1445 1673 1483 1706 et
1508 1681 1660 1721 semper

138 1733 294 1784 existit,
328 1734 642 1787 quemadmodum
663 1732 795 1788 Moysi
817 1734 897 1788 ipse
920 1734 1112 1774 declarat:
1148 1737 1221 1785 Qui
1237 1743 1292 1774 est
1314 1738 1415 1774 misit
1433 1750 1488 1774 me
1505 1737 1555 1774 ad
1575 1750 1650 1782 vos,
1676 1748 1800 1783 Exoda,
1820 1750 1859 1775 11.

137 1803 235 1839 dices
255 1804 306 1840 ad
321 1804 428 1849 illos,·
459 1804 584 1841 Ellion
607 1801 848 1841 Altissimum
869 1809 997 1853 sonat,
1024 1803 1187 1841 Sabaoth
1206 1802 1475 1843 Exercituum.
1529 1801 1659 1856 Quare

136 1872 314 1908 Dominus
338 1871 500 1908 Sabaoth
532 1870 629 1909 idem
664 1877 722 1910 est
748 1883 791 1909 ac
815 1868 1003 1910 Dominus
1029 1870 1283 1911 exercituum.
1346 1869 1456 1924 Quae
1482 1885 1561 1911 vox
1584 1875 1658 1910 Do-

136 1940 255 1976 minus
291 1937 377 1977 addi
414 1944 597 1992 perpetuo
634 1938 734 1977 solet
770 1937 995 1991 ubicumque
1031 1937 1201 1979 Sabaoth
1239 1952 1376 1979 nomen
1413 1939 1655 1993 exprimitur.

136 2003 228 2045 Non
260 2005 360 2045 6111111
392 2005 473 2045 sola
501 2003 670 2045 Sabaoth
703 2005 817 2045 dictio
845 2005 1017 2060 ponitur,
1061 2014 1170 2060 puta,
1215 2005 1326 2046 Dixit
1351 2006 1441 2046 mihi
1470 2005 1654 2058 Sabaoth,

135 2080 224 2122 aut,
272 2071 446 2113 Locutus
480 2081 539 2113 est
574 2071 767 2123 Sabaoth,
812 2074 878 2114 sed
914 2074 1040 2114 statim
1077 2075 1318 2128 adiungitur,
1364 2073 1553 2115 Dominus
1585 2073 1657 2115 Sa-

134 2140 265 2180 baoth.
329 2139 386 2181 lta
412 2140 511 2181 enim
540 2140 731 2181 Hebraice
756 2142 962 2196 scriptum,
994 2145 1148 2182 Adonai
1169 2144 1355 2190 Sabaoth,
1390 2143 1460 2182 hoc
1491 2150 1550 2183 est
1579 2141 1655 2182 Do-

134 2207 260 2248 minus
292 2205 478 2249 Sabaoth.

247 2273 324 2316 Sed
352 2290 448 2330 quae
475 2277 669 2331 praeclare
696 2276 851 2318 omnino
879 2278 977 2319 dicta
1001 2286 1112 2330 sunt,
1158 2279 1250 2319 haec
1274 2278 1320 2318 ab
1344 2278 1417 2318 illis
1441 2285 1480 2318 et
1505 2279 1652 2319 illorum
1680 2286 1756 2329 Cap.
1779 2289 1832 2320 VI.

133 2342 321 2384 similibus
345 2345 488 2386 frustra
515 2358 604 2400 prae
629 2345 742 2385 animi
769 2346 955 2387 caecitate
979 2361 1046 2402 per
1069 2346 1292 2387 calumniam
1318 2360 1362 2386 ac
1387 2346 1566 2386 malitiam
1589 2347 1653 2387 de-

132 2419 356 2465 pravantur.
418 2411 572 2452 Etenim
605 2413 774 2453 salvator
804 2421 935 2455 noster
965 2415 1001 2455 in
1034 2429 1080 2456 eo
1111 2429 1221 2469 quem
1254 2415 1299 2454 ad
1329 2412 1492 2454 ludaeos
1524 2415 1653 2455 habuit

131 2492 311 2520 sermone
334 2494 570 2534 nequaquam
599 2481 644 2520 de
671 2481 818 2521 diabolo
846 2482 994 2523 locutus
1021 2491 1103 2533 est,
1148 2491 1187 2522 ut
1210 2496 1321 2522 nemo
1345 2497 1419 2522 non
1444 2490 1574 2536 aperte
1596 2482 1652 2522 vi-

132 2546 195 2586 det
218 2547 282 2600 qui
303 2547 506 2588 inhaerere
528 2548 680 2588 veritati
702 2549 875 2600 studeat,
921 2552 987 2591 sed
1013 2558 1168 2605 propter
1191 2549 1319 2590 ludam
1346 2551 1378 2589 id
1405 2550 1451 2590 ab
1473 2564 1519 2590 eo
1542 2565 1652 2590 usur-

131 2620 257 2668 patum
290 2622 363 2655 est.
424 2615 515 2656 Non
542 2616 640 2655 6111111
665 2615 848 2674 Abraami
875 2618 937 2658 filii
964 2626 1072 2659 erant
1105 2618 1166 2673 qui
1198 2633 1239 2658 se
1266 2626 1466 2672 antequam
1497 2632 1649 2658 carnem

130 2681 308 2723 indueret
329 2684 399 2723 sub
420 2684 483 2724 illa
507 2683 681 2725 Mambre
705 2698 848 2738 quercu
869 2685 957 2726 olim
980 2693 1212 2742 exceperat,
1246 2686 1312 2726 sed
1335 2686 1515 2741 perfidiae
1534 2684 1650 2727 Iudae

134 2749 252 2801 filios,
286 2757 326 2791 ut
348 2751 401 2792 ita
426 2752 567 2803 dicam,
611 2766 682 2792 sua
704 2766 746 2792 se
769 2754 960 2795 sententia
985 2754 1298 2805 declaraverant,
1341 2767 1452 2808 quem
1475 2754 1650 2795 dominus

130 2844 193 2871 rent
216 2839 413 2881 πρόςκειται.
909 2850 1019 2885 parent
1048 2849 1080 2877 in
1111 2847 1180 2877 edic.
1198 2848 1316 2885 prino,
1350 2847 1495 2878 Petavz'us
1524 2855 1561 2877 ex
1584 2847 1648 2878 cod.

175 2887 206 2917 ὅ.
231 2883 256 2928 ἧ
280 2883 316 2920 οὗ
343 2886 439 2929 μόνον
460 2890 591 2928 putabat
613 2890 770 2920 Petavius.
915 2893 1010 2922 Vatic.
1036 2893 1156 2922 adiecit.

174 2930 205 2962 9.
232 2933 331 2963 Verba
358 2929 458 2965 Οὕτω
489 2931 550 2975 γὰρ
580 2929 603 2975 ἡ
632 2930 771 2977 Ἑβραῒς
800 2931 865 2977 <pci-
956 2936 1031 2967 CAP.
1049 2937 1104 2968 VI.
1122 2953 1166 2959 —
1188 2935 1215 2967 1.
1232 2933 1337 2978 μάτην
1357 2938 1477 2968 petavii
1493 2940 1535 2969 est
1550 2946 1649 2969 emen-

131 2985 222 3008 σκει·
243 2974 391 3011 Ἀδωναῒ
411 2977 583 3022 Saetaba,
607 2988 686 3018 quae
705 2989 765 3011 non
784 2989 864 3012 com-
910 2982 1004 3014 datio.
1051 2982 1137 3014 Libri
1158 2982 1267 3014 habent
1291 2979 1375 3023 μετὰ
1398 2979 1469 3024 τὴν.
