2034 3267
487 184 663 216 PANARn
691 184 772 216 [ΑΒ.
793 184 819 217 1.
841 183 945 216 ToM.
966 183 1006 215 11.
1032 181 1159 214 HAER.
1180 181 1299 213 xxx.
1565 173 1645 213 287

136 265 236 305 enim
259 263 347 304 olim
368 262 520 318 aspides
542 263 680 303 fecisse
701 269 874 313 narrant,
899 275 1056 316 quarum
1077 274 1159 301 cum
1180 261 1347 301 inclusae
1368 258 1476 299 doliis
1497 266 1646 309 essent,

135 333 294 372 alteram
320 331 441 371 altera
467 330 681 370 devoravit.
744 330 844 370 Tum
871 343 965 383 quae
989 328 1154 368 ferocior
1175 342 1219 368 ac
1242 326 1433 368 crudelior
1457 334 1540 367 erat
1564 327 1648 367 sola

135 412 339 439 remanens
354 430 363 448 ,
400 405 610 451 enectaque
634 399 749 447 fame,
783 397 948 451 seipsam
971 410 992 436 a
1013 395 1129 435 cauda
1151 395 1335 449 incipiens
1359 394 1536 449 paulatim
1557 408 1649 433 con-

134 466 315 519 sumpsit3
358 465 468 518 idque
492 465 612 519 ipsum
640 464 677 504 in
700 464 879 518 Aegypto
904 462 1109 515 contigisse
1136 477 1157 502 a
1179 461 1391 511 nonnullis,
1433 461 1496 515 qui
1517 462 1562 501 (le
1587 475 1648 500 re-

135 547 217 572 rum
243 540 377 572 natura
403 532 661 585 scripserunt,
694 531 881 584 proditum
907 536 980 570 est.
1041 528 1146 570 Unde
1172 536 1208 568 et
1232 529 1278 568 ob
1305 528 1554 583 Gorgoneum
1581 542 1647 567 ve-

133 600 200 639 luti
226 607 338 654 caput
358 599 693 653 Aspidogorgonis
715 597 850 636 merito
872 597 905 636 ei
930 603 989 635 est
1009 609 1143 635 nomen
1167 596 1397 649 impositum.
1460 594 1648 636 Similiter

133 666 286 721 ineptus
307 681 350 706 ac
371 667 531 706 stolidus
554 664 678 705 Ebion
702 663 936 716 Ebionisque
960 664 1126 703 fautores
1150 662 1350 702 concidere
1371 663 1521 716 seipsos
1540 671 1648 702 ante-

135 741 358 783 verterunt,
404 746 524 786 caque
562 731 696 785 quibus
728 730 965 784 potissimum
999 730 1210 784 gloriantur
1247 728 1355 768 initio
1390 729 1644 769 sustulerunt.

132 800 224 841 Non
252 801 352 840 enim
381 798 582 847 Christus,
614 804 744 851 utpote
769 812 853 837 cum
877 798 1003 837 infans
1026 797 1143 837 adhuc
1168 803 1292 845 esset,
1325 802 1448 835 semet
1469 796 1549 849 ipse
1574 796 1648 835 cir-

133 868 326 908 cumcidit.
389 866 464 907 Sed
496 865 703 906 laudandus
735 872 937 919 propterea
970 864 1186 904 misericors
1218 863 1391 902 dominus
1422 869 1502 913 est,
1548 864 1647 916 quod

134 936 186 975 ita
211 950 252 975 se
281 934 404 975 Ebion
428 933 647 987 imprudens
670 931 877 982 obiecerit,
910 939 951 972 ut
973 932 1122 971 minime
1147 944 1236 971 vera
1260 931 1463 969 confessus
1487 931 1646 970 convin-

135 1003 246 1041 cendi
277 1002 336 1043 sui
359 1014 489 1041 ansam
515 998 624 1039 nobis
653 999 890 1039 obtruderct.
953 997 996 1040 Si
1025 999 1122 1039 enim
1151 999 1258 1038 deum
1286 997 1388 1037 illum
1415 1010 1503 1036 esse
1530 997 1647 1037 coeli-

135 1076 271 1123 tusque
294 1069 484 1122 delapsum
506 1073 717 1116 assereret,
751 1073 964 1120 octavoque
987 1067 1045 1106 die
1066 1080 1085 1106 a
1102 1064 1225 1106 Maria
1253 1065 1535 1114 circumcisum,
1568 1070 1645 1104 tum

133 1137 281 1189 quidem
308 1141 494 1188 quatenus
520 1140 558 1172 et
583 1134 674 1173 deus
701 1134 823 1182 foret,
865 1141 901 1173 et
928 1134 963 1173 id
990 1134 1085 1173 ultro
1107 1147 1150 1173 ac
1172 1132 1366 1173 voluntate
1390 1131 1643 1186 permisisset,

132 1203 344 1257 speciosum
373 1200 548 1254 quiddam
579 1215 623 1240 ac
651 1201 846 1255 probabile
876 1202 919 1240 ad
947 1200 1245 1241 circumcisionis
1274 1198 1645 1240 commendationem

130 1270 433 1309 circumforaneo
464 1268 528 1308 isti
559 1268 813 1322 praebuisset.
875 1267 951 1309 lam
983 1282 1073 1308 vero
1106 1282 1188 1307 cum
1215 1281 1360 1307 merum
1388 1266 1492 1306 illum
1523 1266 1645 1306 bomi-

131 1350 214 1376 nem
246 1350 355 1386 esse,
397 1343 510 1389 atque
541 1336 586 1375 ab
614 1335 828 1376 hominibus
854 1336 1115 1376 circumcisum
1147 1335 1265 1375 fuisse
1296 1334 1458 1384 sentiat,
1501 1348 1645 1388 nequa-

132 1417 240 1457 quam
274 1417 392 1457 puero
424 1403 475 1443 illi
507 1403 611 1442 vclut
641 1403 789 1443 auctori
817 1403 1052 1443 tribuendum
1081 1410 1160 1452 est,
1202 1402 1300 1456 quod
1321 1408 1460 1441 octava
1484 1401 1534 1442 sit
1560 1401 1643 1442 luce

128 1470 393 1510 circumcisus.
453 1469 593 1523 Neque
617 1470 717 1510 enim
742 1470 985 1525 semetipsum
1009 1470 1204 1524 praecidit,
1238 1469 1303 1508 sed
1324 1469 1358 1508 id
1386 1468 1431 1508 ab
1453 1469 1536 1509 aliis
1558 1483 1645 1523 pas-

126 1551 191 1576 sus
225 1545 305 1588 est3
354 1538 452 1591 quod
488 1538 559 1577 sibi
597 1537 686 1591 ipsis
719 1537 825 1591 pueri
867 1552 941 1577 non
974 1537 1135 1587 faciunt,
1180 1551 1301 1590 neque
1336 1536 1641 1576 circumcisionis

124 1611 304 1644 auctores
327 1605 422 1659 ipsi,
453 1605 520 1644 sed
547 1619 678 1644 eorum
703 1605 827 1658 potius
849 1612 1024 1659 parentes
1048 1604 1206 1644 habendi
1230 1612 1335 1644 sunt.
1395 1602 1550 1643 Etenim
1575 1618 1642 1658 pu-

127 1671 258 1712 siones
288 1672 340 1712 illi
373 1686 464 1726 prae
495 1672 653 1712 infantia
685 1673 771 1726 quid
803 1672 872 1712 sibi
905 1686 924 1711 a
955 1672 1172 1726 parentibus
1204 1672 1266 1712 fiat
1297 1673 1488 1725 ignorant.

232 1739 287 1779 At
308 1753 377 1780 nos
401 1748 439 1780 et
459 1740 569 1779 deum
592 1740 695 1779 illum
717 1753 736 1779 e
759 1739 866 1779 coelo
889 1739 1131 1779 descendisse
1155 1738 1336 1788 dicimus,
1370 1745 1409 1778 et
1430 1738 1468 1778 in
1487 1736 1641 1778 Mariae
1665 1735 1798 1812 Χξὲῑξζὴ

128 1806 290 1860 virginis
315 1814 425 1847 utero
452 1807 620 1861 legitimo
648 1814 816 1861 tempore
842 1807 1117 1860 permansisse,
1164 1813 1302 1860 quanto
1328 1805 1476 1846 scilicet
1498 1805 1643 1859 gestari
1802 1803 1810 1813 ‘

125 1873 248 1914 ceteri
273 1874 470 1915 infantium
497 1875 643 1924 solent,
689 1875 809 1914 donec
835 1888 883 1914 ex
906 1874 970 1914 illo
994 1874 1152 1928 virginis
1176 1880 1287 1914 utero
1313 1875 1512 1927 profusus,
1555 1887 1642 1928 per-

128 1941 228 1981 fecto
261 1940 336 1981 iam
370 1942 531 1982 bominis
565 1942 663 1995 quod
694 1941 869 1981 induerat
901 1955 1082 1996 corpore,
1129 1949 1345 1996 susceptam
1381 1955 1402 1981 a
1433 1955 1476 1981 se
1505 1939 1640 1981 salutis

126 2015 281 2048 nostrae
303 2009 611 2062 procurationem
635 2009 790 2062 aggredi
814 2000 990 2048 instituit.
1051 2007 1094 2049 ln
1117 2023 1190 2063 qua
1210 2015 1248 2049 et
1272 2010 1316 2050 ad
1339 2008 1437 2048 diem
1463 2015 1638 2049 octavum

123 2089 199 2115 non
223 2075 350 2129 specie
378 2083 511 2127 tenus,
555 2077 620 2116 sed
647 2077 774 2130 reipsa
798 2076 1042 2116 circumcisus
1069 2084 1142 2116 est.
1206 2079 1312 2115 Venit
1335 2079 1428 2115 enim
1456 2083 1497 2115 ut
1519 2078 1634 2127 legem
1647 2081 1838 2113 Matth-:Mv-

121 2157 168 2181 ae
186 2146 451 2195 prophetarum
473 2146 641 2195 &repleret
657 2146 822 2191 oracula,
855 2159 925 2183 non
947 2152 1145 2192 eve12teret‚·
1177 2150 1292 2197 atque
1311 2150 1350 2183 ut
1374 2143 1540 2183 alienam
1561 2157 1637 2182 non

126 2209 243 2250 fuisse
266 2210 388 2264 legem
413 2212 649 2259 ostenderet,
683 2212 748 2250 sed
772 2225 792 2251 a
815 2211 940 2265 seipso
960 2225 1181 2251 concessam
1205 2211 1250 2251 ad
1272 2225 1380 2251 suum
1399 2224 1519 2264 usque
1541 2217 1637 2250 tem-

125 2291 194 2331 pus
229 2277 297 2317 sub
330 2278 550 2332 quibusdam
586 2279 789 2331 figurarum
821 2278 922 2318 velut
953 2278 1180 2318 umbraculis
1211 2277 1447 2332 perstitisse:
1493 2291 1567 2331 quo
1596 2276 1636 2316 in

124 2357 211 2383 sese
237 2359 280 2384 ac
303 2359 371 2398 per
393 2359 480 2386 sese
504 2346 765 2399 quodcumque
787 2345 860 2399 legi
882 2346 1012 2386 deerat
1032 2353 1224 2400 postremo
1245 2345 1453 2399 suppleret,
1484 2345 1635 2384 eadem-

123 2425 198 2464 que
223 2411 285 2451 illa
315 2412 519 2466 figurarum
543 2412 742 2452 involucra
766 2413 810 2452 ad
836 2413 1042 2467 spiritalem
1068 2412 1340 2467 perfectionem
1365 2426 1410 2451 ac
1432 2412 1635 2452 veritatem

123 2479 306 2531 perducta
330 2479 469 2532 figuras
494 2493 580 2519 esse
607 2476 766 2518 desiisse
794 2487 904 2534 atque
930 2481 975 2520 ad
1000 2480 1200 2520 veritatem
1228 2478 1428 2519 transiisse
1452 2485 1529 2518 tam
1554 2479 1636 2532 ipse

122 2559 235 2598 quam
264 2546 346 2586 eius
373 2547 535 2600 apostoli
563 2547 838 2600 praedicarent.
900 2546 943 2587 ln
971 2547 1035 2587 illo
1059 2548 1196 2602 quippe
1222 2547 1319 2600 quod
1344 2546 1526 2600 scriptum
1552 2553 1635 2586 erat

124 2612 162 2652 in
184 2613 268 2666 lege
289 2615 499 2668 perfectum
523 2621 603 2664 est,
636 2613 694 2663 id,
724 2614 890 2667 inquam,
925 2616 1020 2669 quod
1042 2615 1087 2654 ad
1112 2615 1193 2655 eius
1217 2627 1334 2667 usque
1358 2620 1529 2668 tempora
1549 2626 1636 2667 per-

122 2679 297 2731 duravit,
331 2688 368 2720 et
391 2681 427 2721 in
452 2681 533 2734 ipso
559 2682 631 2720 iam
654 2680 864 2721 absolutum
888 2682 1156 2736 impletumque
1178 2681 1304 2730 desiit,
1338 2680 1513 2720 nimirum
1537 2681 1635 2734 quod

126 2743 298 2800 Sepliora
324 2749 495 2788 dicebat:
538 2750 652 2786 Stetit
671 2752 824 2798 sanguis
848 2753 1136 2788 circemzczlsiomk
1148 2751 1234 2801 fille·
1260 2752 1341 2787 mei.
1402 2746 1494 2788 Non
1521 2747 1631 2799 dixit,
1654 2751 1778 2785 Exoffl,
1793 2752 1833 2779 ²5-

127 2814 486 2867 Cen-amcidz'stlimn
506 2830 634 2854 mcum.
695 2813 834 2868 Neque
861 2817 961 2856 enim
986 2817 1021 2857 id
1046 2817 1181 2870 agebat
1199 2816 1373 2869 angelus,
1406 2823 1448 2855 ut
1473 2816 1634 2856 eircum-

126 2879 220 2919 cisio
243 2882 374 2933 fieret,
417 2897 540 2936 neque
562 2881 759 2935 sanguinis
786 2890 888 2924 metu
910 2885 1095 2933 recessit,
1136 2883 1201 2923 sed
1228 2889 1269 2923 ut
1292 2897 1376 2923 cum
1402 2883 1587 2925 infantem
1612 2898 1635 2924 a
