<?xml version="1.0" encoding="UTF-8"?>
<!DOCTYPE html PUBLIC "-//W3C//DTD XHTML 1.0 Transitional//EN"
    "http://www.w3.org/TR/xhtml1/DTD/xhtml1-transitional.dtd">
<html xmlns="http://www.w3.org/1999/xhtml" xml:lang="en" lang="en">
 <head>
  <title>
</title>
<meta http-equiv="Content-Type" content="text/html;charset=utf-8" />
  <meta name='ocr-system' content='tesseract 3.04.00' />
  <meta name='ocr-capabilities' content='ocr_page ocr_carea ocr_par ocr_line ocrx_word'/>
</head>
<body>
  <div class='ocr_page' id='page_1' title='image "./p1corporishaereseo02epipuoft/p1corporishaereseo02epipuoft_0419.png"; bbox 0 0 2034 3267; ppageno 0'>
   <div class='ocr_carea' id='block_1_1' title="bbox 490 213 1686 269">
    <p class='ocr_par' dir='ltr' id='par_1_1' title="bbox 490 213 1686 269">
     <span class='ocr_line' id='line_1_1' title="bbox 490 213 1686 269; baseline 0.004 -5"><span class='ocrx_word' id='word_1_1' title='bbox 490 232 665 264; x_wconf 75' lang='lat' dir='ltr'>PANARH</span> <span class='ocrx_word' id='word_1_2' title='bbox 692 213 771 264; x_wconf 56' lang='grc' dir='ltr'>[ΜΞ.</span> <span class='ocrx_word' id='word_1_3' title='bbox 795 235 818 264; x_wconf 86' lang='lat'>1.</span> <span class='ocrx_word' id='word_1_4' title='bbox 844 234 949 266; x_wconf 86' lang='lat' dir='ltr'>TOM.</span> <span class='ocrx_word' id='word_1_5' title='bbox 972 235 1011 265; x_wconf 84' lang='grc' dir='ltr'>ΙΙ.</span> <span class='ocrx_word' id='word_1_6' title='bbox 1037 234 1164 266; x_wconf 83' lang='lat' dir='ltr'><strong>HAER.</strong></span> <span class='ocrx_word' id='word_1_7' title='bbox 1187 236 1350 268; x_wconf 83' lang='lat' dir='ltr'>XXXlll.</span> <span class='ocrx_word' id='word_1_8' title='bbox 1606 232 1686 269; x_wconf 78' lang='grc'>407</span> 
     </span>
    </p>
   </div>
   <div class='ocr_carea' id='block_1_2' title="bbox 163 311 1885 707">
    <p class='ocr_par' dir='ltr' id='par_1_2' title="bbox 163 311 1885 433">
     <span class='ocr_line' id='line_1_2' title="bbox 163 311 1885 370; baseline 0.003 -17"><span class='ocrx_word' id='word_1_9' title='bbox 163 328 244 353; x_wconf 81' lang='lat' dir='ltr'>rum</span> <span class='ocrx_word' id='word_1_10' title='bbox 274 319 492 352; x_wconf 74' lang='lat' dir='ltr'>vestrorum.</span> <span class='ocrx_word' id='word_1_11' title='bbox 556 311 641 352; x_wconf 88' lang='lat' dir='ltr'>Hoc</span> <span class='ocrx_word' id='word_1_12' title='bbox 672 313 793 367; x_wconf 89' lang='lat' dir='ltr'>ipsum</span> <span class='ocrx_word' id='word_1_13' title='bbox 828 313 1091 366; x_wconf 86' lang='lat' dir='ltr'>pronuntiavit</span> <span class='ocrx_word' id='word_1_14' title='bbox 1122 313 1283 366; x_wconf 83' lang='lat' dir='ltr'>Esaias,</span> <span class='ocrx_word' id='word_1_15' title='bbox 1327 316 1480 368; x_wconf 87' lang='lat' dir='ltr'>dicens,</span> <span class='ocrx_word' id='word_1_16' title='bbox 1526 321 1685 370; x_wconf 77' lang='lat' dir='ltr'>Populus</span> <span class='ocrx_word' id='word_1_17' title='bbox 1703 328 1885 364; x_wconf 53' lang='lat' dir='ltr'>lisanam.</span> 
     </span>
     <span class='ocr_line' id='line_1_3' title="bbox 163 382 1686 433; baseline 0.003 -12"><span class='ocrx_word' id='word_1_18' title='bbox 163 385 223 421; x_wconf 77' lang='lat' dir='ltr'>lze&#39;e</span> <span class='ocrx_word' id='word_1_19' title='bbox 246 382 354 420; x_wconf 75' lang='lat' dir='ltr'>labiis</span> <span class='ocrx_word' id='word_1_20' title='bbox 375 395 430 419; x_wconf 84' lang='lat' dir='ltr'>me</span> <span class='ocrx_word' id='word_1_21' title='bbox 453 383 630 427; x_wconf 78' lang='lat' dir='ltr'>honorat,</span> <span class='ocrx_word' id='word_1_22' title='bbox 677 396 741 420; x_wconf 71' lang='lat' dir='ltr'>cor</span> <span class='ocrx_word' id='word_1_23' title='bbox 764 389 882 419; x_wconf 79' lang='lat' dir='ltr'>aulem</span> <span class='ocrx_word' id='word_1_24' title='bbox 909 396 1032 420; x_wconf 74' lang='lat' dir='ltr'>eorum</span> <span class='ocrx_word' id='word_1_25' title='bbox 1057 384 1165 433; x_wconf 79' lang='lat' dir='ltr'>longe</span> <span class='ocrx_word' id='word_1_26' title='bbox 1186 391 1241 421; x_wconf 81' lang='lat' dir='ltr'>est</span> <span class='ocrx_word' id='word_1_27' title='bbox 1265 399 1287 422; x_wconf 80' lang='grc' dir='ltr'>(ι</span> <span class='ocrx_word' id='word_1_28' title='bbox 1314 399 1380 423; x_wconf 81' lang='lat' dir='ltr'>me.</span> <span class='ocrx_word' id='word_1_29' title='bbox 1445 389 1534 425; x_wconf 73' lang='lat' dir='ltr'>Sine</span> <span class='ocrx_word' id='word_1_30' title='bbox 1555 400 1686 425; x_wconf 80' lang='lat' dir='ltr'>caussa</span> 
     </span>
    </p>

    <p class='ocr_par' dir='ltr' id='par_1_3' title="bbox 166 451 1687 508">
     <span class='ocr_line' id='line_1_4' title="bbox 166 451 1687 508; baseline 0.005 -21"><span class='ocrx_word' id='word_1_31' title='bbox 166 457 286 488; x_wconf 77' lang='lat' dir='ltr'>autem</span> <span class='ocrx_word' id='word_1_32' title='bbox 306 451 434 487; x_wconf 72' lang='lat' dir='ltr'>colem!</span> <span class='ocrx_word' id='word_1_33' title='bbox 451 464 505 487; x_wconf 85' lang='lat' dir='ltr'>me</span> <span class='ocrx_word' id='word_1_34' title='bbox 524 452 694 488; x_wconf 74' lang='lat' dir='ltr'>docentes</span> <span class='ocrx_word' id='word_1_35' title='bbox 714 452 902 487; x_wconf 74' lang='lat' dir='ltr'><em>doctrinas</em></span> <span class='ocrx_word' id='word_1_36' title='bbox 922 457 959 486; x_wconf 83' lang='lat' dir='ltr'>et</span> <span class='ocrx_word' id='word_1_37' title='bbox 975 453 1147 488; x_wconf 74' lang='lat' dir='ltr'>mandata</span> <span class='ocrx_word' id='word_1_38' title='bbox 1168 453 1364 490; x_wconf 72' lang='lat' dir='ltr'>homiuum.</span> <span class='ocrx_word' id='word_1_39' title='bbox 1418 452 1482 493; x_wconf 84' lang='lat' dir='ltr'>Ex</span> <span class='ocrx_word' id='word_1_40' title='bbox 1501 453 1547 493; x_wconf 87' lang='lat' dir='ltr'>iis</span> <span class='ocrx_word' id='word_1_41' title='bbox 1567 453 1687 508; x_wconf 79' lang='lat' dir='ltr'>liquet</span> 
     </span>
    </p>

    <p class='ocr_par' dir='ltr' id='par_1_4' title="bbox 164 515 1684 573">
     <span class='ocr_line' id='line_1_5' title="bbox 164 515 1684 573; baseline 0.003 -16"><span class='ocrx_word' id='word_1_42' title='bbox 164 530 315 558; x_wconf 88' lang='lat' dir='ltr'>omnem</span> <span class='ocrx_word' id='word_1_43' title='bbox 344 515 444 556; x_wconf 89' lang='lat' dir='ltr'>illam</span> <span class='ocrx_word' id='word_1_44' title='bbox 471 531 559 556; x_wconf 88' lang='lat' dir='ltr'>csse</span> <span class='ocrx_word' id='word_1_45' title='bbox 586 517 708 570; x_wconf 84' lang='lat' dir='ltr'>legem</span> <span class='ocrx_word' id='word_1_46' title='bbox 734 516 895 555; x_wconf 87' lang='lat' dir='ltr'>divisam</span> <span class='ocrx_word' id='word_1_47' title='bbox 924 516 960 555; x_wconf 85' lang='lat' dir='ltr'>in</span> <span class='ocrx_word' id='word_1_48' title='bbox 987 523 1113 569; x_wconf 86' lang='lat' dir='ltr'>partes</span> <span class='ocrx_word' id='word_1_49' title='bbox 1143 524 1243 568; x_wconf 87' lang='lat' dir='ltr'>tres,</span> <span class='ocrx_word' id='word_1_50' title='bbox 1287 519 1324 558; x_wconf 91' lang='lat' dir='ltr'>in</span> <span class='ocrx_word' id='word_1_51' title='bbox 1350 533 1470 573; x_wconf 84' lang='lat' dir='ltr'>eaque</span> <span class='ocrx_word' id='word_1_52' title='bbox 1496 527 1535 560; x_wconf 85' lang='lat' dir='ltr'>et</span> <span class='ocrx_word' id='word_1_53' title='bbox 1559 519 1684 562; x_wconf 87' lang='lat' dir='ltr'>Mosis</span> 
     </span>
    </p>

    <p class='ocr_par' dir='ltr' id='par_1_5' title="bbox 165 583 1683 640">
     <span class='ocr_line' id='line_1_6' title="bbox 165 583 1683 640; baseline 0.003 -14"><span class='ocrx_word' id='word_1_54' title='bbox 165 585 284 640; x_wconf 89' lang='lat' dir='ltr'>ipsius</span> <span class='ocrx_word' id='word_1_55' title='bbox 309 592 346 625; x_wconf 88' lang='lat' dir='ltr'>et</span> <span class='ocrx_word' id='word_1_56' title='bbox 371 584 564 624; x_wconf 88' lang='lat' dir='ltr'>seniorum</span> <span class='ocrx_word' id='word_1_57' title='bbox 595 591 632 623; x_wconf 88' lang='lat' dir='ltr'>et</span> <span class='ocrx_word' id='word_1_58' title='bbox 654 584 711 624; x_wconf 89' lang='lat' dir='ltr'>dei</span> <span class='ocrx_word' id='word_1_59' title='bbox 737 583 915 623; x_wconf 83' lang='lat' dir='ltr'>mandata</span> <span class='ocrx_word' id='word_1_60' title='bbox 942 584 1146 624; x_wconf 77' lang='lat' dir='ltr'>contineri.</span> <span class='ocrx_word' id='word_1_61' title='bbox 1208 585 1335 639; x_wconf 85' lang='lat' dir='ltr'>Atque</span> <span class='ocrx_word' id='word_1_62' title='bbox 1363 587 1456 627; x_wconf 90' lang='lat' dir='ltr'>baec</span> <span class='ocrx_word' id='word_1_63' title='bbox 1479 588 1683 630; x_wconf 86' lang='lat' dir='ltr'>universae</span> 
     </span>
    </p>

    <p class='ocr_par' dir='ltr' id='par_1_6' title="bbox 163 650 1559 707">
     <span class='ocr_line' id='line_1_7' title="bbox 163 650 1559 707; baseline 0.002 -14"><span class='ocrx_word' id='word_1_64' title='bbox 163 653 259 707; x_wconf 84' lang='lat' dir='ltr'>legis</span> <span class='ocrx_word' id='word_1_65' title='bbox 290 667 310 692; x_wconf 91' lang='lat' dir='ltr'>a</span> <span class='ocrx_word' id='word_1_66' title='bbox 342 651 451 692; x_wconf 87' lang='lat' dir='ltr'>nobis</span> <span class='ocrx_word' id='word_1_67' title='bbox 484 652 654 692; x_wconf 86' lang='lat' dir='ltr'>instituta</span> <span class='ocrx_word' id='word_1_68' title='bbox 686 650 838 704; x_wconf 85' lang='lat' dir='ltr'>partitio</span> <span class='ocrx_word' id='word_1_69' title='bbox 870 650 971 691; x_wconf 89' lang='lat' dir='ltr'>illius</span> <span class='ocrx_word' id='word_1_70' title='bbox 1003 651 1111 691; x_wconf 90' lang='lat' dir='ltr'>nobis</span> <span class='ocrx_word' id='word_1_71' title='bbox 1143 652 1343 693; x_wconf 86' lang='lat' dir='ltr'>veritatem</span> <span class='ocrx_word' id='word_1_72' title='bbox 1378 655 1559 695; x_wconf 75' lang='lat' dir='ltr'><strong>ostendit.</strong></span> 
     </span>
    </p>
   </div>
   <div class='ocr_carea' id='block_1_3' title="bbox 145 854 1879 2883">
    <p class='ocr_par' dir='ltr' id='par_1_7' title="bbox 145 854 1879 2883">
     <span class='ocr_line' id='line_1_8' title="bbox 273 854 1849 910; baseline 0.002 -14"><span class='ocrx_word' id='word_1_73' title='bbox 273 855 351 897; x_wconf 86' lang='lat' dir='ltr'>Sed</span> <span class='ocrx_word' id='word_1_74' title='bbox 375 869 417 896; x_wconf 88' lang='lat' dir='ltr'>ea</span> <span class='ocrx_word' id='word_1_75' title='bbox 439 869 526 910; x_wconf 88' lang='lat' dir='ltr'>pars</span> <span class='ocrx_word' id='word_1_76' title='bbox 547 854 657 908; x_wconf 81' lang='lat' dir='ltr'>legis‚</span> <span class='ocrx_word' id='word_1_77' title='bbox 686 867 782 907; x_wconf 87' lang='lat' dir='ltr'>quae</span> <span class='ocrx_word' id='word_1_78' title='bbox 807 868 828 893; x_wconf 89' lang='lat' dir='ltr'>a</span> <span class='ocrx_word' id='word_1_79' title='bbox 850 854 921 894; x_wconf 90' lang='lat' dir='ltr'>deo</span> <span class='ocrx_word' id='word_1_80' title='bbox 945 855 1116 908; x_wconf 83' lang='lat' dir='ltr'>prosecta</span> <span class='ocrx_word' id='word_1_81' title='bbox 1139 863 1211 905; x_wconf 85' lang='lat' dir='ltr'>est,</span> <span class='ocrx_word' id='word_1_82' title='bbox 1244 856 1317 896; x_wconf 87' lang='lat' dir='ltr'>tria</span> <span class='ocrx_word' id='word_1_83' title='bbox 1336 871 1485 897; x_wconf 91' lang='lat' dir='ltr'>rursum</span> <span class='ocrx_word' id='word_1_84' title='bbox 1508 858 1545 898; x_wconf 91' lang='lat' dir='ltr'>in</span> <span class='ocrx_word' id='word_1_85' title='bbox 1566 872 1682 899; x_wconf 86' lang='lat' dir='ltr'>mem-</span> <span class='ocrx_word' id='word_1_86' title='bbox 1711 867 1787 910; x_wconf 73' lang='lat' dir='ltr'>Cap.</span> <span class='ocrx_word' id='word_1_87' title='bbox 1811 868 1849 899; x_wconf 85' lang='lat' dir='ltr'>V.</span> 
     </span>
     <span class='ocr_line' id='line_1_9' title="bbox 164 921 1683 981; baseline 0.002 -17"><span class='ocrx_word' id='word_1_88' title='bbox 164 925 230 964; x_wconf 88' lang='lat' dir='ltr'>bra</span> <span class='ocrx_word' id='word_1_89' title='bbox 254 923 448 963; x_wconf 88' lang='lat' dir='ltr'>dividitur.</span> <span class='ocrx_word' id='word_1_90' title='bbox 490 921 579 962; x_wconf 87' lang='lat' dir='ltr'>Alia</span> <span class='ocrx_word' id='word_1_91' title='bbox 604 921 705 962; x_wconf 89' lang='lat' dir='ltr'>enim</span> <span class='ocrx_word' id='word_1_92' title='bbox 728 928 816 961; x_wconf 91' lang='lat' dir='ltr'>sunt</span> <span class='ocrx_word' id='word_1_93' title='bbox 837 922 987 962; x_wconf 87' lang='lat' dir='ltr'>sincera</span> <span class='ocrx_word' id='word_1_94' title='bbox 1011 931 1213 977; x_wconf 86' lang='lat' dir='ltr'>praecepta</span> <span class='ocrx_word' id='word_1_95' title='bbox 1235 930 1274 963; x_wconf 86' lang='lat' dir='ltr'>et</span> <span class='ocrx_word' id='word_1_96' title='bbox 1294 924 1339 964; x_wconf 88' lang='lat' dir='ltr'>ab</span> <span class='ocrx_word' id='word_1_97' title='bbox 1363 926 1465 965; x_wconf 88' lang='lat' dir='ltr'>omni</span> <span class='ocrx_word' id='word_1_98' title='bbox 1488 927 1574 966; x_wconf 86' lang='lat' dir='ltr'>mali</span> <span class='ocrx_word' id='word_1_99' title='bbox 1597 941 1683 981; x_wconf 82' lang='lat' dir='ltr'>per—</span> 
     </span>
     <span class='ocr_line' id='line_1_10' title="bbox 162 989 1681 1046; baseline 0.002 -14"><span class='ocrx_word' id='word_1_100' title='bbox 162 992 339 1032; x_wconf 87' lang='lat' dir='ltr'>mistione</span> <span class='ocrx_word' id='word_1_101' title='bbox 365 997 539 1039; x_wconf 83' lang='lat' dir='ltr'>secreta,</span> <span class='ocrx_word' id='word_1_102' title='bbox 587 1003 683 1043; x_wconf 86' lang='lat' dir='ltr'>quae</span> <span class='ocrx_word' id='word_1_103' title='bbox 712 989 862 1043; x_wconf 75' lang='lat' dir='ltr'>proprie</span> <span class='ocrx_word' id='word_1_104' title='bbox 893 990 959 1030; x_wconf 82' lang='lat' dir='ltr'>lex</span> <span class='ocrx_word' id='word_1_105' title='bbox 984 991 1217 1045; x_wconf 85' lang='lat' dir='ltr'>appellatur,</span> <span class='ocrx_word' id='word_1_106' title='bbox 1264 1006 1374 1046; x_wconf 86' lang='lat' dir='ltr'>quam</span> <span class='ocrx_word' id='word_1_107' title='bbox 1405 993 1576 1034; x_wconf 83' lang='lat' dir='ltr'>salvator</span> <span class='ocrx_word' id='word_1_108' title='bbox 1607 1009 1681 1035; x_wconf 91' lang='lat' dir='ltr'>non</span> 
     </span>
     <span class='ocr_line' id='line_1_11' title="bbox 162 1057 1879 1115; baseline 0.002 -15"><span class='ocrx_word' id='word_1_109' title='bbox 162 1061 265 1100; x_wconf 84' lang='lat' dir='ltr'>venit</span> <span class='ocrx_word' id='word_1_110' title='bbox 290 1059 466 1108; x_wconf 87' lang='lat' dir='ltr'>solvere,</span> <span class='ocrx_word' id='word_1_111' title='bbox 500 1057 567 1097; x_wconf 87' lang='lat' dir='ltr'>sed</span> <span class='ocrx_word' id='word_1_112' title='bbox 592 1057 815 1112; x_wconf 87' lang='lat' dir='ltr'>adimplere.</span> <span class='ocrx_word' id='word_1_113' title='bbox 876 1057 969 1098; x_wconf 87' lang='lat' dir='ltr'>Non</span> <span class='ocrx_word' id='word_1_114' title='bbox 996 1058 1095 1098; x_wconf 89' lang='lat' dir='ltr'>enim</span> <span class='ocrx_word' id='word_1_115' title='bbox 1121 1073 1143 1099; x_wconf 89' lang='lat' dir='ltr'>a</span> <span class='ocrx_word' id='word_1_116' title='bbox 1166 1073 1209 1099; x_wconf 91' lang='lat' dir='ltr'>se</span> <span class='ocrx_word' id='word_1_117' title='bbox 1230 1067 1313 1100; x_wconf 86' lang='lat' dir='ltr'>erat</span> <span class='ocrx_word' id='word_1_118' title='bbox 1337 1060 1463 1101; x_wconf 86' lang='lat' dir='ltr'>aliena</span> <span class='ocrx_word' id='word_1_119' title='bbox 1484 1076 1593 1115; x_wconf 89' lang='lat' dir='ltr'>quam</span> <span class='ocrx_word' id='word_1_120' title='bbox 1618 1063 1879 1111; x_wconf 76' lang='lat' dir='ltr'>ad-Matth.5‚1·1.</span> 
     </span>
     <span class='ocr_line' id='line_1_12' title="bbox 159 1125 1682 1182; baseline 0.002 -14"><span class='ocrx_word' id='word_1_121' title='bbox 159 1126 349 1182; x_wconf 79' lang='lat' dir='ltr'>implevit3</span> <span class='ocrx_word' id='word_1_122' title='bbox 383 1125 522 1179; x_wconf 83' lang='lat' dir='ltr'>alioqui</span> <span class='ocrx_word' id='word_1_123' title='bbox 549 1125 679 1180; x_wconf 81' lang='lat' dir='ltr'>perlici</span> <span class='ocrx_word' id='word_1_124' title='bbox 701 1126 925 1180; x_wconf 86' lang='lat' dir='ltr'>implerique</span> <span class='ocrx_word' id='word_1_125' title='bbox 948 1140 1023 1166; x_wconf 91' lang='lat' dir='ltr'>non</span> <span class='ocrx_word' id='word_1_126' title='bbox 1049 1134 1193 1181; x_wconf 89' lang='lat' dir='ltr'>posset.</span> <span class='ocrx_word' id='word_1_127' title='bbox 1256 1127 1345 1168; x_wconf 81' lang='lat' dir='ltr'>Alia</span> <span class='ocrx_word' id='word_1_128' title='bbox 1369 1136 1458 1169; x_wconf 88' lang='lat' dir='ltr'>sunt</span> <span class='ocrx_word' id='word_1_129' title='bbox 1482 1130 1682 1171; x_wconf 88' lang='lat' dir='ltr'>deteriori-</span> 
     </span>
     <span class='ocr_line' id='line_1_13' title="bbox 159 1192 1681 1248; baseline 0.002 -12"><span class='ocrx_word' id='word_1_130' title='bbox 159 1196 228 1235; x_wconf 89' lang='lat' dir='ltr'>bus</span> <span class='ocrx_word' id='word_1_131' title='bbox 259 1193 471 1247; x_wconf 84' lang='lat' dir='ltr'>implicata,</span> <span class='ocrx_word' id='word_1_132' title='bbox 515 1192 637 1246; x_wconf 87' lang='lat' dir='ltr'>qualis</span> <span class='ocrx_word' id='word_1_133' title='bbox 667 1193 854 1234; x_wconf 84' lang='lat' dir='ltr'>iniustitia</span> <span class='ocrx_word' id='word_1_134' title='bbox 885 1201 965 1242; x_wconf 81' lang='lat' dir='ltr'>est,</span> <span class='ocrx_word' id='word_1_135' title='bbox 1013 1208 1123 1248; x_wconf 90' lang='lat' dir='ltr'>quam</span> <span class='ocrx_word' id='word_1_136' title='bbox 1156 1195 1328 1236; x_wconf 90' lang='lat' dir='ltr'>salvator</span> <span class='ocrx_word' id='word_1_137' title='bbox 1358 1197 1628 1238; x_wconf 73' lang='lat' dir='ltr'>abhorrentem</span> <span class='ocrx_word' id='word_1_138' title='bbox 1660 1214 1681 1239; x_wconf 89' lang='lat' dir='ltr'>a</span> 
     </span>
     <span class='ocr_line' id='line_1_14' title="bbox 158 1260 1680 1322; baseline 0.003 -20"><span class='ocrx_word' id='word_1_139' title='bbox 158 1269 291 1303; x_wconf 87' lang='lat' dir='ltr'>natura</span> <span class='ocrx_word' id='word_1_140' title='bbox 315 1275 384 1302; x_wconf 89' lang='lat' dir='ltr'>sua</span> <span class='ocrx_word' id='word_1_141' title='bbox 407 1261 576 1302; x_wconf 88' lang='lat' dir='ltr'>funditus</span> <span class='ocrx_word' id='word_1_142' title='bbox 598 1261 765 1302; x_wconf 81' lang='lat' dir='ltr'>sustulit.</span> <span class='ocrx_word' id='word_1_143' title='bbox 818 1260 1022 1302; x_wconf 91' lang='lat' dir='ltr'>Postremo</span> <span class='ocrx_word' id='word_1_144' title='bbox 1042 1263 1115 1303; x_wconf 88' lang='lat' dir='ltr'>alia</span> <span class='ocrx_word' id='word_1_145' title='bbox 1138 1270 1228 1304; x_wconf 89' lang='lat' dir='ltr'>sunt</span> <span class='ocrx_word' id='word_1_146' title='bbox 1246 1278 1343 1317; x_wconf 89' lang='lat' dir='ltr'>quae</span> <span class='ocrx_word' id='word_1_147' title='bbox 1367 1265 1493 1320; x_wconf 84' lang='lat' dir='ltr'>typica</span> <span class='ocrx_word' id='word_1_148' title='bbox 1512 1279 1556 1306; x_wconf 89' lang='lat' dir='ltr'>ac</span> <span class='ocrx_word' id='word_1_149' title='bbox 1578 1280 1680 1322; x_wconf 85' lang='lat' dir='ltr'>sym-</span> 
     </span>
     <span class='ocr_line' id='line_1_15' title="bbox 155 1329 1680 1389; baseline 0.003 -19"><span class='ocrx_word' id='word_1_150' title='bbox 155 1330 276 1370; x_wconf 88' lang='lat' dir='ltr'>bolica</span> <span class='ocrx_word' id='word_1_151' title='bbox 302 1336 512 1379; x_wconf 80' lang='lat' dir='ltr'>vocantur,</span> <span class='ocrx_word' id='word_1_152' title='bbox 556 1329 626 1369; x_wconf 89' lang='lat' dir='ltr'>boc</span> <span class='ocrx_word' id='word_1_153' title='bbox 654 1336 713 1370; x_wconf 86' lang='lat' dir='ltr'>est</span> <span class='ocrx_word' id='word_1_154' title='bbox 741 1330 898 1370; x_wconf 82' lang='lat' dir='ltr'>umbrae</span> <span class='ocrx_word' id='word_1_155' title='bbox 925 1331 1107 1384; x_wconf 83' lang='lat' dir='ltr'>quaedam</span> <span class='ocrx_word' id='word_1_156' title='bbox 1134 1332 1457 1385; x_wconf 73' lang='lat' dir='ltr'>praestantiorum</span> <span class='ocrx_word' id='word_1_157' title='bbox 1483 1340 1522 1374; x_wconf 91' lang='lat' dir='ltr'>et</span> <span class='ocrx_word' id='word_1_158' title='bbox 1546 1334 1680 1389; x_wconf 84' lang='lat' dir='ltr'>imagi-</span> 
     </span>
     <span class='ocr_line' id='line_1_16' title="bbox 154 1397 1678 1455; baseline 0.003 -18"><span class='ocrx_word' id='word_1_159' title='bbox 154 1411 244 1447; x_wconf 81' lang='lat' dir='ltr'>nes3</span> <span class='ocrx_word' id='word_1_160' title='bbox 289 1399 388 1451; x_wconf 90' lang='lat' dir='ltr'>quod</span> <span class='ocrx_word' id='word_1_161' title='bbox 414 1411 536 1451; x_wconf 87' lang='lat' dir='ltr'>genus</span> <span class='ocrx_word' id='word_1_162' title='bbox 561 1397 732 1438; x_wconf 88' lang='lat' dir='ltr'>salvator</span> <span class='ocrx_word' id='word_1_163' title='bbox 754 1397 800 1438; x_wconf 88' lang='lat' dir='ltr'>ab</span> <span class='ocrx_word' id='word_1_164' title='bbox 827 1412 872 1438; x_wconf 89' lang='lat' dir='ltr'>eo</span> <span class='ocrx_word' id='word_1_165' title='bbox 899 1399 995 1452; x_wconf 90' lang='lat' dir='ltr'>quod</span> <span class='ocrx_word' id='word_1_166' title='bbox 1021 1399 1198 1439; x_wconf 79' lang='lat' dir='ltr'>sensibus</span> <span class='ocrx_word' id='word_1_167' title='bbox 1225 1401 1440 1455; x_wconf 81' lang='lat' dir='ltr'>expositum</span> <span class='ocrx_word' id='word_1_168' title='bbox 1467 1408 1527 1442; x_wconf 85' lang='lat' dir='ltr'>est</span> <span class='ocrx_word' id='word_1_169' title='bbox 1549 1409 1587 1442; x_wconf 79' lang='lat' dir='ltr'>et</span> <span class='ocrx_word' id='word_1_170' title='bbox 1609 1416 1678 1443; x_wconf 79' lang='lat' dir='ltr'>ex-</span> 
     </span>
     <span class='ocr_line' id='line_1_17' title="bbox 153 1465 1677 1524; baseline 0.003 -19"><span class='ocrx_word' id='word_1_171' title='bbox 153 1472 303 1505; x_wconf 89' lang='lat' dir='ltr'>ternum</span> <span class='ocrx_word' id='word_1_172' title='bbox 336 1465 382 1505; x_wconf 90' lang='lat' dir='ltr'>ad</span> <span class='ocrx_word' id='word_1_173' title='bbox 413 1465 582 1520; x_wconf 84' lang='lat' dir='ltr'>spiritale</span> <span class='ocrx_word' id='word_1_174' title='bbox 618 1480 688 1506; x_wconf 85' lang='lat' dir='ltr'>nec</span> <span class='ocrx_word' id='word_1_175' title='bbox 720 1466 952 1521; x_wconf 78' lang='lat' dir='ltr'>aspectabile</span> <span class='ocrx_word' id='word_1_176' title='bbox 986 1467 1191 1507; x_wconf 85' lang='lat' dir='ltr'>convertit.</span> <span class='ocrx_word' id='word_1_177' title='bbox 1254 1466 1335 1508; x_wconf 86' lang='lat' dir='ltr'>Iam</span> <span class='ocrx_word' id='word_1_178' title='bbox 1369 1482 1463 1509; x_wconf 85' lang='lat' dir='ltr'>vero</span> <span class='ocrx_word' id='word_1_179' title='bbox 1493 1483 1585 1524; x_wconf 85' lang='lat' dir='ltr'>pura</span> <span class='ocrx_word' id='word_1_180' title='bbox 1613 1470 1677 1510; x_wconf 91' lang='lat' dir='ltr'>illa</span> 
     </span>
     <span class='ocr_line' id='line_1_18' title="bbox 153 1534 1678 1590; baseline 0.003 -17"><span class='ocrx_word' id='word_1_181' title='bbox 153 1534 383 1587; x_wconf 85' lang='lat' dir='ltr'>sinceraque</span> <span class='ocrx_word' id='word_1_182' title='bbox 411 1534 479 1574; x_wconf 69' lang='lat' dir='ltr'>lex</span> <span class='ocrx_word' id='word_1_183' title='bbox 517 1534 599 1583; x_wconf 83' lang='lat' dir='ltr'>dei,</span> <span class='ocrx_word' id='word_1_184' title='bbox 645 1547 716 1573; x_wconf 86' lang='lat' dir='ltr'>nec</span> <span class='ocrx_word' id='word_1_185' title='bbox 752 1548 835 1574; x_wconf 87' lang='lat' dir='ltr'>oum</span> <span class='ocrx_word' id='word_1_186' title='bbox 869 1534 1060 1574; x_wconf 78' lang='lat' dir='ltr'>deteriore</span> <span class='ocrx_word' id='word_1_187' title='bbox 1093 1535 1320 1586; x_wconf 85' lang='lat' dir='ltr'>coniuncta,</span> <span class='ocrx_word' id='word_1_188' title='bbox 1367 1535 1587 1590; x_wconf 85' lang='lat' dir='ltr'>Decalogus</span> <span class='ocrx_word' id='word_1_189' title='bbox 1619 1545 1678 1578; x_wconf 86' lang='lat' dir='ltr'>est</span> 
     </span>
     <span class='ocr_line' id='line_1_19' title="bbox 151 1601 1678 1658; baseline 0.003 -18"><span class='ocrx_word' id='word_1_190' title='bbox 151 1601 255 1656; x_wconf 89' lang='lat' dir='ltr'>ipse,</span> <span class='ocrx_word' id='word_1_191' title='bbox 289 1602 373 1641; x_wconf 85' lang='lat' dir='ltr'>sive</span> <span class='ocrx_word' id='word_1_192' title='bbox 400 1602 531 1641; x_wconf 89' lang='lat' dir='ltr'>decem</span> <span class='ocrx_word' id='word_1_193' title='bbox 557 1602 620 1642; x_wconf 88' lang='lat' dir='ltr'>illa</span> <span class='ocrx_word' id='word_1_194' title='bbox 647 1609 851 1656; x_wconf 87' lang='lat' dir='ltr'>praecepta</span> <span class='ocrx_word' id='word_1_195' title='bbox 880 1602 1024 1643; x_wconf 88' lang='lat' dir='ltr'>duabus</span> <span class='ocrx_word' id='word_1_196' title='bbox 1051 1603 1228 1644; x_wconf 85' lang='lat' dir='ltr'>distincta</span> <span class='ocrx_word' id='word_1_197' title='bbox 1257 1604 1418 1654; x_wconf 72' lang='lat' dir='ltr'>tabulis,</span> <span class='ocrx_word' id='word_1_198' title='bbox 1452 1605 1586 1658; x_wconf 89' lang='lat' dir='ltr'>quihus</span> <span class='ocrx_word' id='word_1_199' title='bbox 1613 1612 1678 1645; x_wconf 88' lang='lat' dir='ltr'>aut</span> 
     </span>
     <span class='ocr_line' id='line_1_20' title="bbox 151 1669 1676 1727; baseline 0.003 -18"><span class='ocrx_word' id='word_1_200' title='bbox 151 1669 320 1709; x_wconf 87' lang='lat' dir='ltr'>cavenda</span> <span class='ocrx_word' id='word_1_201' title='bbox 352 1670 603 1724; x_wconf 88' lang='lat' dir='ltr'>prohibentur</span> <span class='ocrx_word' id='word_1_202' title='bbox 632 1678 696 1710; x_wconf 88' lang='lat' dir='ltr'>ant</span> <span class='ocrx_word' id='word_1_203' title='bbox 723 1670 897 1710; x_wconf 86' lang='lat' dir='ltr'>facienda</span> <span class='ocrx_word' id='word_1_204' title='bbox 925 1671 1166 1711; x_wconf 80' lang='lat' dir='ltr'>mandantur.</span> <span class='ocrx_word' id='word_1_205' title='bbox 1230 1670 1341 1724; x_wconf 83' lang='lat' dir='ltr'>Quae</span> <span class='ocrx_word' id='word_1_206' title='bbox 1371 1672 1443 1712; x_wconf 90' lang='lat' dir='ltr'>etsi</span> <span class='ocrx_word' id='word_1_207' title='bbox 1474 1687 1568 1727; x_wconf 90' lang='lat' dir='ltr'>pura</span> <span class='ocrx_word' id='word_1_208' title='bbox 1599 1673 1676 1713; x_wconf 88' lang='lat' dir='ltr'>sint</span> 
     </span>
     <span class='ocr_line' id='line_1_21' title="bbox 150 1737 1674 1795; baseline 0.003 -19"><span class='ocrx_word' id='word_1_209' title='bbox 150 1751 195 1776; x_wconf 84' lang='lat' dir='ltr'>ac</span> <span class='ocrx_word' id='word_1_210' title='bbox 227 1737 388 1791; x_wconf 87' lang='lat' dir='ltr'>liquida,</span> <span class='ocrx_word' id='word_1_211' title='bbox 436 1745 560 1777; x_wconf 83' lang='lat' dir='ltr'>tamen</span> <span class='ocrx_word' id='word_1_212' title='bbox 593 1739 691 1792; x_wconf 90' lang='lat' dir='ltr'>qnod</span> <span class='ocrx_word' id='word_1_213' title='bbox 721 1738 885 1777; x_wconf 87' lang='lat' dir='ltr'>nondum</span> <span class='ocrx_word' id='word_1_214' title='bbox 914 1739 1083 1793; x_wconf 81' lang='lat' dir='ltr'>perfecta</span> <span class='ocrx_word' id='word_1_215' title='bbox 1113 1740 1212 1790; x_wconf 81' lang='lat' dir='ltr'>sint,</span> <span class='ocrx_word' id='word_1_216' title='bbox 1258 1740 1407 1795; x_wconf 89' lang='lat' dir='ltr'>impleri</span> <span class='ocrx_word' id='word_1_217' title='bbox 1435 1754 1455 1780; x_wconf 89' lang='lat' dir='ltr'>a</span> <span class='ocrx_word' id='word_1_218' title='bbox 1481 1741 1674 1782; x_wconf 82' lang='lat' dir='ltr'>salvatore</span> 
     </span>
     <span class='ocr_line' id='line_1_22' title="bbox 151 1804 1674 1862; baseline 0.003 -18"><span class='ocrx_word' id='word_1_219' title='bbox 151 1804 376 1845; x_wconf 81' lang='lat' dir='ltr'>debuerant.</span> <span class='ocrx_word' id='word_1_220' title='bbox 440 1806 499 1845; x_wconf 85' lang='lat' dir='ltr'>Ad</span> <span class='ocrx_word' id='word_1_221' title='bbox 523 1806 613 1846; x_wconf 90' lang='lat' dir='ltr'>illud</span> <span class='ocrx_word' id='word_1_222' title='bbox 640 1820 732 1846; x_wconf 90' lang='lat' dir='ltr'>vero</span> <span class='ocrx_word' id='word_1_223' title='bbox 754 1820 899 1860; x_wconf 84' lang='lat' dir='ltr'>genus,</span> <span class='ocrx_word' id='word_1_224' title='bbox 933 1807 1030 1861; x_wconf 91' lang='lat' dir='ltr'>quod</span> <span class='ocrx_word' id='word_1_225' title='bbox 1056 1806 1267 1848; x_wconf 84' lang='lat' dir='ltr'>iniustitiae</span> <span class='ocrx_word' id='word_1_226' title='bbox 1289 1808 1430 1862; x_wconf 87' lang='lat' dir='ltr'>aliquid</span> <span class='ocrx_word' id='word_1_227' title='bbox 1452 1808 1587 1859; x_wconf 85' lang='lat' dir='ltr'>habet,</span> <span class='ocrx_word' id='word_1_228' title='bbox 1621 1809 1674 1850; x_wconf 88' lang='lat' dir='ltr'>le-</span> 
     </span>
     <span class='ocr_line' id='line_1_23' title="bbox 149 1873 1674 1931; baseline 0.003 -19"><span class='ocrx_word' id='word_1_229' title='bbox 149 1887 218 1927; x_wconf 83' lang='lat' dir='ltr'>ges</span> <span class='ocrx_word' id='word_1_230' title='bbox 249 1873 338 1913; x_wconf 90' lang='lat' dir='ltr'>illae</span> <span class='ocrx_word' id='word_1_231' title='bbox 365 1874 596 1914; x_wconf 75' lang='lat' dir='ltr'>referendae</span> <span class='ocrx_word' id='word_1_232' title='bbox 622 1881 736 1924; x_wconf 80' lang='lat' dir='ltr'>sunt,</span> <span class='ocrx_word' id='word_1_233' title='bbox 779 1875 914 1928; x_wconf 91' lang='lat' dir='ltr'>quibus</span> <span class='ocrx_word' id='word_1_234' title='bbox 939 1875 1164 1916; x_wconf 82' lang='lat' dir='ltr'>iniuriarum</span> <span class='ocrx_word' id='word_1_235' title='bbox 1191 1876 1432 1931; x_wconf 81' lang='lat' dir='ltr'>persecutio,</span> <span class='ocrx_word' id='word_1_236' title='bbox 1466 1891 1674 1931; x_wconf 86' lang='lat' dir='ltr'>eorumque</span> 
     </span>
     <span class='ocr_line' id='line_1_24' title="bbox 151 1941 1872 1998; baseline 0.003 -18"><span class='ocrx_word' id='word_1_237' title='bbox 151 1941 214 1995; x_wconf 87' lang='lat' dir='ltr'>qui</span> <span class='ocrx_word' id='word_1_238' title='bbox 239 1941 386 1996; x_wconf 88' lang='lat' dir='ltr'>priores</span> <span class='ocrx_word' id='word_1_239' title='bbox 411 1956 481 1982; x_wconf 92' lang='lat' dir='ltr'>uos</span> <span class='ocrx_word' id='word_1_240' title='bbox 506 1942 715 1992; x_wconf 85' lang='lat' dir='ltr'>laeserint,</span> <span class='ocrx_word' id='word_1_241' title='bbox 747 1942 955 1983; x_wconf 85' lang='lat' dir='ltr'>vindicatio</span> <span class='ocrx_word' id='word_1_242' title='bbox 977 1944 1267 1998; x_wconf 79' lang='lat' dir='ltr'>praescribitur.</span> <span class='ocrx_word' id='word_1_243' title='bbox 1330 1943 1449 1984; x_wconf 81' lang='lat' dir='ltr'>Velut</span> <span class='ocrx_word' id='word_1_244' title='bbox 1472 1959 1554 1984; x_wconf 88' lang='lat' dir='ltr'>cum</span> <span class='ocrx_word' id='word_1_245' title='bbox 1582 1949 1675 1985; x_wconf 76' lang='lat' dir='ltr'>Ocu·</span> <span class='ocrx_word' id='word_1_246' title='bbox 1691 1953 1872 1989; x_wconf 69' lang='lat' dir='ltr'>Lev.24‚2o.</span> 
     </span>
     <span class='ocr_line' id='line_1_25' title="bbox 151 2011 1672 2068; baseline 0.004 -21"><span class='ocrx_word' id='word_1_247' title='bbox 151 2011 224 2048; x_wconf 81' lang='lat' dir='ltr'>lum</span> <span class='ocrx_word' id='word_1_248' title='bbox 243 2024 314 2061; x_wconf 83' lang='lat' dir='ltr'>pro</span> <span class='ocrx_word' id='word_1_249' title='bbox 339 2012 464 2057; x_wconf 69' lang='lat' dir='ltr'>oculo,</span> <span class='ocrx_word' id='word_1_250' title='bbox 509 2013 649 2048; x_wconf 79' lang='lat' dir='ltr'>dentem</span> <span class='ocrx_word' id='word_1_251' title='bbox 673 2012 782 2049; x_wconf 75' lang='lat' dir='ltr'>evelli</span> <span class='ocrx_word' id='word_1_252' title='bbox 798 2026 870 2062; x_wconf 76' lang='lat' dir='ltr'>pro</span> <span class='ocrx_word' id='word_1_253' title='bbox 895 2014 1021 2060; x_wconf 73' lang='lat' dir='ltr'>deme,</span> <span class='ocrx_word' id='word_1_254' title='bbox 1066 2026 1110 2051; x_wconf 80' lang='lat' dir='ltr'>ae</span> <span class='ocrx_word' id='word_1_255' title='bbox 1135 2015 1278 2051; x_wconf 83' lang='lat' dir='ltr'>caedem</span> <span class='ocrx_word' id='word_1_256' title='bbox 1303 2015 1412 2051; x_wconf 73' lang='lat' dir='ltr'>caede</span> <span class='ocrx_word' id='word_1_257' title='bbox 1432 2014 1672 2068; x_wconf 88' lang='lat' dir='ltr'>compensari</span> 
     </span>
     <span class='ocr_line' id='line_1_26' title="bbox 150 2076 1672 2136; baseline 0.003 -20"><span class='ocrx_word' id='word_1_258' title='bbox 150 2077 350 2131; x_wconf 85' lang='lat' dir='ltr'>praecipit.</span> <span class='ocrx_word' id='word_1_259' title='bbox 412 2076 552 2131; x_wconf 88' lang='lat' dir='ltr'>Neque</span> <span class='ocrx_word' id='word_1_260' title='bbox 581 2078 681 2117; x_wconf 88' lang='lat' dir='ltr'>enim</span> <span class='ocrx_word' id='word_1_261' title='bbox 708 2078 832 2118; x_wconf 88' lang='lat' dir='ltr'>minus</span> <span class='ocrx_word' id='word_1_262' title='bbox 857 2079 995 2119; x_wconf 89' lang='lat' dir='ltr'>iniuste</span> <span class='ocrx_word' id='word_1_263' title='bbox 1025 2079 1102 2134; x_wconf 82' lang='lat' dir='ltr'>agit</span> <span class='ocrx_word' id='word_1_264' title='bbox 1131 2080 1193 2134; x_wconf 90' lang='lat' dir='ltr'>qui</span> <span class='ocrx_word' id='word_1_265' title='bbox 1224 2080 1259 2120; x_wconf 92' lang='lat' dir='ltr'>id</span> <span class='ocrx_word' id='word_1_266' title='bbox 1287 2088 1373 2135; x_wconf 87' lang='lat' dir='ltr'>post</span> <span class='ocrx_word' id='word_1_267' title='bbox 1398 2081 1559 2121; x_wconf 89' lang='lat' dir='ltr'>alterum</span> <span class='ocrx_word' id='word_1_268' title='bbox 1587 2095 1672 2136; x_wconf 86' lang='lat' dir='ltr'>per-</span> 
     </span>
     <span class='ocr_line' id='line_1_27' title="bbox 151 2145 1671 2201; baseline 0.003 -17"><span class='ocrx_word' id='word_1_269' title='bbox 151 2152 297 2199; x_wconf 79' lang='lat' dir='ltr'>petrat,</span> <span class='ocrx_word' id='word_1_270' title='bbox 330 2159 414 2185; x_wconf 89' lang='lat' dir='ltr'>cum</span> <span class='ocrx_word' id='word_1_271' title='bbox 440 2146 560 2186; x_wconf 88' lang='lat' dir='ltr'>solius</span> <span class='ocrx_word' id='word_1_272' title='bbox 582 2145 727 2186; x_wconf 87' lang='lat' dir='ltr'>ordinis</span> <span class='ocrx_word' id='word_1_273' title='bbox 751 2146 924 2196; x_wconf 86' lang='lat' dir='ltr'>intersit,</span> <span class='ocrx_word' id='word_1_274' title='bbox 958 2155 1071 2201; x_wconf 89' lang='lat' dir='ltr'>atque</span> <span class='ocrx_word' id='word_1_275' title='bbox 1094 2147 1192 2187; x_wconf 87' lang='lat' dir='ltr'>idem</span> <span class='ocrx_word' id='word_1_276' title='bbox 1220 2149 1374 2188; x_wconf 90' lang='lat' dir='ltr'>omnino</span> <span class='ocrx_word' id='word_1_277' title='bbox 1402 2148 1547 2190; x_wconf 84' lang='lat' dir='ltr'>facinus</span> <span class='ocrx_word' id='word_1_278' title='bbox 1568 2163 1671 2189; x_wconf 85' lang='lat' dir='ltr'>com-</span> 
     </span>
     <span class='ocr_line' id='line_1_28' title="bbox 148 2212 1669 2271; baseline 0.003 -19"><span class='ocrx_word' id='word_1_279' title='bbox 148 2213 287 2253; x_wconf 85' lang='lat' dir='ltr'>mittat.</span> <span class='ocrx_word' id='word_1_280' title='bbox 351 2212 428 2254; x_wconf 86' lang='lat' dir='ltr'>Sed</span> <span class='ocrx_word' id='word_1_281' title='bbox 452 2213 542 2253; x_wconf 91' lang='lat' dir='ltr'>illud</span> <span class='ocrx_word' id='word_1_282' title='bbox 564 2221 807 2267; x_wconf 87' lang='lat' dir='ltr'>praeceptum</span> <span class='ocrx_word' id='word_1_283' title='bbox 830 2215 969 2269; x_wconf 86' lang='lat' dir='ltr'>alioqui</span> <span class='ocrx_word' id='word_1_284' title='bbox 992 2215 1132 2256; x_wconf 90' lang='lat' dir='ltr'>iustum</span> <span class='ocrx_word' id='word_1_285' title='bbox 1157 2223 1255 2266; x_wconf 87' lang='lat' dir='ltr'>erat,</span> <span class='ocrx_word' id='word_1_286' title='bbox 1286 2224 1324 2256; x_wconf 86' lang='lat' dir='ltr'>et</span> <span class='ocrx_word' id='word_1_287' title='bbox 1344 2224 1403 2256; x_wconf 85' lang='lat' dir='ltr'>est</span> <span class='ocrx_word' id='word_1_288' title='bbox 1423 2217 1549 2266; x_wconf 86' lang='lat' dir='ltr'>modo,</span> <span class='ocrx_word' id='word_1_289' title='bbox 1584 2231 1669 2271; x_wconf 88' lang='lat' dir='ltr'>pro-</span> 
     </span>
     <span class='ocr_line' id='line_1_29' title="bbox 150 2281 1668 2335; baseline 0.004 -16"><span class='ocrx_word' id='word_1_290' title='bbox 150 2288 235 2335; x_wconf 89' lang='lat' dir='ltr'>pter</span> <span class='ocrx_word' id='word_1_291' title='bbox 257 2294 388 2321; x_wconf 88' lang='lat' dir='ltr'>eorum</span> <span class='ocrx_word' id='word_1_292' title='bbox 412 2281 671 2321; x_wconf 85' lang='lat' dir='ltr'>infirmitatem</span> <span class='ocrx_word' id='word_1_293' title='bbox 698 2282 832 2335; x_wconf 91' lang='lat' dir='ltr'>quibus</span> <span class='ocrx_word' id='word_1_294' title='bbox 857 2283 997 2323; x_wconf 87' lang='lat' dir='ltr'>editum</span> <span class='ocrx_word' id='word_1_295' title='bbox 1025 2283 1116 2334; x_wconf 84' lang='lat' dir='ltr'>suit,</span> <span class='ocrx_word' id='word_1_296' title='bbox 1158 2298 1242 2323; x_wconf 83' lang='lat' dir='ltr'>cum</span> <span class='ocrx_word' id='word_1_297' title='bbox 1264 2283 1313 2324; x_wconf 87' lang='lat' dir='ltr'>sit</span> <span class='ocrx_word' id='word_1_298' title='bbox 1337 2285 1522 2325; x_wconf 87' lang='lat' dir='ltr'>adversus</span> <span class='ocrx_word' id='word_1_299' title='bbox 1544 2285 1668 2325; x_wconf 89' lang='lat' dir='ltr'>since-</span> 
     </span>
     <span class='ocr_line' id='line_1_30' title="bbox 149 2348 1667 2408; baseline 0.004 -20"><span class='ocrx_word' id='word_1_300' title='bbox 149 2348 265 2389; x_wconf 90' lang='lat' dir='ltr'>rioris</span> <span class='ocrx_word' id='word_1_301' title='bbox 287 2349 384 2403; x_wconf 87' lang='lat' dir='ltr'>legis</span> <span class='ocrx_word' id='word_1_302' title='bbox 408 2349 655 2389; x_wconf 87' lang='lat' dir='ltr'>violationem</span> <span class='ocrx_word' id='word_1_303' title='bbox 682 2351 981 2405; x_wconf 84' lang='lat' dir='ltr'>praescriptum,</span> <span class='ocrx_word' id='word_1_304' title='bbox 1023 2352 1112 2391; x_wconf 88' lang='lat' dir='ltr'>licet</span> <span class='ocrx_word' id='word_1_305' title='bbox 1135 2366 1155 2391; x_wconf 90' lang='lat' dir='ltr'>a</span> <span class='ocrx_word' id='word_1_306' title='bbox 1178 2352 1389 2392; x_wconf 87' lang='lat' dir='ltr'>communis</span> <span class='ocrx_word' id='word_1_307' title='bbox 1415 2352 1580 2393; x_wconf 90' lang='lat' dir='ltr'>omnium</span> <span class='ocrx_word' id='word_1_308' title='bbox 1604 2368 1667 2408; x_wconf 88' lang='lat' dir='ltr'>pa-</span> 
     </span>
     <span class='ocr_line' id='line_1_31' title="bbox 148 2417 1663 2475; baseline 0.004 -19"><span class='ocrx_word' id='word_1_309' title='bbox 148 2417 269 2457; x_wconf 88' lang='lat' dir='ltr'>rentis</span> <span class='ocrx_word' id='word_1_310' title='bbox 295 2424 429 2457; x_wconf 88' lang='lat' dir='ltr'>natura</span> <span class='ocrx_word' id='word_1_311' title='bbox 457 2431 502 2457; x_wconf 87' lang='lat' dir='ltr'>ac</span> <span class='ocrx_word' id='word_1_312' title='bbox 529 2417 700 2457; x_wconf 82' lang='lat' dir='ltr'>bonitate</span> <span class='ocrx_word' id='word_1_313' title='bbox 725 2418 775 2458; x_wconf 93' lang='lat' dir='ltr'>sit</span> <span class='ocrx_word' id='word_1_314' title='bbox 798 2418 986 2471; x_wconf 79' lang='lat' dir='ltr'>alienum3</span> <span class='ocrx_word' id='word_1_315' title='bbox 1030 2420 1092 2460; x_wconf 84' lang='lat' dir='ltr'>vel</span> <span class='ocrx_word' id='word_1_316' title='bbox 1115 2427 1415 2460; x_wconf 87' lang='lat' dir='ltr'>consentaneum</span> <span class='ocrx_word' id='word_1_317' title='bbox 1440 2420 1565 2475; x_wconf 90' lang='lat' dir='ltr'>potius</span> <span class='ocrx_word' id='word_1_318' title='bbox 1591 2429 1663 2473; x_wconf 85' lang='lat' dir='ltr'>est,</span> 
     </span>
     <span class='ocr_line' id='line_1_32' title="bbox 147 2485 1664 2542; baseline 0.003 -18"><span class='ocrx_word' id='word_1_319' title='bbox 147 2486 214 2524; x_wconf 88' lang='lat' dir='ltr'>sed</span> <span class='ocrx_word' id='word_1_320' title='bbox 237 2485 468 2525; x_wconf 85' lang='lat' dir='ltr'>necessitate</span> <span class='ocrx_word' id='word_1_321' title='bbox 491 2485 650 2538; x_wconf 86' lang='lat' dir='ltr'>quadam</span> <span class='ocrx_word' id='word_1_322' title='bbox 674 2499 915 2539; x_wconf 85' lang='lat' dir='ltr'>expressum.</span> <span class='ocrx_word' id='word_1_323' title='bbox 958 2487 1060 2528; x_wconf 88' lang='lat' dir='ltr'>Nam</span> <span class='ocrx_word' id='word_1_324' title='bbox 1082 2489 1143 2542; x_wconf 87' lang='lat' dir='ltr'>qui</span> <span class='ocrx_word' id='word_1_325' title='bbox 1167 2488 1227 2528; x_wconf 87' lang='lat' dir='ltr'>vel</span> <span class='ocrx_word' id='word_1_326' title='bbox 1248 2488 1399 2528; x_wconf 85' lang='lat' dir='ltr'>unicum</span> <span class='ocrx_word' id='word_1_327' title='bbox 1424 2489 1664 2530; x_wconf 83' lang='lat' dir='ltr'>homicidium</span> 
     </span>
     <span class='ocr_line' id='line_1_33' title="bbox 147 2553 1665 2610; baseline 0.004 -18"><span class='ocrx_word' id='word_1_328' title='bbox 147 2559 254 2593; x_wconf 90' lang='lat' dir='ltr'>vetat</span> <span class='ocrx_word' id='word_1_329' title='bbox 275 2553 378 2601; x_wconf 83' lang='lat' dir='ltr'>fieri,</span> <span class='ocrx_word' id='word_1_330' title='bbox 413 2554 499 2592; x_wconf 90' lang='lat' dir='ltr'>dum</span> <span class='ocrx_word' id='word_1_331' title='bbox 523 2553 576 2593; x_wconf 84' lang='lat' dir='ltr'>ita</span> <span class='ocrx_word' id='word_1_332' title='bbox 600 2553 753 2604; x_wconf 87' lang='lat' dir='ltr'>statuit,</span> <span class='ocrx_word' id='word_1_333' title='bbox 792 2554 882 2595; x_wconf 85' lang='lat' dir='ltr'>Non</span> <span class='ocrx_word' id='word_1_334' title='bbox 907 2556 1082 2606; x_wconf 84' lang='lat' dir='ltr'>occides,</span> <span class='ocrx_word' id='word_1_335' title='bbox 1121 2571 1204 2596; x_wconf 85' lang='lat' dir='ltr'>cum</span> <span class='ocrx_word' id='word_1_336' title='bbox 1231 2564 1360 2610; x_wconf 83' lang='lat' dir='ltr'>postea</span> <span class='ocrx_word' id='word_1_337' title='bbox 1384 2558 1512 2598; x_wconf 89' lang='lat' dir='ltr'>caedis</span> <span class='ocrx_word' id='word_1_338' title='bbox 1535 2564 1665 2598; x_wconf 88' lang='lat' dir='ltr'>aucto-</span> 
     </span>
     <span class='ocr_line' id='line_1_34' title="bbox 148 2620 1664 2680; baseline 0.005 -21"><span class='ocrx_word' id='word_1_339' title='bbox 148 2633 229 2660; x_wconf 87' lang='lat' dir='ltr'>rem</span> <span class='ocrx_word' id='word_1_340' title='bbox 254 2620 426 2660; x_wconf 87' lang='lat' dir='ltr'>vicissim</span> <span class='ocrx_word' id='word_1_341' title='bbox 450 2620 611 2660; x_wconf 86' lang='lat' dir='ltr'>interfici</span> <span class='ocrx_word' id='word_1_342' title='bbox 638 2621 742 2661; x_wconf 90' lang='lat' dir='ltr'>iubet</span> <span class='ocrx_word' id='word_1_343' title='bbox 767 2636 813 2662; x_wconf 86' lang='lat' dir='ltr'>ac</span> <span class='ocrx_word' id='word_1_344' title='bbox 837 2625 1042 2664; x_wconf 87' lang='lat' dir='ltr'>secundam</span> <span class='ocrx_word' id='word_1_345' title='bbox 1069 2625 1189 2678; x_wconf 85' lang='lat' dir='ltr'>legem</span> <span class='ocrx_word' id='word_1_346' title='bbox 1217 2626 1345 2665; x_wconf 85' lang='lat' dir='ltr'>serens</span> <span class='ocrx_word' id='word_1_347' title='bbox 1369 2626 1554 2680; x_wconf 86' lang='lat' dir='ltr'>duplicem</span> <span class='ocrx_word' id='word_1_348' title='bbox 1579 2640 1664 2667; x_wconf 88' lang='lat' dir='ltr'>cae-</span> 
     </span>
     <span class='ocr_line' id='line_1_35' title="bbox 147 2688 1663 2743; baseline 0.005 -16"><span class='ocrx_word' id='word_1_349' title='bbox 147 2689 230 2728; x_wconf 90' lang='lat' dir='ltr'>dem</span> <span class='ocrx_word' id='word_1_350' title='bbox 258 2688 441 2743; x_wconf 86' lang='lat' dir='ltr'>imperat‚</span> <span class='ocrx_word' id='word_1_351' title='bbox 486 2688 548 2742; x_wconf 88' lang='lat' dir='ltr'>qui</span> <span class='ocrx_word' id='word_1_352' title='bbox 581 2702 691 2728; x_wconf 88' lang='lat' dir='ltr'>unam</span> <span class='ocrx_word' id='word_1_353' title='bbox 719 2689 984 2743; x_wconf 85' lang='lat' dir='ltr'>prohibuerat,</span> <span class='ocrx_word' id='word_1_354' title='bbox 1030 2693 1076 2732; x_wconf 87' lang='lat' dir='ltr'>ad</span> <span class='ocrx_word' id='word_1_355' title='bbox 1107 2706 1149 2732; x_wconf 89' lang='lat' dir='ltr'>ea</span> <span class='ocrx_word' id='word_1_356' title='bbox 1178 2693 1410 2733; x_wconf 85' lang='lat' dir='ltr'>necessitate</span> <span class='ocrx_word' id='word_1_357' title='bbox 1440 2701 1594 2735; x_wconf 87' lang='lat' dir='ltr'>coactus</span> <span class='ocrx_word' id='word_1_358' title='bbox 1625 2703 1663 2736; x_wconf 88' lang='lat' dir='ltr'>et</span> 
     </span>
     <span class='ocr_line' id='line_1_36' title="bbox 145 2755 1661 2813; baseline 0.007 -18"><span class='ocrx_word' id='word_1_359' title='bbox 145 2755 364 2810; x_wconf 87' lang='lat' dir='ltr'>imprudens</span> <span class='ocrx_word' id='word_1_360' title='bbox 389 2757 608 2796; x_wconf 87' lang='lat' dir='ltr'>decurrisse</span> <span class='ocrx_word' id='word_1_361' title='bbox 635 2756 798 2798; x_wconf 88' lang='lat' dir='ltr'>videtur.</span> <span class='ocrx_word' id='word_1_362' title='bbox 859 2758 989 2813; x_wconf 88' lang='lat' dir='ltr'>Atque</span> <span class='ocrx_word' id='word_1_363' title='bbox 1014 2759 1100 2799; x_wconf 90' lang='lat' dir='ltr'>ideo</span> <span class='ocrx_word' id='word_1_364' title='bbox 1124 2760 1264 2800; x_wconf 87' lang='lat' dir='ltr'>missus</span> <span class='ocrx_word' id='word_1_365' title='bbox 1292 2760 1337 2800; x_wconf 85' lang='lat' dir='ltr'>ab</span> <span class='ocrx_word' id='word_1_366' title='bbox 1363 2760 1426 2802; x_wconf 93' lang='lat' dir='ltr'>illo</span> <span class='ocrx_word' id='word_1_367' title='bbox 1454 2762 1550 2804; x_wconf 85' lang='lat' dir='ltr'>fitius</span> <span class='ocrx_word' id='word_1_368' title='bbox 1578 2777 1661 2805; x_wconf 90' lang='lat' dir='ltr'>eam</span> 
     </span>
     <span class='ocr_line' id='line_1_37' title="bbox 147 2823 1659 2883; baseline 0.007 -21"><span class='ocrx_word' id='word_1_369' title='bbox 147 2823 240 2877; x_wconf 83' lang='lat' dir='ltr'>legis</span> <span class='ocrx_word' id='word_1_370' title='bbox 268 2831 414 2878; x_wconf 90' lang='lat' dir='ltr'>partem</span> <span class='ocrx_word' id='word_1_371' title='bbox 440 2824 653 2878; x_wconf 87' lang='lat' dir='ltr'>antiquavit</span> <span class='ocrx_word' id='word_1_372' title='bbox 677 2838 788 2878; x_wconf 88' lang='lat' dir='ltr'>quam</span> <span class='ocrx_word' id='word_1_373' title='bbox 815 2827 964 2880; x_wconf 90' lang='lat' dir='ltr'>quidem</span> <span class='ocrx_word' id='word_1_374' title='bbox 995 2842 1016 2868; x_wconf 91' lang='lat' dir='ltr'>a</span> <span class='ocrx_word' id='word_1_375' title='bbox 1048 2828 1118 2868; x_wconf 90' lang='lat' dir='ltr'>deo</span> <span class='ocrx_word' id='word_1_376' title='bbox 1143 2828 1256 2868; x_wconf 86' lang='lat' dir='ltr'>latam</span> <span class='ocrx_word' id='word_1_377' title='bbox 1289 2834 1327 2868; x_wconf 81' lang='lat' dir='ltr'>et</span> <span class='ocrx_word' id='word_1_378' title='bbox 1350 2828 1432 2883; x_wconf 84' lang='lat' dir='ltr'>ipse</span> <span class='ocrx_word' id='word_1_379' title='bbox 1459 2832 1659 2873; x_wconf 86' lang='lat' dir='ltr'>confessus</span> 
     </span>
    </p>
   </div>
   <div class='ocr_carea' id='block_1_4' title="bbox 143 2949 1504 3085">
    <p class='ocr_par' dir='ltr' id='par_1_8' title="bbox 143 2949 1504 3085">
     <span class='ocr_line' id='line_1_38' title="bbox 143 2949 1214 2986; baseline 0.003 -7"><span class='ocrx_word' id='word_1_380' title='bbox 143 2949 190 2986; x_wconf 71' lang='lat' dir='ltr'>pit</span> <span class='ocrx_word' id='word_1_381' title='bbox 207 2949 353 2980; x_wconf 81' lang='lat' dir='ltr'>Petavius</span> <span class='ocrx_word' id='word_1_382' title='bbox 372 2958 410 2980; x_wconf 80' lang='lat' dir='ltr'>ex</span> <span class='ocrx_word' id='word_1_383' title='bbox 427 2950 492 2980; x_wconf 85' lang='lat' dir='ltr'>cod.</span> <span class='ocrx_word' id='word_1_384' title='bbox 516 2951 611 2980; x_wconf 77' lang='lat' dir='ltr'>Vatic.</span> <span class='ocrx_word' id='word_1_385' title='bbox 643 2950 746 2981; x_wconf 80' lang='lat' dir='ltr'>Etiam</span> <span class='ocrx_word' id='word_1_386' title='bbox 769 2951 883 2983; x_wconf 84' lang='lat' dir='ltr'>Corna-</span> <span class='ocrx_word' id='word_1_387' title='bbox 931 2954 964 2984; x_wconf 76' lang='lat' dir='ltr'>tit</span> <span class='ocrx_word' id='word_1_388' title='bbox 987 2951 1214 2984; x_wconf 82' lang='lat' dir='ltr'>nefandorum.</span> 
     </span>
     <span class='ocr_line' id='line_1_39' title="bbox 146 2992 1504 3042; baseline 0.007 -19"><span class='ocrx_word' id='word_1_389' title='bbox 146 2994 211 3024; x_wconf 82' lang='lat' dir='ltr'>rius</span> <span class='ocrx_word' id='word_1_390' title='bbox 239 2995 328 3024; x_wconf 76' lang='lat' dir='ltr'>vertit</span> <span class='ocrx_word' id='word_1_391' title='bbox 360 2992 402 3024; x_wconf 83' lang='lat' dir='ltr'>ad</span> <span class='ocrx_word' id='word_1_392' title='bbox 433 2993 649 3025; x_wconf 82' lang='lat' dir='ltr'>sublationem</span> <span class='ocrx_word' id='word_1_393' title='bbox 681 2993 876 3027; x_wconf 87' lang='lat' dir='ltr'>interdicto-</span> <span class='ocrx_word' id='word_1_394' title='bbox 966 2994 996 3029; x_wconf 71' lang='lat'>4.</span> <span class='ocrx_word' id='word_1_395' title='bbox 1024 2998 1087 3029; x_wconf 84' lang='lat' dir='ltr'>Cod</span> <span class='ocrx_word' id='word_1_396' title='bbox 1120 2999 1214 3028; x_wconf 75' lang='lat' dir='ltr'>Venet.</span> <span class='ocrx_word' id='word_1_397' title='bbox 1238 2995 1274 3031; x_wconf 79' lang='grc' dir='ltr'>τὸ</span> <span class='ocrx_word' id='word_1_398' title='bbox 1299 2996 1504 3042; x_wconf 81' lang='grc' dir='ltr'>πρόςταγμα.</span> 
     </span>
     <span class='ocr_line' id='line_1_40' title="bbox 147 3035 1310 3085; baseline 0.008 -18"><span class='ocrx_word' id='word_1_399' title='bbox 147 3046 227 3068; x_wconf 87' lang='lat' dir='ltr'>rum.</span> <span class='ocrx_word' id='word_1_400' title='bbox 276 3039 408 3070; x_wconf 85' lang='lat' dir='ltr'>Grabius</span> <span class='ocrx_word' id='word_1_401' title='bbox 425 3041 530 3072; x_wconf 83' lang='lat' dir='ltr'>retinet</span> <span class='ocrx_word' id='word_1_402' title='bbox 548 3035 747 3082; x_wconf 59' lang='grc' dir='ltr'><strong>ἀφθέγκτων</strong></span> <span class='ocrx_word' id='word_1_403' title='bbox 766 3044 793 3073; x_wconf 79' lang='grc' dir='ltr'>ει</span> <span class='ocrx_word' id='word_1_404' title='bbox 809 3050 876 3073; x_wconf 86' lang='lat' dir='ltr'>ver·</span> <span class='ocrx_word' id='word_1_405' title='bbox 965 3043 996 3074; x_wconf 84' lang='lat'>5.</span> <span class='ocrx_word' id='word_1_406' title='bbox 1024 3043 1097 3075; x_wconf 85' lang='lat' dir='ltr'>Cod.</span> <span class='ocrx_word' id='word_1_407' title='bbox 1117 3043 1213 3074; x_wconf 82' lang='lat' dir='ltr'>Venet.</span> <span class='ocrx_word' id='word_1_408' title='bbox 1238 3042 1310 3085; x_wconf 79' lang='grc' dir='ltr'><strong>τῆς.</strong></span> 
     </span>
    </p>
   </div>
  </div>
 </body>
</html>
