2034 3267
437 177 615 208 PANAssn
640 178 722 209 ΜΒ.
739 179 761 209 t.
789 178 895 210 ToM.
919 179 974 209 111.
1001 178 1127 209 HAER.
1149 178 1345 210 xxxvnr.
1574 170 1652 209 513

133 255 243 297 Pauli
274 256 436 311 apostoli
470 256 623 296 nomine
655 256 820 296 libellum
848 257 1121 310 excogitarunt
1144 264 1393 311 praepostera
1418 256 1572 296 libidine
1596 271 1656 296 re-

135 325 295 374 fertum,
342 338 452 376 quem
489 331 526 363 et
556 324 579 363 ii
616 338 710 378 quos
741 324 950 365 Gnosticos
984 331 1123 365 vocant
1154 324 1333 364 adhibere
1367 325 1514 375 solent,
1559 325 1657 379 qnod

135 390 246 432 Panti
269 391 524 432 Anabaticum
549 400 710 443 vocant,
745 391 852 432 cuius
877 391 1076 446 suppositii
1100 392 1227 446 operis
1251 406 1382 431 ansam
1403 407 1452 432 ex
1476 406 1522 432 eo
1546 406 1658 447 cepe-

135 466 243 508 runt,
289 461 387 513 quod
414 460 609 514 apostolus
634 461 715 515 ipse
742 467 905 500 testetur
928 474 968 499 se
995 459 1032 498 in
1059 460 1209 498 tertium
1238 473 1357 512 usqne
1384 461 1657 500 conscendisse
1677 473 1859 509 2.c0r.12‚4.

135 527 300 577 coelum,
330 535 368 567 et
389 542 527 568 arcana
552 528 688 568 ibidem
711 528 863 568 audisse
885 527 1019 576 verba,
1050 541 1146 580 quac
1169 541 1242 566 non
1267 526 1356 567 licet
1377 528 1517 568 homini
1537 529 1655 582 loqui.

135 594 244 635 Haec
263 602 406 645 autem,
440 596 631 650 inquiunt,
665 610 805 635 arcana
827 595 890 635 itta
916 594 1033 634 verba
1057 601 1160 634 sunt.
1207 593 1318 647 Quae
1340 596 1488 649 quidem
1514 597 1657 647 omnia,

134 662 258 716 iisque
282 663 442 714 similia,
476 664 530 704 ita
551 663 863 717 quemadmodum
889 661 1104 702 monuimus
1130 663 1289 712 docent,
1334 670 1374 702 ut
1398 670 1435 702 et
1462 664 1569 703 malis
1595 664 1661 703 lio-

137 744 267 770 norem
292 731 515 771 habeantet
539 732 660 771 bonos
683 731 898 785 repudient.
959 728 1060 770 Nam
1086 727 1248 770 Cainum
1276 731 1445 770 fortioris
1465 732 1660 772 cniusdam

137 812 224 839 csse
249 798 435 849 Virtutis,
481 806 519 839 et
543 799 704 838 Abelum
731 797 952 837 infirmioris
979 797 1164 837 sentiunt.
1228 796 1335 850 Quas
1361 799 1462 853 ipsas
1489 798 1662 839 Virtutes

137 881 221 906 cum
243 865 326 906 Eva
349 880 580 920 congressas
601 873 801 919 utrumque
821 865 1003 919 genuisse
1025 866 1079 904 sic
1099 865 1300 914 affirmant,
1323 873 1364 905 ut
1384 866 1541 906 alterius
1559 868 1664 908 Abo-

137 934 195 974 lus
220 934 292 985 sit,
329 932 474 975 Cainus
498 933 670 973 alterius.
735 932 838 986 Quin
864 933 1054 973 Adamnm
1081 941 1193 987 atque
1219 932 1342 974 Evam
1369 934 1501 974 iisdem
1529 949 1549 974 a
1575 934 1664 975 Vir-

138 1003 303 1053 tutibus,
349 1003 430 1042 sive
462 1000 633 1055 angelis,
679 1001 866 1054 originem
901 1002 1090 1051 traxisse,
1137 1015 1307 1055 quosque
1334 1016 1505 1054 genuere
1531 1009 1664 1057 postea

138 1070 305 1121 liberos,
341 1067 503 1110 Cainum
525 1069 678 1123 inquam
704 1077 741 1109 et
763 1069 945 1119 Abelum,
978 1083 1108 1109 secum
1131 1070 1296 1110 invicem
1317 1069 1469 1110 rixatos
1492 1083 1594 1121 esse,
1629 1077 1667 1110 et

139 1139 199 1192 qui
235 1137 380 1178 fortiori
414 1137 460 1176 ab
492 1135 646 1177 Virtute
678 1145 908 1192 propagatus
944 1138 1068 1177 fuerat
1101 1136 1665 1193 inferioris-imbecilliorisque

138 1205 306 1246 sobolem
339 1205 542 1246 occidisse.

248 1272 355 1314 Haec
381 1273 508 1314 onmia
531 1273 817 1313 mendaciorum
844 1280 1021 1328 portenta
1053 1274 1089 1313 in
1116 1273 1311 1314 tradendis
1338 1274 1532 1328 pestiferis
1555 1274 1665 1328 igno·
1694 1280 1769 1323 Cap.
1790 1282 1846 1313 111.

139 1341 287 1381 rantiae
312 1355 405 1382 suae
427 1341 623 1396 mysteriis
646 1341 690 1380 ad
713 1348 945 1381 sectatorum
970 1341 1177 1396 perniciem
1201 1349 1433 1396 aspergunt,
1466 1342 1577 1396 idque
1601 1343 1667 1383 ad-

137 1416 316 1459 monent,
361 1409 500 1450 deberc
527 1408 732 1463 quemlibet
760 1408 957 1449 fortiorem
985 1409 1055 1448 sibi
1083 1409 1266 1463 adoptare
1295 1408 1511 1460 Virtutem,
1553 1418 1667 1464 atque

138 1477 183 1517 ab
215 1477 388 1517 inferiori
420 1485 459 1517 et
489 1475 729 1516 imbecilliori
761 1477 936 1527 secerni,
979 1491 1025 1517 ea
1051 1476 1226 1517 videlicet
1259 1491 1355 1531 quae
1388 1485 1426 1517 et
1450 1478 1597 1518 coelum
1630 1486 1668 1518 et

138 1559 293 1585 carnem
317 1552 354 1585 et
376 1546 554 1585 mnndum
579 1543 841 1594 fabricaverit,
875 1544 1006 1598 sicque
1031 1546 1075 1585 ad
1097 1546 1296 1599 superiora
1321 1559 1387 1599 per
1408 1543 1552 1586 Christi
1576 1560 1667 1587 evo-

137 1614 216 1654 lare
243 1613 483 1667 supplicium.
549 1611 658 1652 Hanc
689 1612 790 1651 enim
824 1612 942 1652 fuisse
968 1627 1144 1653 caussam
1171 1614 1307 1654 volunt
1329 1628 1397 1653 cur
1423 1628 1442 1653 e
1469 1614 1576 1654 coelo
1603 1615 1668 1654 de-

139 1681 268 1735 lapsus
293 1682 365 1730 sit,
411 1680 588 1720 nimirum
612 1688 650 1720 ut
678 1679 786 1720 fortis
811 1680 850 1719 in
874 1679 958 1734 ipso
983 1681 1217 1735 solidiorque
1241 1680 1376 1722 Virtus
1401 1682 1666 1737 perficeretur,

139 1763 184 1789 ac
209 1749 253 1788 de
280 1747 488 1788 infirmiore
514 1747 743 1802 triumphum
768 1749 934 1788 referret
958 1763 1172 1803 corpusque
1197 1750 1379 1790 traderet.
1442 1749 1549 1790 Haec
1575 1765 1669 1790 non-

140 1817 231 1857 nulli
263 1830 312 1856 ex
340 1816 457 1870 ipsis,
501 1816 563 1855 alii
596 1830 690 1856 vero
722 1816 795 1855 alia
827 1816 1063 1870 praedicant.
1127 1815 1290 1869 Quidam
1323 1818 1424 1857 enim
1452 1815 1666 1870 Christum,

140 1885 237 1939 quod
266 1885 389 1925 matus
418 1891 519 1924 esset
548 1897 592 1924 ac
614 1883 709 1937 legis
732 1883 902 1924 instituta
925 1884 1072 1925 violare
1095 1885 1275 1936 auderet,
1318 1900 1339 1925 a
1364 1884 1455 1925 luda
1481 1887 1669 1940 proditum

140 1953 380 1993 existimant.
443 1949 607 1993 Cainum
627 1953 744 2000 enim,
771 1959 812 1992 ut
834 1940 1015 2002 diximus,
1042 1951 1249 2007 ludamque
1274 1961 1534 2006 venerantur,
1569 1955 1670 1995 eius-

141 2034 213 2074 que
234 2019 290 2061 rei
314 2020 459 2075 gratia,
494 2019 691 2073 inquiunt,
725 2018 828 2060 illum
852 2020 1038 2075 prodidit,
1072 2022 1170 2074 quod
1194 2022 1389 2076 praeclare
1410 2023 1550 2062 tradita
1572 2023 1671 2062 anti-

142 2103 260 2143 quare
283 2089 415 2128 vellet.
478 2087 556 2127 Alii
581 2101 676 2127 vero
699 2087 810 2127 aliter
836 2087 1029 2138 sentiunt,
1064 2096 1106 2128 ut
1129 2090 1279 2129 tametsi
1311 2090 1435 2130 bonus
1460 2097 1586 2139 esset,
1621 2104 1670 2130 ex

143 2156 300 2196 coelesti
324 2156 480 2210 quadam
505 2155 724 2208 cognitione
751 2156 799 2195 sit
821 2155 1007 2210 proditus.
1068 2155 1224 2197 Norant
1244 2157 1361 2207 enim,
1396 2158 1523 2209 aiunt,
1556 2156 1670 2198 Prin-

143 2224 268 2278 cipes,
312 2224 341 2264 si
371 2221 550 2265 Christus
574 2223 611 2263 in
638 2237 790 2263 crucem
818 2224 1038 2275 tolleretur,
1080 2225 1249 2280 ipsorum
1278 2226 1508 2266 exhaustum
1533 2226 1578 2265 iri
1605 2240 1670 2279 po-

143 2292 299 2332 tentiam
327 2306 503 2341 omnem,
538 2291 747 2345 quodcum
776 2289 886 2332 ludas
914 2307 988 2332 non
1015 2293 1235 2346 ignoraret,
1269 2294 1476 2334 maturavit
1499 2308 1670 2334 omnem-

143 2373 215 2413 que
245 2359 405 2414 lapidem
440 2359 559 2399 movit
590 2366 629 2398 ut
657 2372 742 2398 eum
767 2357 918 2399 ludaeis
945 2361 1129 2401 traderet.
1193 2360 1280 2414 Qua.
1302 2361 1338 2400 in
1363 2375 1403 2401 re.
1429 2362 1585 2415 egregie
1608 2376 1670 2402 sa-

141 2428 207 2468 luti
240 2435 396 2468 nostrae
427 2427 634 2467 consuluit.
698 2426 756 2466 Ac
788 2434 990 2481 propterea
1016 2429 1190 2469 laudibus
1217 2443 1300 2468 cum
1328 2430 1568 2469 remunerari
1600 2444 1670 2469 nos

144 2502 316 2550 oportet,
359 2496 467 2535 cuius
492 2508 608 2549 opera
633 2494 757 2534 crucis
782 2494 891 2535 nobis
914 2495 1017 2536 salus
1041 2504 1099 2537 est
1122 2497 1184 2536 itta
1210 2504 1452 2551 comparata,
1495 2512 1566 2538 nec
1593 2513 1668 2538 non

144 2562 368 2604 coelestium
400 2577 528 2603 rerum
565 2563 697 2603 eadem
729 2577 781 2602 ex
807 2563 1012 2604 occasione
1037 2565 1317 2604 communicata
1343 2564 1528 2618 cognitio.
1591 2565 1669 2606 Sed

146 2645 227 2671 cum
253 2631 315 2672 isti
339 2630 494 2671 minime
521 2630 659 2670 bonum
687 2630 848 2684 aliquem
874 2631 1019 2672 honore
1045 2647 1089 2673 ac
1115 2633 1224 2673 laude
1251 2641 1554 2687 prosequantur,
1590 2641 1668 2674 toto

147 2699 269 2749 coelo,
303 2699 400 2753 quod
424 2698 544 2747 aiunt,
578 2698 775 2738 aberrant.
836 2697 973 2753 Neque
997 2700 1199 2740 obscurum
1224 2701 1313 2740 illud
1338 2707 1411 2750 est,
1446 2701 1538 2741 haec
1561 2702 1669 2755 iguo-

147 2766 294 2806 rantiae
323 2767 542 2820 fraudisque
569 2766 717 2806 semina
746 2766 839 2820 ipsis
867 2781 887 2806 a
913 2767 1064 2808 diabolo
1088 2782 1243 2822 aspersa
1272 2769 1403 2808 fuisse.
1465 2767 1509 2808 In
1534 2770 1669 2823 quibus

146 2833 235 2874 illud
257 2841 315 2874 est
339 2848 359 2874 e
384 2834 572 2888 scriptura
596 2834 830 2888 perfectum:
867 2837 940 2874 Vae
962 2839 1028 2887 qm*
1045 2839 1175 2875 dieunt
1197 2837 1327 2875 bonum
1349 2838 1503 2884 malum,
1538 2845 1576 2876 et
1592 2852 1668 2877 ma-
1686 2850 1792 2885 isai.5‚
1811 2852 1852 2880 2⁰.

191 2932 223 2967 4.
246 2936 333 2967 Libri
355 2937 464 2967 habent
487 2935 599 2978 φησὶν.
975 2936 1007 2971 6.
1031 2939 1115 2970 Libri
1138 2939 1245 2970 habent
1268 2937 1364 2981 φησὶ.

192 2980 222 3011 5.
245 2977 392 3021 οἷσὲτενής
414 2983 534 3013 uncinis
555 2983 671 3013 notarit
694 2982 847 3014 petavius.

216 3034 333 3070 Corpus
353 3033 529 3063 Haereeeol.
549 3033 587 3062 11,
1349 3042 1399 3082 33
