2034 3267
199 1903 264 1932 pag.
283 1896 340 1924 374.

355 165 434 207 680
913 168 1072 201 SANGTI
1095 168 1320 201 EPIPHANn

356 264 430 298 σει,
470 246 496 300 ἢ
529 249 569 289 ἕν
603 251 647 275 ⁹4
666 248 800 303 ἑορτῇ,
838 244 866 299 ἢ
897 246 939 288 ἐν
968 247 1154 303 νεομηνία
1184 246 1251 287 καὶ
1283 245 1486 304 σαββάτῳ,
1525 247 1548 290 3
1578 251 1654 292 ἔστι
1684 248 1772 292 σκιά
1800 253 1878 291 τῶν

357 314 581 371 μελλόντων.

471 382 504 424 α’
526 384 593 424 καὶ
615 380 834 436 λθ”Έλεγχ.
886 380 1123 435 Οὕδαμόθεν
1144 378 1358 423 ὑποπίπτει
1379 381 1480 433 σκιά,
1513 377 1545 423 ῶ
1565 388 1771 440 Μαρκίων,
1803 383 1878 426 ἀλλ’

356 452 384 505 ἢ
407 449 484 492 άπὸ
512 449 689 504 σώματος
707 451 774 491 καὶ
799 454 908 502 σῶμα
934 447 982 491 οὗ
1011 450 1174 490 δυ’ναται
1199 447 1315 501 εἶναι,
1345 454 1455 498 σκιᾶς
1480 448 1546 491 ἀπ’
1568 449 1688 494 αὐτοῦ
1710 452 1763 506 μὴ
1788 470 1877 505 φαι·

357 520 532 573 νομένης.
580 517 708 559 ’Όθεν
729 522 940 570 πεισθῆναι
963 515 1183 568 ὀφείλουσιν
1204 519 1245 559 οἵ
1264 515 1341 559 άπὸ
1365 521 1436 559 σοῦ
1457 516 1698 572 ἠπατημένοι
1717 519 1780 562 διά
1801 526 1879 562 τῶν

359 589 413 629 ἔτι
439 585 545 641 παρά
576 590 646 628 σοῦ
675 586 972 639 φυλαττομένων
1001 590 1070 638 τῆς
1093 583 1280 638 άληθείας
1310 590 1388 626 τῶν
1410 587 1531 626 θείων
1559 591 1722 641 γραφῶν
1745 587 1878 640 λειψά-

360 673 438 697 νων
461 654 521 696 Su
543 653 755 708 μελλόντων
779 652 940 709 άγαθῶν
967 651 1314 695 άποκαλύπτεσθαι
1344 651 1417 694 οὐκ
1445 651 1625 708 άλλότρια
1650 649 1700 708 ἦν
1722 653 1768 696 τοὶ
1796 655 1880 697 τότε

361 722 602 775 δικαιώματα
624 726 868 778 προςκαίρως
888 722 1195 776 προςτεταγμένα
1221 722 1309 775 περὶ
1333 720 1515 776 βρώσεως
1542 723 1606 762 καὶ
1638 721 1787 772 πόσεως
1815 725 1881 764 καὶ

361 793 504 846 μέρους
527 792 672 846 ἑορτῶν
691 791 756 831 καὶ
782 793 994 842 νεομηνιῶν
1014 790 1080 830 καὶ
1111 788 1327 842 σαββάτων.
1380 784 1455 831 ἷΩν
1479 787 1643 844 άγαθῶν
1668 789 1756 832 σκιά
1783 785 1882 844 ἦσαν

360 858 407 900 τά
437 860 696 913 προειρημένα
726 856 774 899 δι’
807 852 861 899 ῶν
889 861 1008 898 σκιῶν
1038 856 1080 898 τὸ
1109 861 1219 910 σῶμα
1251 857 1536 911 κατειλήφαμεν
1562 862 1640 899 τῶν
1666 859 1883 900 ἐνεστώτων

359 925 544 982 άγαθῶν,
575 928 615 968 έν
637 925 744 984 νόμῳ
766 925 834 978 μὲν
856 926 1252 980 σκιαγραφηθέντων,
1283 927 1324 967 ἔν
1349 930 1504 983 Χριστῷ
1531 926 1572 968 δὲ
1593 928 1882 968 τελειωθέντων.

799 1051 930 1085 ΠΡΟΣ
956 1051 1209 1085 ΦΙΛΗΜΟΝΑ
1233 1051 1446 1086 ΕΝΑΤΗΣ.

479 1131 614 1180 Οὕτως
648 1130 718 1185 γάρ
753 1128 860 1184 παρά
894 1134 947 1186 τῷ
970 1132 1180 1184 Μαρκίωνι
1206 1135 1347 1180 κεῖται,
1384 1129 1490 1185 παρά
1526 1131 1566 1172 δὲ
1597 1136 1651 1187 τῷ
1684 1129 1883 1189 άποστόλῳ

363 1199 500 1253 ἐσχάτη
524 1205 663 1241 κεῖται·
704 1200 744 1240 ἐν
774 1199 873 1252 τρισὶ
900 1198 941 1238 δὲ
974 1195 1228 1253 ἆντιγράφοις
1259 1196 1550 1252 τριςκαιδεκάτη
1581 1197 1656 1253 πρὸ
1687 1204 1756 1252 τῆς
1785 1198 1884 1254 πρὸς

361 1267 587 1323 Ἑβραίους,
628 1264 1059 1319 τεσσαρεςκαιδεκάτης,
1100 1266 1285 1306 τέτακται.
1332 1263 1453 1306 ''AM-oc
1489 1267 1530 1307 δὲ
1564 1264 1781 1321 άντίγραφα
1811 1268 1884 1320 ἔχει

361 1336 431 1390 τήν
456 1334 556 1389 πρὸς
578 1333 780 1387 Ἑβραίους
805 1332 969 1386 δεκάτην
992 1331 1067 1387 πρό
1090 1337 1167 1374 τῶν
1192 1332 1263 1375 δύο
1282 1337 1359 1375 τῶν
1383 1333 1481 1388 πρὸς
1511 1333 1708 1387 Τιμόθεον
1728 1336 1796 1376 καὶ
1822 1337 1883 1376 Τί-

363 1422 450 1454 τον,
482 1404 547 1444 καὶ
574 1405 787 1455 Φιλήμονα.
850 1400 987 1442 Πάντα
1011 1401 1050 1442 δὲ
1072 1399 1118 1442 τά
1139 1400 1356 1456 ἀντίγραφα
1378 1400 1425 1443 τά
1446 1407 1529 1443 σῶα
1560 1404 1626 1444 καὶ
1657 1401 1785 1456 άληθῆ
1815 1401 1885 1455 τήν

364 1470 464 1525 πρός
482 1469 695 1524 Ῥωμαίους
720 1472 848 1523 ἔχουσι
871 1468 1053 1523 πρώτην,
1087 1467 1173 1522 οὐχ,
1207 1467 1260 1518 ῶς
1289 1468 1336 1510 σύ
1361 1473 1557 1525 Μαρκίων
1586 1469 1657 1523 τὴν
1686 1469 1785 1525 πρὸς
1811 1476 1884 1512 Γα-

363 1539 479 1588 λάτας
507 1540 641 1589 ἔταξας
667 1537 835 1593 πρώτην.
882 1537 1019 1590 ’Όμως
1045 1535 1121 1578 άπὸ
1147 1535 1290 1590 ταύτης
1320 1542 1389 1591 τῆς
1413 1536 1513 1593 πρός
1541 1537 1742 1597 Φιλήμονα
1773 1537 1886 1580 οὐδὲν

364 1609 642 1663 παρεθέμεθα,
674 1606 737 1648 διὰ
760 1605 802 1648 to*
826 1604 1038 1661 ὁλοσχερῶς
1061 1603 1181 1658 αὐτὴν
1206 1604 1453 1660 διαστρόφως
1477 1605 1566 1661 παρ’
1591 1604 1694 1664 αὐτῷ
1718 1612 1885 1648 κεῖσθαι.

734 1801 864 1835 ΠΡΟΣ
890 1799 1255 1834 ΦΙΛΙΠΠΗΣΙΟΥΣ
1280 1799 1518 1835 ΔΕΚΑΤΗΣ.

484 1880 618 1929 Οὕτως
639 1879 709 1934 γάρ
732 1885 852 1920 κεῖται
878 1878 984 1933 παρά
1006 1883 1058 1935 τῷ
1083 1881 1293 1933 Μαρκίωνι
1323 1878 1460 1932 ἐσχάτη
1491 1881 1558 1921 καὶ
1588 1878 1750 1933 δεκάτη,
1781 1879 1888 1935 παρά

367 1950 409 1991 δὲ
434 1953 489 2006 τῷ
514 1947 714 2005 άποστόλῳ
737 1948 835 2000 ἕκτη.
893 1945 1090 1995 Ὡςαύτως
1119 1945 1209 1988 οὐδὲ
1233 1945 1297 1988 ἄπ’
1319 1945 1460 2000 αὐτῆς,
1491 1946 1555 1989 διά
1575 1946 1616 1988 τό
1642 1946 1890 2003 διαστρόφως

369 2015 458 2071 παρ’
491 2014 594 2073 αὐτῷ
625 2022 799 2066 κεῖσθαι,
831 2013 944 2056 οὐδὲν
974 2014 1233 2067 ἐξελεξάμεθα.

481 2083 594 2136 Αὕτη
616 2082 865 2138 πεπλήρωται
886 2080 912 2135 ἡ
934 2086 1002 2124 τοῦ
1020 2085 1262 2137 Μαρκίωνος
1282 2082 1459 2132 σύνταξις
1480 2081 1559 2124 άπὸ
1581 2086 1651 2125 τοῦ
1670 2082 1767 2125 κατὰ
1783 2089 1889 2126 Λου-

368 2158 441 2195 κᾶν
472 2151 693 2207 εὐαγγελίου
723 2152 788 2192 καὶ
823 2155 893 2192 τοῦ
932 2149 1150 2192 ἀποστόλου
1184 2152 1408 2204 σωζομένων
1442 2149 1660 2203 λειψάνων,
1700 2150 1823 2207 λόγων
1851 2168 1889 2193 τε

369 2220 613 2269 ὑποθέσεως·
643 2217 709 2270 ἀφ’
740 2214 787 2272 ἧς
812 2217 1082 2271 ἀναλεξάμενοι
1115 2218 1161 2259 τά
1188 2217 1269 2260 κατ’
1294 2217 1416 2260 αὐτοῦ
1445 2217 1521 2260 άπὸ
1550 2223 1628 2260 τῶν
1657 2217 1747 2274 παρ’
1769 2218 1891 2261 αὐτοῦ

371 2289 596 2342 σωζομένων
617 2286 708 2336 τούς
732 2288 905 2342 ἐλέγχους
924 2287 1191 2341 παρεθέμεθα.
1236 2287 1458 2342 Προςέθετο
1483 2287 1524 2328 δὲ
1547 2288 1589 2328 ἔν
1608 2291 1662 2344 τῷ
1686 2288 1772 2345 ἰδίῳ
1793 2285 1889 2328 ἄπο-

372 2362 533 2414 στολικῷ
563 2356 806 2413 καλουμένῳ,
837 2356 900 2396 καὶ
930 2359 998 2407 τῆς
1027 2356 1264 2408 καλουμένης
1295 2354 1394 2410 πρὸς
1417 2355 1646 2403 Λαοδικέας.

483 2492 516 2533 α’
539 2494 605 2534 καὶ
629 2491 664 2545 μ’
689 2491 800 2545 Σχόλ.
860 2488 934 2540 Εἷς
955 2489 1110 2545 κύριος,
1142 2494 1210 2543 μία
1233 2493 1376 2541 πίστις,
1404 2494 1449 2532 ἓν
1468 2490 1685 2544 βάπτισμα,
1717 2488 1772 2539 εἷς
1795 2495 1890 2545 Χρι-

375 2561 484 2612 στός,
515 2559 569 2610 εἷς
591 2559 688 2609 θεὸς
707 2561 774 2601 καὶ
794 2557 919 2613 πατὴρ
944 2557 1118 2609 πάντων,
1150 2557 1172 2600 ὁ
1194 2560 1258 2600 ε’πὶ
1282 2558 1439 2601 πάντων
1465 2560 1532 2600 καὶ
1553 2557 1618 2601 διά
1639 2557 1797 2601 πάντων
1823 2560 1890 2601 καὶ

374 2632 414 2672 ἐν
443 2634 569 2671 πᾶσιν.

485 2696 518 2738 α’
540 2697 605 2738 καὶ
629 2695 664 2749 μ’
682 2695 827 2751 ’Ἐλεγῃ
888 2694 1147 2752 Συναδόντως
1173 2696 1242 2748 μὲν
1273 2700 1320 2753 τῇ
1346 2694 1446 2750 πρὸς
1466 2693 1684 2746 Ἐφεσίους,
1716 2689 1747 2735 ῶ
1772 2699 1888 2750 Μαρ-

375 2769 493 2816 κίων,
525 2767 590 2806 καὶ
623 2764 764 2813 ταύτας
796 2763 863 2813 τάς
889 2762 985 2805 κατα
1015 2768 1087 2804 σοῦ
1115 2766 1327 2819 μαρτυρίας
1360 2761 1438 2804 άπὸ
1471 2767 1539 2816 τῆς
1560 2763 1762 2817 λεγομένης
1791 2761 1890 2816 πρὸς

378 2834 598 2881 Λαοδικέας
621 2831 834 2888 συνήγαγες
866 2836 910 2860 ⁹⁵
929 2829 1040 2886 [κατὰ
1063 2836 1135 2872 σοῦ
1157 2835 1405 2887 μαρτυρίας]·
1435 2833 1503 2872 ἵνα
1527 2831 1591 2872 ε’πὶ
1618 2835 1672 2888 τῷ
1697 2831 1791 2871 τέλει
1819 2835 1889 2872 τοῦ

421 2946 474 2980 94.
509 2948 600 2990 μέρει
632 2947 770 2990 ἑορτῆς,
804 2942 828 2989 ἦ
854 2945 1027 2989 νεομηνίας
1049 2946 1107 2979 καὶ
1152 2956 1208 2987 que
1237 2949 1389 2978 res.¹1·tuere
1421 2947 1550 2979 suadent
1580 2947 1674 2978 verba
1703 2947 1737 2977 in
1761 2946 1888 2986 Refuta-

380 2990 554 3038 σαββάτων
577 2996 685 3034 legitur
708 3003 823 3034 supra‚·
856 2994 937 3033 quod
965 2993 1013 3024 hic
1035 3002 1108 3032 quo·
1155 2994 1232 3024 lione
1253 2994 1390 3032 repetita.
