2034 3267
484 139 658 172 PANARH
682 141 763 173 Lm.
780 142 804 174 Ι.
829 141 1008 174 ToM.111.
1034 140 1286 173 HAER.XL11.
1562 134 1642 173 569

124 218 316 259 mentitias
342 218 509 270 fabulas,
543 226 582 259 et
604 220 827 262 inanissima
853 221 1029 274 dogmata
1056 227 1320 275 perscrutatus
1344 234 1493 271 essem,
1527 234 1640 274 quos-

125 300 196 341 que
219 286 282 326 ille
307 285 424 326 libros
449 301 516 341 pro
543 288 738 328 canonicis
765 288 1005 343 comprobat,
1051 295 1139 342 puta
1168 287 1419 342 Evangelium
1447 288 1545 342 quod
1570 287 1641 342 ipsi

125 361 284 404 vocant,
329 360 367 393 et
393 354 656 409 Apostolicum
684 356 729 395 ab
757 355 891 396 iisdem
921 356 1179 405 nominatum,
1225 356 1410 396 evolvens
1439 356 1643 396 selectiora

122 422 210 462 inde
236 421 438 472 nonnulla,
473 437 568 476 quae
592 424 637 463 ad
660 423 762 463 illum
786 423 1027 462 refutandum
1051 423 1266 477 pertinent,
1301 423 1518 462 continuata
1540 424 1642 464 serie

124 490 424 542 decerpsissem,
464 490 654 530 uberioris
679 490 871 531 cuiusdam
899 490 1026 544 operis
1052 491 1295 530 fundamenta
1321 490 1452 544 posui,
1497 504 1539 530 ac
1564 491 1642 530 sin-

122 557 295 611 gulorum
325 558 487 612 capitum
510 559 681 597 ordinem
706 558 757 597 ita
783 557 980 608 distribui,
1015 564 1054 596 ut
1078 557 1280 611 unicuique
1304 558 1534 608 sententiae,
1569 559 1643 613 pri-

123 639 204 676 ma,
237 626 426 675 secunda,
461 626 593 676 tertia,
627 639 671 665 ac
699 625 753 665 sic
780 625 982 679 deinceps,
1027 625 1354 678 praescriberem,
1398 626 1504 665 etad
1530 626 1642 666 finem

122 706 243 747 usque
263 693 410 746 singula
434 700 622 743 notarem,
656 692 693 732 in
718 692 854 746 quibus
876 692 969 732 istas
990 692 1194 732 salvatoris
1217 699 1282 732 aut
1303 692 1463 747 apostoli
1489 700 1644 733 senteu-

123 761 195 801 tias
217 768 350 801 contra
374 774 416 800 se
442 761 592 801 videtur
613 760 837 800 stultissime
862 760 1084 800 retinuisse.
1148 757 1344 812 Quaedam
1374 760 1472 800 enim
1497 774 1546 800 ex
1570 761 1643 800 illis

123 829 168 868 ab
198 843 244 868 eo
271 835 524 868 commutatae
553 829 860 882 depravataequc
888 834 1000 877 sunt,
1049 841 1125 867 non
1158 841 1202 867 ea
1234 828 1304 867 tide
1332 835 1643 882 repraesentatae

122 911 195 951 qua
226 904 291 936 aut
320 896 356 935 in
390 895 579 948 evangelii
610 895 817 936 secuudum
843 894 988 935 Lucam
1022 893 1306 949 exemplaribus
1337 896 1538 949 leguntur,
1581 904 1644 936 aut

122 964 351 1019 apostolicus
376 963 456 1017 ipse
482 963 604 1018 stylus
628 977 717 1018 prae
743 977 784 1003 se
811 964 911 1003 ferre
937 963 1125 1003 videatur.
1192 963 1298 1003 Alias
1321 964 1492 1017 integras
1523 971 1561 1004 et
1585 965 1641 1004 in-

122 1038 320 1086 corruptas
349 1031 522 1084 reliquit3
565 1030 776 1071 cuiusmodi
803 1031 957 1071 sincero
983 1031 1020 1070 in
1046 1030 1248 1085 evangelio
1277 1037 1315 1070 et
1337 1031 1510 1086 apostolo
1535 1045 1644 1087 repe-

123 1100 294 1149 riunturt,
339 1112 390 1138 ex
423 1097 559 1152 quibus
592 1098 692 1138 illius
724 1099 899 1139 convinci
931 1099 1130 1139 mendacia
1162 1106 1342 1153 possunt,
1388 1105 1517 1153 utpote
1549 1114 1643 1153 quae

123 1167 265 1208 veteris
291 1165 509 1206 testamenti
534 1180 618 1206 cum
646 1181 761 1216 novo,
796 1167 907 1207 huius
933 1167 1100 1207 vicissim
1126 1181 1210 1206 cum
1234 1167 1315 1217 illo,
1350 1167 1644 1207 consensionem

124 1250 167 1276 ac
190 1234 432 1275 concordiam
458 1234 669 1274 declarant..
733 1233 867 1275 Insunt
890 1235 926 1274 in
953 1234 1010 1274 liis
1034 1235 1140 1275 libris
1165 1243 1202 1275 et
1225 1235 1297 1275 alia
1321 1235 1403 1275 loca
1427 1235 1561 1289 quibus
1584 1249 1646 1275 as-

121 1310 268 1356 sumpta
302 1316 416 1342 carne
441 1303 594 1343 venisse
623 1300 819 1343 Christum
847 1303 1092 1352 ostendatur,
1138 1316 1183 1342 ac
1210 1304 1420 1356 perfectum
1444 1303 1545 1343 inter
1574 1318 1644 1344 nos

121 1371 311 1411 hominem
346 1371 462 1411 fuisse
492 1378 703 1410 versatum.
767 1371 970 1410 Accedunt
997 1384 1042 1410 ea
1070 1384 1220 1424 quoque
1247 1371 1381 1425 quibus
1409 1379 1644 1412 mortuorum

120 1438 362 1494 praedicatur
387 1438 593 1488 exc-italio,
642 1438 816 1493 idemque
843 1439 936 1479 deus
963 1446 999 1478 et
1028 1438 1296 1479 universorum
1324 1439 1498 1479 dominus
1523 1440 1644 1479 omni-

121 1515 280 1562 potens,
324 1507 419 1546 coeli
445 1520 487 1546 ac
516 1514 641 1547 terrae
666 1507 910 1561 omniumque
934 1520 1031 1561 quae
1057 1514 1146 1546 suut
1168 1507 1205 1546 in
1231 1514 1332 1546 terra
1361 1507 1536 1547 conditor
1560 1522 1644 1561 per-

121 1575 287 1616 hibetur.
351 1573 460 1628 Quae
491 1589 561 1614 nec
589 1575 848 1629 evangelicam
879 1575 1119 1614 vocatiouem
1146 1575 1384 1624 adulterant,
1428 1590 1500 1615 nec
1530 1576 1644 1616 totius

123 1642 385 1683 universitatis
403 1649 598 1682 auctorem
624 1657 667 1682 ac
688 1643 903 1683 molitorem
925 1642 1132 1697 abnegant,
1167 1643 1232 1682 sed
1254 1643 1414 1683 eundem
1437 1643 1559 1698 ipsum
1585 1658 1645 1684 re-

123 1712 272 1760 ferunt,
316 1710 462 1764 qualem
496 1717 533 1749 et
557 1710 789 1764 apostolicus
818 1711 941 1766 stylus
975 1718 1009 1751 et
1044 1710 1265 1765 evangelica
1294 1711 1528 1764 praedicatio
1559 1726 1645 1766 pro-

121 1778 264 1819 fitetur.
327 1777 437 1832 Quae
468 1777 584 1831 igitur
614 1778 712 1818 hunc
742 1778 780 1818 in
810 1779 961 1819 modum
988 1778 1271 1819 elaboravimus
1302 1779 1382 1819 suis
1408 1781 1645 1833 argumentis

123 1845 292 1900 digesta,
328 1846 506 1900 deinceps
539 1846 783 1901 proponenda
816 1854 919 1886 sunt.

123 2039 181 2070 DE
205 2037 444 2070 MARCIONIS
469 2038 607 2069 LIBRIS
633 2038 866 2080 oPUsCULt,
903 2040 998 2072 SIVE
1023 2040 1348 2073 REFUTATIONIS
1371 2040 1644 2072 PROOEMIUM.

234 2115 275 2158 Si
299 2117 382 2171 quis
401 2117 615 2158 adulterina
635 2116 847 2158 Marcionis
869 2119 1024 2159 inventa
1047 2119 1372 2174 comprehendere
1396 2119 1546 2174 penitus
1566 2127 1645 2160 stu-

124 2186 210 2236 det,
256 2200 298 2226 ac
326 2185 480 2240 pecudis
505 2184 606 2226 illius
635 2186 824 2227 versutias
852 2201 985 2227 omnes
1017 2194 1055 2227 et
1079 2188 1238 2228 artificia
1265 2201 1527 2241 cognoscere,
1576 2187 1645 2228 boc

125 2255 222 2308 quod
253 2268 272 2293 a
298 2268 356 2294 me
382 2255 650 2294 concinnatum
678 2268 771 2308 opus
795 2261 855 2294 est
878 2264 1093 2309 percurrat.
1155 2254 1256 2296 Nam
1283 2269 1334 2295 ex
1358 2256 1440 2295 eius
1464 2254 1646 2310 Evange-

122 2322 173 2362 lio
203 2335 299 2376 quae
329 2329 462 2362 contra
490 2322 732 2362 calliditatem
762 2323 880 2377 ipsius
909 2324 1056 2364 scelere
1082 2324 1310 2378 implicatam
1340 2323 1480 2378 opponi
1505 2332 1646 2377 queant

123 2390 293 2430 studiose
322 2391 548 2445 selegimus,
594 2397 631 2429 ut
654 2391 715 2444 qui
741 2398 908 2431 nostram
936 2392 1032 2432 hanc
1057 2391 1422 2432 lucubratiunculam
1447 2391 1484 2431 iu
1511 2406 1644 2433 manus

124 2472 277 2499 sumere
305 2458 518 2509 voluerint,
562 2459 598 2497 in
625 2472 668 2498 ea
695 2460 881 2512 quandam
907 2460 1093 2500 acuminis
1121 2459 1437 2499 exercitationem
1464 2459 1643 2510 habeant,

125 2541 197 2581 quo
220 2526 508 2581 peregrinarum
536 2540 672 2566 vocum
696 2526 740 2566 ab
763 2527 826 2567 illo
852 2535 1088 2582 repertarum
1111 2528 1319 2567 novitatem
1343 2527 1490 2567 facilius
1513 2528 1644 2568 redar-

124 2602 256 2649 guant.
319 2593 370 2634 Et
390 2595 540 2648 quidem
562 2593 773 2634 Marcionis
795 2593 857 2635 ille
880 2595 976 2636 liber
999 2596 1240 2649 evangelium
1263 2595 1472 2634 secundum
1498 2593 1645 2636 Lucam

126 2663 226 2718 stylo
249 2662 332 2717 ipso
354 2663 501 2703 referre
525 2663 697 2711 videtur,
731 2669 772 2701 ut
791 2669 914 2702 autem
939 2664 985 2703 ab
1010 2678 1055 2703 eo
1079 2664 1272 2703 mutilatus
1293 2670 1372 2712 est,
1407 2663 1531 2713 initio,
1566 2678 1644 2703 me-

126 2730 186 2770 dio
211 2744 254 2770 ac
275 2730 349 2771 fine
375 2731 603 2779 decurtatis,
646 2730 791 2770 corrosi
817 2744 838 2770 a
861 2731 973 2771 tineis
998 2732 1161 2785 undique
1188 2731 1406 2771 vestimenti
1430 2730 1643 2772 simillimus

124 2823 225 2859 vertit,
249 2827 282 2852 et
303 2832 369 2852 non
392 2821 473 2852 sicut
490 2820 602 2852 habuit
618 2820 784 2861 Evangelii
804 2832 859 2851 se-
905 2824 1009 2854 Petav.
1058 2819 1269 2864 ἀντίγραμμα
1293 2824 1363 2853 edit.
1382 2825 1481 2862 princ.

127 2865 265 2897 cundum
285 2867 406 2897 Lucam
423 2865 586 2909 exemplar
605 2869 669 2897 cett.
705 2867 790 2896 Libri
805 2868 860 2897 ha·
948 2866 979 2900 6.
1005 2869 1122 2906 Scripsi
1153 2864 1348 2908 ὁμολογοῦσι
1376 2878 1433 2908 pro
1466 2864 1643 2911 ὁμολογοῦ-

126 2912 193 2942 bent
214 2913 306 2951 v=1190
327 2911 376 2954 τῷ
401 2910 486 2945 κατὰ
509 2911 639 2944 Λουκᾶν
664 2907 859 2953 ε’]αγγελίῳ.
908 2923 982 2953 σαι,
1006 2914 1086 2953 quod
1109 2914 1178 2944 libri
1201 2913 1319 2944 habeut.

171 2955 201 2987 5.
224 2952 420 2999 ἀντίγραφον
444 2958 510 2988 cod.
529 2958 636 2995 ναίω,
657 2960 684 2987 ει
703 2957 773 2987 inde
791 2957 860 2988 edit.
