2034 3267
432 200 608 232 PANARn
632 202 730 234 Anv.
756 202 975 234 HAERESES
999 203 1080 235 [ΑΒ.
1101 205 1124 235 1.
1147 204 1252 236 ΤοΜ.
1272 204 1312 235 11.
1551 197 1623 236 121

229 275 306 318 XI.
328 277 525 319 Valentini
542 294 743 334 corporum
758 282 1081 322 resurrectionem
1099 289 1253 336 negant.
1283 281 1405 322 Vetus
1420 289 1628 323 testamen-

120 353 197 386 tum
218 359 263 385 ac
288 345 491 400 prophetas
512 355 710 400 respuunt.
759 347 867 400 Quae
889 349 1131 389 nihilominus
1153 350 1281 402 legunt
1304 349 1390 404 ipsi,
1424 357 1461 390 et
1484 349 1517 390 si
1541 350 1630 404 quid

121 420 179 452 est
198 413 295 466 quod
315 413 360 452 ad
381 413 530 452 illorum
551 413 726 453 haeresin
747 428 815 467 per
831 415 989 468 figuram
1009 430 1052 455 ac
1075 423 1220 470 tropum
1245 417 1523 457 accommodari
1542 432 1630 472 pos-

121 480 192 529 sit,
226 479 261 519 id
289 479 504 519 admittunt.
569 478 646 520 Sed
671 488 796 520 certas
822 482 1002 534 quasdam
1032 483 1177 523 fabulas
1206 484 1453 535 addiderunt,
1494 491 1532 524 et
1562 485 1631 524 tri-

120 547 226 599 ginta
249 546 426 587 Aeonum
459 547 655 600 utriusque
687 560 807 587 sexus
831 548 1015 588 vocabula
1044 550 1248 590 commenti
1274 559 1385 601 sunt,
1420 566 1515 605 quos
1549 552 1631 606 qui-

121 614 205 653 dem
222 614 380 654 Aeonas
400 614 445 654 ab
468 615 734 653 universorum
754 622 912 667 parente
931 628 974 654 ac
993 615 1189 655 conditore
1209 618 1414 670 productos
1435 626 1628 669 asserunt,

121 694 216 733 quos
243 688 281 720 et
307 682 398 720 deos
429 687 467 720 et
493 680 649 719 Aeonas
675 680 831 719 faciunt.
892 679 1056 720 Demum
1082 680 1277 722 Christum
1308 698 1328 723 e
1354 684 1461 724 coelo
1493 700 1630 740 corpus

122 748 324 797 extulisse,
349 762 392 787 ac
410 761 476 801 per
489 745 653 786 Mariam
670 746 883 786 traductum
897 761 984 787 esse
1003 748 1108 788 velut
1124 762 1192 802 per
1208 749 1376 789 tubulum
1393 752 1629 794 existimant.

231 813 328 854 XII.
359 812 609 861 Secundiani,
637 825 844 866 eorumque
866 814 961 854 socii
981 813 1199 869 Epiphanes
1220 823 1331 869 atque
1349 815 1534 869 Isidorus,
1566 834 1629 860 ea-

122 881 205 920 dem
224 882 324 921 inter
343 894 384 920 se
404 879 509 934 paria
529 886 800 932 componentes
822 895 907 920 cum
924 879 1139 921 Valentinis
1162 882 1422 934 consentiunt,
1450 887 1630 928 nonnulla

122 955 247 988 tumen
269 948 313 987 ab
335 947 382 986 iis
402 946 554 986 diversa
574 953 733 999 ponunt,
767 953 805 986 et
827 948 873 986 ad
898 949 1047 987 foedam
1068 948 1227 1003 insuper
1242 949 1436 991 libidinem
1457 966 1548 993 suos
1571 954 1629 993 in-

122 1016 296 1055 stituunt.
355 1011 473 1052 Iidem
505 1020 543 1052 et
571 1013 876 1054 incarnationem
907 1022 1063 1068 negant.

229 1078 344 1121 XIII.
386 1077 599 1119 Ptolemaei
622 1078 819 1120 Valentini
851 1081 1024 1136 discipuli
1056 1083 1231 1134 fuerunt,
1265 1083 1488 1137 quibuscum
1515 1084 1631 1127 Flora

123 1147 374 1200 coniungitur.
433 1145 512 1186 Par
539 1147 714 1200 idemque
748 1149 884 1201 dogma
911 1150 956 1188 de
986 1150 1319 1204 coniugationibus
1342 1151 1417 1191 illis
1443 1166 1526 1192 cum
1551 1152 1631 1193 Va-

121 1214 261 1255 lentino
278 1228 321 1253 ac
337 1211 590 1254 Secundianis
613 1215 828 1265 adstruunt,
857 1217 922 1256 sed
943 1216 981 1256 in
1005 1217 1224 1270 quibusdam
1248 1226 1375 1258 tamen
1396 1219 1628 1274 discrepant.

229 1279 338 1321 Haec
370 1287 428 1321 est
454 1281 613 1321 secundi
638 1283 729 1322 tomi
759 1284 869 1338 primi
894 1284 1098 1325 voluminis
1122 1299 1267 1325 summa
1295 1300 1390 1340 quae
1413 1285 1518 1327 XIII
1543 1287 1632 1328 hae-

119 1362 225 1389 reses
257 1349 536 1402 complectitur.

159 1460 212 1493 21.
235 1462 280 1492 Ila
301 1470 338 1491 ex
359 1462 543 1500 Anacephal.
594 1463 688 1501 Vulgo
712 1457 830 1495 αὐτῶν.
938 1462 990 1495 23.
1014 1463 1071 1496 καὶ
1102 1466 1189 1495 codd.
1216 1466 1311 1496 Vario.
1345 1467 1472 1506 Rhediy.
1505 1470 1531 1498 et
1560 1468 1629 1499 edit.

159 1506 211 1537 22.
238 1503 345 1546 σάρκα
369 1507 435 1537 cod.
460 1508 553 1537 Vatic.
576 1510 602 1537 et
625 1508 809 1546 Anacephal.
895 1510 999 1540 Petav.
1048 1506 1110 1550 γὰρ
1135 1511 1204 1540 edit.
1223 1512 1322 1549 princ.
