2034 3267
504 144 677 176 PANAan
701 145 781 178 Lm.
802 147 824 180 ι.
849 147 954 179 ToM.
977 148 1016 178 n.
1044 147 1169 179 HAER.
1192 149 1321 180 xxxi.
1591 143 1670 182 375

160 229 305 277 partem
328 222 532 274 inflexam,
567 239 676 278 quam
699 225 736 266 in
759 226 946 281 baptismo
967 227 1181 282 acceperit,
1212 228 1306 283 apud
1330 242 1371 268 se
1393 229 1572 280 retineat,
1605 230 1670 271 de—

161 297 330 345 prompta
361 292 480 331 sacris
508 306 526 331 e
552 292 671 333 literis
700 294 882 334 vocabula
910 308 954 334 ac
977 295 1163 334 dictiones
1190 302 1224 335 et
1248 296 1446 350 parabolas
1468 306 1666 352 agnoscat,

158 357 476 398 contumeliosum
499 359 568 400 hoc
592 375 683 401 vero
704 361 740 401 in
765 362 873 402 deum
896 369 1157 415 argumentum
1181 364 1369 418 repudiet,
1402 371 1514 418 atque
1533 365 1572 406 in
1593 373 1668 407 tes-

157 425 304 466 serulas
328 425 625 478 animadvertet,
660 443 848 483 nunquam
873 437 912 468 ut
934 430 1169 483 vulpeculam
1191 445 1258 484 pro
1282 431 1523 485 imperatoris
1545 433 1667 488 effigie

156 491 305 532 obtrudi
326 494 396 533 sibi
417 495 600 548 patiatur,
637 510 766 536 verum
794 497 1085 550 unumquodque
1106 510 1238 536 eornm
1262 512 1357 551 qnae
1379 500 1476 540 dicta
1496 507 1584 541 sunt
1606 515 1668 541 or-

155 559 231 600 dini
260 574 329 601 suo
357 562 540 614 reddens,
588 578 631 603 ac
658 563 831 605 veritatis
859 564 962 603 velut
984 564 1134 618 corpori
1160 566 1473 618 accommodans,
1515 568 1663 609 illorum

153 641 272 682 nugas
303 629 457 684 detegat
487 639 597 685 atque
629 634 762 671 inanes
793 644 879 671 esse
911 631 1161 671 demonstret.

260 694 463 737 Postremo
489 699 574 752 quia
597 699 670 738 iam
697 698 801 738 velut
822 698 860 737 in
884 711 1000 738 scena
1025 705 1179 752 peracto
1204 699 1352 740 fabulae
1374 701 1513 742 exodio
1537 703 1661 744 dimit-
1719 709 1795 750 Cap.

150 763 251 803 tendi
280 771 425 819 tempus
451 774 528 815 est,
571 765 785 805 consultum
813 766 895 805 fore
918 765 1117 815 duximus,
1162 766 1193 805 si
1219 767 1263 806 ad
1287 768 1435 808 illorum
1461 771 1662 812 confutan-
1685 754 1832 789 XXXII.

149 831 235 872 dum
266 845 436 872 errorem
466 833 603 886 aliquid
632 832 923 872 subiiceremus.
987 831 1063 873 Sed
1096 834 1199 888 prius
1229 841 1353 875 tamen
1387 837 1661 879 ostendendum

147 899 236 939 illud
263 907 342 950 est,
377 899 509 953 quibus
539 899 575 939 in
602 900 716 940 rebus
742 900 890 940 fabulae
918 900 1018 940 illius
1045 908 1221 941 auctores
1248 917 1268 942 a
1295 916 1336 942 se
1362 903 1525 944 invicem
1552 905 1663 946 dissi-

148 967 282 1018 deant,
324 981 417 1021 quos
443 967 583 1008 diversi
608 967 713 1007 velut
735 968 910 1008 falsitatis
932 969 1088 1023 spiritus
1112 970 1325 1010 contrarias
1349 971 1385 1010 in
1408 979 1538 1025 partes
1561 972 1662 1014 abri-

147 1035 267 1089 piunt.
329 1033 412 1075 Hoc
443 1035 542 1075 enim
574 1049 624 1075 ex
650 1035 771 1090 capite
804 1036 862 1076 vel
895 1035 991 1076 citra
1018 1036 1280 1091 probationem
1309 1038 1419 1078 ullam
1447 1040 1661 1082 certissime

145 1102 348 1153 constabit,
382 1116 465 1142 cum
487 1102 644 1143 solidam
668 1117 712 1143 ac
732 1103 904 1144 stabilem
927 1117 1014 1144 esse
1036 1105 1237 1145 veritatem
1260 1105 1376 1156 illam,
1408 1121 1517 1160 quam
1537 1108 1660 1149 eccle-

144 1171 200 1210 sia
222 1170 436 1225 praedicat,
471 1177 547 1210 tum
570 1171 820 1211 adulterinam
844 1186 888 1211 ac
909 1172 1129 1213 mendacem
1151 1173 1300 1213 illorum
1323 1188 1410 1214 esse
1433 1175 1658 1218 doctrinam.

145 1236 338 1292 Siquidem
362 1237 526 1278 ecclesia
550 1245 630 1278 toto
653 1239 740 1279 licet
764 1239 855 1279 orbe
878 1240 920 1279 ad
944 1247 1140 1280 extremos
1165 1255 1284 1295 usque
1308 1249 1494 1282 terrarum
1518 1243 1658 1285 limites

143 1305 335 1360 dispersa,
381 1320 464 1346 cum
498 1306 543 1345 ab
574 1307 757 1361 apostolis
793 1321 1000 1362 eorumque
1033 1308 1227 1362 discipulis
1258 1311 1369 1350 fidem
1399 1312 1590 1366 acceperit
1619 1312 1656 1352 in

142 1388 255 1414 unum
288 1374 398 1414 deum
430 1382 572 1428 patrem
599 1375 919 1429 omnipotentem,
964 1375 1024 1429 qui
1052 1376 1197 1416 eoelum
1227 1384 1442 1432 terramque
1473 1392 1516 1418 ac
1538 1380 1657 1420 maria

139 1456 222 1481 cum
250 1441 443 1482 universis
474 1456 570 1495 quae
600 1442 636 1482 in
668 1443 742 1482 illis
767 1443 1039 1497 comprehensa
1067 1452 1155 1484 sunt
1177 1446 1366 1496 condidit,
1411 1453 1448 1486 et
1477 1446 1514 1486 in
1541 1461 1655 1488 unum

139 1506 265 1549 Iesum
291 1509 406 1549 filium
432 1510 515 1560 dei,
549 1510 609 1564 qui
638 1524 705 1564 pro
732 1517 863 1551 nostra
885 1511 1007 1551 salute
1032 1525 1184 1551 carnem
1202 1512 1345 1564 induit,
1378 1521 1490 1568 atque
1515 1514 1553 1554 in
1580 1515 1657 1569 spi-

138 1577 251 1617 ritum
284 1584 479 1627 sanctum,
527 1578 589 1632 qui
621 1591 770 1618 omnem
802 1578 901 1618 illam
934 1579 1045 1619 unice
1073 1580 1198 1620 dilecti
1226 1579 1370 1621 Christi
1395 1580 1481 1622 lesu
1513 1582 1654 1623 domini

139 1644 259 1686 nostri
287 1645 654 1686 administrationem
687 1653 725 1685 et.
751 1647 953 1686 adventum
982 1654 1181 1701 ortumque
1213 1649 1257 1688 de
1289 1649 1439 1703 virgine
1471 1663 1538 1704 per
1569 1665 1654 1704 pro-

139 1713 272 1767 phetas
297 1713 599 1767 praenuntiavit,
647 1727 717 1753 nec
748 1728 823 1753 non
855 1721 892 1754 et
919 1715 1203 1769 perpessionem
1237 1731 1282 1756 ac
1311 1717 1650 1768 resurrectionem,

138 1787 177 1820 et
209 1781 245 1820 in
276 1781 423 1821 coelum
454 1782 718 1821 ascensionem
753 1796 837 1821 cum
867 1796 1048 1836 corpore,
1095 1785 1337 1838 futurumque
1369 1785 1456 1824 olim
1487 1785 1651 1825 indidem

139 1855 296 1903 paterna
320 1863 403 1889 cum
426 1849 624 1889 maiestate
647 1851 887 1899 descensum,
914 1849 1009 1889 utin
1033 1865 1215 1891 summam
1235 1852 1341 1892 velut
1362 1854 1542 1894 universa
1562 1867 1653 1894 cou-

137 1916 283 1967 trahat,
329 1924 366 1956 et
398 1917 563 1957 omnium
595 1917 785 1958 hominum
820 1931 980 1972 corpora
1015 1926 1172 1959 revocet
1203 1921 1246 1960 ad
1280 1920 1419 1970 vitam,
1465 1928 1577 1974 atque
1612 1929 1746 1967 utEph.
1766 1932 1791 1967 1,
1812 1933 1851 1961 lo.

139 1981 295 2025 Christo
323 1982 410 2024 lesu
433 1985 585 2025 domino
613 1992 744 2025 nostro
772 1999 815 2026 ac
840 1986 910 2025 deo
937 1976 973 2025 et
998 1986 1177 2027 salvatori
1201 1988 1361 2042 regique
1391 1989 1438 2028 de
1461 1989 1562 2030 illius
1589 1990 1650 2044 qui

139 2052 259 2091 videri
286 2066 360 2092 non
390 2059 536 2106 potest,
580 2053 776 2093 voluntate
799 2053 938 2107 patris,
981 2057 1091 2094 Omne
1109 2058 1403 2109 genuflectatur
1422 2059 1644 2106 coelestiam,
1668 2066 1745 2095 Phil«
1764 2068 1788 2102 2,
1810 2069 1849 2096 ιο.

138 2123 367 2159 ter-restrium
397 2128 433 2159 et
458 2123 684 2174 e'tgset‘lzorum
697 2152 707 2168 ,
749 2129 784 2160 et
806 2125 920 2161 omm's
945 2126 1060 2174 ipsum
1086 2126 1214 2174 lebtgua
1239 2126 1479 2175 confileatar,
1522 2125 1650 2180 utique

137 2194 281 2227 rectum
304 2187 344 2227 in
367 2202 500 2228 omnes
523 2188 700 2229 iudicium
724 2197 933 2240 exerceat,
966 2204 1010 2230 ac
1033 2191 1216 2245 spiritalia
1241 2192 1456 2246 nequitiae,
1499 2192 1570 2233 hoc
1592 2200 1650 2234 est

137 2256 356 2296 desertores
380 2257 537 2310 angelos
566 2270 610 2296 ac
636 2256 820 2307 rebelles,
862 2265 899 2297 et
923 2257 1058 2313 impios
1081 2273 1213 2300 omnes
1238 2274 1282 2299 ac
1303 2260 1513 2300 sceleratos
1535 2268 1573 2301 et
1594 2262 1649 2302 fa-

137 2323 361 2374 cinorosos,
408 2338 452 2364 ac
480 2324 777 2364 contumeliosos
807 2325 845 2365 in
876 2326 985 2366 deum
1014 2326 1185 2366 homines
1216 2327 1458 2382 sempiternis
1488 2328 1647 2370 flammis

136 2391 303 2442 addicat,
336 2392 447 2432 iustis
473 2406 566 2432 vero
589 2393 830 2447 sanctisque,
864 2394 924 2448 qui
947 2395 1123 2435 mandata
1148 2409 1215 2435 sua
1240 2395 1443 2448 diligenter
1466 2396 1648 2437 observa-

136 2458 262 2498 verint
286 2466 324 2499 et
346 2460 383 2499 in
405 2461 487 2500 eius
511 2460 670 2500 caritate
693 2460 774 2501 sive
797 2462 871 2501 iam
893 2462 980 2502 inde
1002 2462 1048 2502 ab
1072 2463 1199 2513 initio,
1234 2463 1315 2503 sive
1341 2470 1427 2518 post
1449 2464 1647 2519 poeniten-

137 2526 224 2566 tiam
247 2527 597 2581 perseveraverint,
622 2528 736 2568 vitam
754 2529 1149 2584 immortalitatemque
1169 2531 1369 2585 largiatur,
1391 2538 1502 2586 atque
1523 2540 1647 2574 aeter-

138 2608 222 2635 nam
252 2594 326 2635 illis
355 2594 514 2648 gloriam
546 2595 751 2650 impertiat.

139 2697 269 2737 Vulgata
290 2699 443 2737 scriptura
467 2701 507 2728 est
532 2695 725 2739 ἐπενεγκεῖν.
915 2703 975 2734 Vet.
998 2704 1167 2742 Interprece.
1218 2702 1312 2741 Vulyo
1335 2698 1396 2736 τὰς
1419 2698 1576 2739 ἐλεύσεις.

181 2742 211 2773 5.
235 2743 281 2774 Ita
304 2744 370 2774 cod.
392 2743 461 2774 Veri.
511 2744 605 2783 Vulgo
627 2743 742 2784 ἓῖυμοῦ.
957 2746 987 2779 8,
1013 2745 1051 2779 ἐκ
1074 2746 1135 2786 τῆς
1157 2745 1318 2788 παρθένου
1342 2747 1408 2778 cod.
1430 2747 1524 2778 Vatic.

180 2783 212 2818 6.
235 2782 458 2831 ἀκριβέστατα
489 2789 575 2819 codd.
610 2789 678 2819 Ven.
713 2792 739 2819 et
774 2790 867 2821 Vatic.
957 2790 987 2823 9.
1014 2790 1067 2824 ἐπὶ
1091 2790 1128 2825 δὲ
1151 2789 1187 2824 τὸ
1213 2792 1278 2823 cod.
1300 2793 1369 2822 Ven.

140 2830 234 2870 Vulgo
254 2828 411 2876 ἀκριβῶς.
960 2837 1009 2869 10.
1037 2835 1073 2871 δὲ
1097 2836 1154 2870 καὶ
1176 2833 1214 2869 ἐκ
1237 2836 1302 2867 cod.
1323 2838 1415 2868 Vatic.

182 2873 213 2908 7.
235 2874 294 2918 τὴν
317 2875 441 2911 ἔλευσιν
462 2879 578 2909 restitui
601 2887 637 2909 ex
661 2879 726 2910 cod.
749 2880 817 2911 Ven.
842 2883 868 2911 et
