2034 3267
534 163 711 196 PANARH
735 164 816 198 LIB.
835 166 860 198 I.
884 165 990 199 TOM.
1007 166 1062 197 ΙΙΙ.
1090 166 1217 197 HAER.
1238 165 1414 197 XXXVII.
1650 156 1728 195 505

220 242 417 284 continere
441 241 549 282 facile
574 243 881 297 deprehenditur.
942 243 1043 284 Nam
1071 244 1102 284 si
1126 242 1333 284 Pruuicum
1356 257 1441 284 esse
1464 243 1624 297 aliquam
1649 243 1731 282 exi-

220 311 396 360 stimant,
430 310 513 363 quis
539 324 587 350 ex
612 311 694 364 ipso
718 311 843 350 statim
869 311 1055 352 vocabulo
1080 326 1155 351 non
1178 310 1456 352 animadvertat
1479 325 1589 365 quam
1614 311 1732 350 imbe-

220 378 343 418 cillum
368 391 411 417 ac
432 377 516 417 leve
538 377 587 417 sit
606 379 702 431 quod
725 379 785 418 isti
806 379 1044 432 profitentur,
1075 386 1113 418 ut
1134 379 1207 418 iam
1230 379 1479 419 ostendimus.
1542 377 1733 432 Quicquid

221 445 319 485 enim
348 443 553 484 Pruuicum
585 445 666 484 fieri
698 445 854 496 dicitur,
896 445 932 484 id
963 446 1094 485 inutile
1126 453 1207 496 est,
1249 447 1418 499 adeoque
1450 447 1602 499 minime
1632 446 1733 485 inter

221 511 362 552 eximia
399 512 686 552 numerandum.
759 511 833 565 Qui
876 513 975 551 enim
1012 512 1155 552 laudari
1191 520 1315 566 potest
1355 514 1451 566 quod
1488 513 1619 553 inutile
1659 513 1728 553 sit!

222 578 346 632 Quam
379 586 438 619 est
468 587 666 633 praeterea
695 580 871 619 stolidum
905 593 926 618 a
959 577 1127 619 Pruuico
1157 580 1385 620 exhaustum
1420 594 1506 621 esse
1536 579 1732 621 Ialdabao-

221 647 344 697 them,
390 647 434 686 ab
458 661 578 701 eoque
600 647 800 687 scintillam
825 647 868 686 ad
894 646 1020 686 infima
1044 647 1105 686 illa
1130 660 1331 687 excussam
1358 648 1556 688 arbitrari!
1618 647 1732 688 ltem-

221 728 315 768 que,
363 715 423 767 qui
457 714 493 753 in
526 714 673 754 sublimi
708 714 916 754 collocatus
951 721 1056 754 esset
1091 728 1175 753 eum
1207 716 1413 768 agnovisse
1447 716 1509 769 qui
1543 715 1731 756 exhausto

222 789 326 821 esset
346 782 409 821 illo
436 782 624 836 superior.
686 779 799 820 Enim
822 795 915 821 vero
940 782 1050 834 quale
1070 781 1158 821 illud
1184 782 1404 822 miraculum
1430 791 1508 833 est,
1541 791 1581 823 ut
1605 784 1731 834 homo,

223 849 280 889 cui
314 849 537 889 tenuissima
567 848 748 902 quaedam
778 848 827 887 sit
858 862 1014 903 aspersa
1045 849 1231 899 scintilla,
1275 850 1458 890 maiorem
1487 851 1562 890 illis
1592 852 1684 905 ipsis
1715 866 1734 890 a

222 916 355 970 quibus
379 917 582 971 productus
606 922 663 955 est
686 916 829 969 angelis
853 916 1108 970 cognitionem
1135 917 1291 971 adeptus
1319 918 1459 958 fuerit?
1519 916 1561 958 Si
1585 919 1732 972 quidem

222 991 399 1024 auctores
430 984 491 1023 isti
523 983 685 1023 bominis
718 997 762 1023 ac
790 983 1040 1024 fabricatores
1065 985 1213 1038 angeli,
1259 985 1342 1026 sive
1365 983 1619 1025 laldabaothis
1652 986 1732 1035 filii,

223 1065 319 1106 quae
352 1049 594 1091 laldabaothe
627 1051 827 1105 superiora
861 1059 971 1092 erant
1005 1052 1243 1106 ignorarunt.
1312 1051 1389 1106 Qui
1424 1060 1549 1093 autem
1584 1053 1629 1093 ab
1661 1053 1735 1093 illis

223 1120 407 1159 formatus
432 1125 512 1168 est,
550 1118 735 1158 scintillae
760 1118 944 1159 beneficio
970 1120 1164 1174 cognovit.
1229 1118 1485 1173 Quamobrem
1514 1121 1592 1161 suis
1618 1121 1671 1161 illi
1695 1135 1737 1162 se

223 1186 458 1241 dogmatibus
485 1186 643 1226 induunt
669 1193 706 1226 et
732 1194 933 1238 evertunt,
968 1201 1051 1227 cum
1078 1188 1212 1242 partim
1238 1196 1454 1243 serpentem
1480 1189 1657 1229 venerari
1681 1189 1738 1229 in-

222 1254 400 1304 stituant,
443 1253 577 1308 partim
605 1253 725 1294 Evam
747 1254 846 1295 illius
872 1255 1122 1295 fraudulentia
1148 1256 1343 1310 deceptam
1368 1257 1611 1303 existiment,
1653 1271 1737 1311 par·

221 1321 286 1361 tim
313 1319 508 1362 Christum
535 1323 694 1362 eundem
726 1335 812 1362 esse
841 1322 979 1373 velint,
1025 1323 1159 1377 partim
1183 1323 1394 1378 superioris
1417 1324 1516 1364 illius
1541 1323 1735 1365 laldabao-

222 1389 294 1429 this
320 1389 457 1439 filium,
492 1390 553 1443 qui
578 1390 785 1430 interclusa
810 1390 1031 1430 coelestium
1057 1391 1377 1446 contemplatione
1402 1406 1585 1432 summam
1607 1392 1737 1432 liberis

222 1457 300 1497 suis
323 1456 499 1497 iniuriam
523 1457 717 1511 imposuit,
751 1464 909 1498 matrem
935 1458 1148 1513 repudiavit
1168 1473 1209 1498 ac
1230 1459 1481 1514 contempsit,
1514 1474 1589 1499 non
1614 1460 1737 1500 minus

222 1539 331 1579 quam
355 1539 573 1580 supremum
595 1523 821 1576 Parentem,
867 1539 976 1579 quem
1003 1526 1048 1566 ab
1073 1527 1119 1567 iis
1143 1540 1236 1581 quos
1259 1535 1445 1581 genuerat
1467 1528 1537 1568 coli
1566 1542 1609 1568 ac
1630 1542 1738 1582 prae-

223 1593 341 1633 dicari
374 1594 528 1633 minime
560 1593 608 1633 sit
639 1607 788 1648 passus.
851 1592 927 1647 Qui
960 1608 1052 1634 vero
1080 1602 1296 1650 serpentem
1328 1595 1510 1636 convenit
1533 1596 1736 1636 coelestem

225 1674 311 1702 esse
342 1674 496 1714 regem,
544 1675 627 1701 cum
654 1661 838 1701 adversus
863 1659 1066 1702 Parentem
1092 1662 1373 1703 insurrexerit?
1432 1663 1511 1703 Aut
1532 1665 1735 1718 quomod0‚

225 1729 257 1768 si
281 1728 537 1782 cognitionem
560 1729 766 1783 impertiat,
799 1727 907 1769 Evae
928 1729 1157 1784 imposuisse
1179 1731 1341 1771 dicitur?
1397 1729 1498 1771 Nam
1520 1734 1580 1785 qui
1607 1733 1739 1772 fraude

226 1796 351 1850 aliqua
377 1797 573 1837 scientiam
601 1797 734 1847 affert,
779 1811 853 1836 non
884 1797 915 1837 is
942 1798 1164 1848 scientiam,
1205 1799 1271 1838 sed
1303 1813 1370 1854 pro
1394 1812 1439 1839 ea
1462 1799 1738 1853 ignorationem

227 1864 494 1904 communicat.
545 1862 656 1918 Quod
678 1864 751 1904 illis
775 1865 948 1905 accidere
972 1866 1187 1906 certissima
1207 1866 1353 1907 ratione
1375 1867 1588 1907 conficitur.
1641 1866 1736 1908 Cum

226 1931 326 1972 enim
358 1946 504 1972 summa
534 1932 571 1971 in
605 1931 752 1972 inscitia
779 1939 1004 1984 versentur,
1052 1947 1134 1974 eam
1158 1934 1402 1975 nihilominus
1427 1935 1623 1975 scientiam
1651 1950 1737 1976 esse

226 2007 373 2054 putant.
436 1997 522 2052 Qua
542 2000 579 2039 in
603 2013 644 2040 re
665 2000 915 2040 vehementer
936 2001 1236 2053 hallucinantur,
1270 2003 1355 2043 dum
1377 2016 1548 2043 errorem
1571 2018 1679 2044 suum
1701 2011 1740 2043 et

224 2068 480 2122 ignorantiam
512 2068 695 2108 scientiae
727 2068 980 2123 appellatione
1011 2069 1264 2111 dissimulant.

336 2134 413 2177 Sed
435 2136 507 2176 alia
529 2136 712 2190 quaedam
735 2136 891 2191 insuper
910 2137 1127 2177 testimonia
1147 2140 1359 2193 proferunt.
1415 2137 1542 2179 Veluti
1566 2137 1732 2193 Moysen
1760 2148 1923 2191 Cap.VtI.

226 2218 385 2246 aeneum
418 2211 633 2259 serpentem
664 2204 702 2244 in
734 2204 885 2245 deserto
915 2205 1139 2256 sustulisse,
1173 2207 1370 2261 palamque
1395 2206 1664 2261 proposuisse,
1700 2215 1738 2247 ut
1758 2203 1937 2238 Num·²¹23·

225 2273 300 2313 illis
323 2272 490 2313 remedio
514 2279 617 2312 esset
639 2285 733 2326 quos
756 2285 914 2327 serpens
935 2275 1208 2315 momorderat.
1257 2274 1340 2315 Hoc
1362 2274 1462 2315 enim
1484 2275 1604 2329 ipsum
1629 2289 1737 2330 prae-

226 2348 372 2381 sentem
394 2340 470 2380 vim
494 2347 627 2380 eontra
649 2347 859 2380 venenatos
883 2355 1031 2382 morsus
1056 2342 1195 2383 babere
1215 2342 1403 2383 iactitant.
1467 2341 1544 2383 Sed
1567 2343 1627 2382 vel
1647 2343 1735 2383 illud

226 2416 361 2450 contra
392 2423 434 2449 se
468 2408 666 2448 manifeste
700 2408 959 2461 pronuntiant.
1022 2408 1063 2451 Si
1103 2411 1200 2450 enim
1235 2425 1385 2451 morsus
1417 2410 1468 2451 illi
1502 2410 1735 2465 serpentium

226 2484 360 2527 erant,
393 2476 580 2530 iidemque
602 2475 827 2530 perniciosi,
862 2478 1107 2532 consequitur
1128 2479 1281 2519 minime
1306 2479 1445 2519 bouum
1470 2492 1557 2519 esse
1581 2492 1737 2533 serpen-

226 2552 317 2585 tem.
380 2543 491 2598 Quod
516 2557 609 2584 vero
632 2550 708 2583 tum
734 2558 755 2584 a
775 2542 915 2600 Moyse
938 2552 996 2585 est
1019 2554 1202 2598 erectum,
1236 2547 1316 2587 sola
1339 2546 1396 2587 sui
1418 2547 1736 2602 contemplatione

226 2612 470 2664 medebatur,
518 2626 592 2651 non
624 2611 752 2665 utique
783 2613 881 2666 quod
911 2613 963 2654 ita
990 2614 1179 2669 serpentis
1206 2622 1340 2655 natura
1367 2615 1505 2666 ferret,
1550 2616 1615 2656 sed
1640 2616 1738 2670 quod

225 2681 278 2721 ita
302 2681 372 2720 deo
397 2680 519 2720 visum
544 2687 668 2730 esset,
702 2679 763 2734 qui
789 2695 881 2734 quos
903 2690 1104 2737 serpentes
1126 2690 1381 2737 pupugerant,
1416 2683 1462 2723 iis
1488 2697 1555 2737 per
1580 2697 1737 2738 serpen-

225 2755 301 2788 tem
335 2748 420 2788 mali
453 2747 659 2788 remedium
694 2756 910 2802 paraverat.
977 2749 1117 2805 Neque
1148 2764 1242 2791 vero
1275 2750 1408 2790 mirum
1445 2764 1531 2791 esse
1563 2751 1735 2806 cuiquam

226 2823 396 2870 oportet,
440 2817 471 2856 si
498 2816 594 2856 unde
619 2815 802 2870 quispiam
824 2817 951 2858 laesus
976 2820 1124 2869 fuerat,
1167 2818 1253 2858 inde
1279 2819 1502 2859 medicinam
1528 2820 1733 2874 acceperit.

225 2919 305 2958 quod
325 2920 393 2950 libri
413 2921 509 2950 tenent
528 2928 637 2950 omnes.
676 2919 764 2958 Quod
783 2919 864 2950 idem
884 2921 957 2952 Cor·
1002 2927 1145 2953 errantes
1161 2923 1313 2953 convertit.
1345 2923 1473 2953 Verbum
1488 2918 1649 2957 ἆλιτεύειν
1665 2923 1737 2954 Sui-

225 2965 331 2995 narius
354 2965 563 3003 corrigendum
586 2967 708 3004 putasse
734 2965 871 3004 videtur,
905 2967 958 3006 qui
1003 2968 1059 2999 das
1083 2963 1280 3010 ἁμαρτάνειν
1304 2969 1529 3007 interpretatur.
