<?xml version="1.0" encoding="UTF-8"?>
<!DOCTYPE html PUBLIC "-//W3C//DTD XHTML 1.0 Transitional//EN"
    "http://www.w3.org/TR/xhtml1/DTD/xhtml1-transitional.dtd">
<html xmlns="http://www.w3.org/1999/xhtml" xml:lang="en" lang="en">
 <head>
  <title>
</title>
<meta http-equiv="Content-Type" content="text/html;charset=utf-8" />
  <meta name='ocr-system' content='tesseract 3.04.00' />
  <meta name='ocr-capabilities' content='ocr_page ocr_carea ocr_par ocr_line ocrx_word'/>
</head>
<body>
  <div class='ocr_page' id='page_1' title='image "./p1corporishaereseo02epipuoft/p1corporishaereseo02epipuoft_0513.png"; bbox 0 0 2034 3267; ppageno 0'>
   <div class='ocr_carea' id='block_1_1' title="bbox 405 165 1602 205">
    <p class='ocr_par' dir='ltr' id='par_1_1' title="bbox 405 165 1602 205">
     <span class='ocr_line' id='line_1_1' title="bbox 405 165 1602 205; baseline 0.003 -4"><span class='ocrx_word' id='word_1_1' title='bbox 405 168 582 201; x_wconf 81' lang='lat' dir='ltr'><strong>PANARH</strong></span> <span class='ocrx_word' id='word_1_2' title='bbox 607 169 689 202; x_wconf 67' lang='grc' dir='ltr'>ΜΒ.</span> <span class='ocrx_word' id='word_1_3' title='bbox 709 171 734 202; x_wconf 88' lang='lat'>1.</span> <span class='ocrx_word' id='word_1_4' title='bbox 758 169 863 203; x_wconf 83' lang='lat' dir='ltr'>ToM.</span> <span class='ocrx_word' id='word_1_5' title='bbox 883 170 938 202; x_wconf 84' lang='lat'>111.</span> <span class='ocrx_word' id='word_1_6' title='bbox 963 168 1289 203; x_wconf 79' lang='lat' dir='ltr'>HAER.XXXV11.</span> <span class='ocrx_word' id='word_1_7' title='bbox 1527 165 1602 205; x_wconf 88' lang='lat'>501</span> 
     </span>
    </p>
   </div>
   <div class='ocr_carea' id='block_1_2' title="bbox 77 246 1778 2810">
    <p class='ocr_par' dir='ltr' id='par_1_2' title="bbox 81 246 1609 1655">
     <span class='ocr_line' id='line_1_2' title="bbox 88 246 1609 305; baseline 0.001 -15"><span class='ocrx_word' id='word_1_8' title='bbox 88 249 239 290; x_wconf 87' lang='lat' dir='ltr'>infimus</span> <span class='ocrx_word' id='word_1_9' title='bbox 261 255 321 289; x_wconf 87' lang='lat' dir='ltr'>est</span> <span class='ocrx_word' id='word_1_10' title='bbox 343 246 578 298; x_wconf 87' lang='lat' dir='ltr'>Ialdabaoth,</span> <span class='ocrx_word' id='word_1_11' title='bbox 613 262 722 302; x_wconf 92' lang='lat' dir='ltr'>quem</span> <span class='ocrx_word' id='word_1_12' title='bbox 745 263 794 289; x_wconf 86' lang='lat' dir='ltr'>ex</span> <span class='ocrx_word' id='word_1_13' title='bbox 820 248 1076 289; x_wconf 81' lang='lat' dir='ltr'>imbecillitate</span> <span class='ocrx_word' id='word_1_14' title='bbox 1098 249 1391 305; x_wconf 88' lang='lat' dir='ltr'>ignorantiaque</span> <span class='ocrx_word' id='word_1_15' title='bbox 1413 265 1506 292; x_wconf 86' lang='lat' dir='ltr'>snae</span> <span class='ocrx_word' id='word_1_16' title='bbox 1529 266 1609 292; x_wconf 89' lang='lat' dir='ltr'>ma-</span> 
     </span>
     <span class='ocr_line' id='line_1_3' title="bbox 91 316 1608 374; baseline 0.002 -17"><span class='ocrx_word' id='word_1_17' title='bbox 91 317 157 357; x_wconf 90' lang='lat' dir='ltr'>tris</span> <span class='ocrx_word' id='word_1_18' title='bbox 182 323 359 357; x_wconf 85' lang='lat' dir='ltr'>exortum</span> <span class='ocrx_word' id='word_1_19' title='bbox 383 316 577 365; x_wconf 71' lang='lat' dir='ltr'>referunt,</span> <span class='ocrx_word' id='word_1_20' title='bbox 605 316 675 355; x_wconf 90' lang='lat' dir='ltr'>hoc</span> <span class='ocrx_word' id='word_1_21' title='bbox 697 323 755 356; x_wconf 92' lang='lat' dir='ltr'>est</span> <span class='ocrx_word' id='word_1_22' title='bbox 775 316 874 356; x_wconf 89' lang='lat' dir='ltr'>illius</span> <span class='ocrx_word' id='word_1_23' title='bbox 897 330 1096 370; x_wconf 81' lang='lat' dir='ltr'>supremae</span> <span class='ocrx_word' id='word_1_24' title='bbox 1119 332 1226 371; x_wconf 87' lang='lat' dir='ltr'>quam</span> <span class='ocrx_word' id='word_1_25' title='bbox 1249 317 1456 359; x_wconf 88' lang='lat' dir='ltr'>Prunicum</span> <span class='ocrx_word' id='word_1_26' title='bbox 1481 320 1608 374; x_wconf 85' lang='lat' dir='ltr'>appel-</span> 
     </span>
     <span class='ocr_line' id='line_1_4' title="bbox 88 382 1607 438; baseline 0.003 -14"><span class='ocrx_word' id='word_1_27' title='bbox 88 384 181 424; x_wconf 87' lang='lat' dir='ltr'>lant.</span> <span class='ocrx_word' id='word_1_28' title='bbox 245 383 353 423; x_wconf 89' lang='lat' dir='ltr'>Hanc</span> <span class='ocrx_word' id='word_1_29' title='bbox 381 382 480 422; x_wconf 91' lang='lat' dir='ltr'>enim</span> <span class='ocrx_word' id='word_1_30' title='bbox 509 390 665 423; x_wconf 84' lang='lat' dir='ltr'>narrant</span> <span class='ocrx_word' id='word_1_31' title='bbox 688 384 725 423; x_wconf 89' lang='lat' dir='ltr'>in</span> <span class='ocrx_word' id='word_1_32' title='bbox 752 398 869 437; x_wconf 89' lang='lat' dir='ltr'>aquas</span> <span class='ocrx_word' id='word_1_33' title='bbox 895 384 1084 438; x_wconf 79' lang='lat' dir='ltr'>delapsam</span> <span class='ocrx_word' id='word_1_34' title='bbox 1107 384 1229 438; x_wconf 90' lang='lat' dir='ltr'>iisque</span> <span class='ocrx_word' id='word_1_35' title='bbox 1254 386 1490 426; x_wconf 76' lang='lat' dir='ltr'>commistam</span> <span class='ocrx_word' id='word_1_36' title='bbox 1515 401 1607 428; x_wconf 93' lang='lat' dir='ltr'>evo-</span> 
     </span>
     <span class='ocr_line' id='line_1_5' title="bbox 88 450 1607 508; baseline 0.003 -18"><span class='ocrx_word' id='word_1_37' title='bbox 88 451 167 491; x_wconf 92' lang='lat' dir='ltr'>lare</span> <span class='ocrx_word' id='word_1_38' title='bbox 198 450 352 490; x_wconf 90' lang='lat' dir='ltr'>minime</span> <span class='ocrx_word' id='word_1_39' title='bbox 383 451 577 505; x_wconf 90' lang='lat' dir='ltr'>potuisse,</span> <span class='ocrx_word' id='word_1_40' title='bbox 622 451 720 504; x_wconf 89' lang='lat' dir='ltr'>quod</span> <span class='ocrx_word' id='word_1_41' title='bbox 749 451 929 490; x_wconf 86' lang='lat' dir='ltr'>materiae</span> <span class='ocrx_word' id='word_1_42' title='bbox 958 451 1145 505; x_wconf 85' lang='lat' dir='ltr'>gravitate</span> <span class='ocrx_word' id='word_1_43' title='bbox 1173 460 1276 492; x_wconf 89' lang='lat' dir='ltr'>csset</span> <span class='ocrx_word' id='word_1_44' title='bbox 1304 454 1504 508; x_wconf 79' lang='lat' dir='ltr'>implicita3</span> <span class='ocrx_word' id='word_1_45' title='bbox 1547 455 1607 495; x_wconf 89' lang='lat' dir='ltr'>cui</span> 
     </span>
     <span class='ocr_line' id='line_1_6' title="bbox 88 518 1606 573; baseline 0.003 -15"><span class='ocrx_word' id='word_1_46' title='bbox 88 518 236 572; x_wconf 86' lang='lat' dir='ltr'>quidem</span> <span class='ocrx_word' id='word_1_47' title='bbox 263 518 419 572; x_wconf 84' lang='lat' dir='ltr'>perinde</span> <span class='ocrx_word' id='word_1_48' title='bbox 445 525 486 558; x_wconf 89' lang='lat' dir='ltr'>ut</span> <span class='ocrx_word' id='word_1_49' title='bbox 513 519 619 572; x_wconf 88' lang='lat' dir='ltr'>aquis</span> <span class='ocrx_word' id='word_1_50' title='bbox 645 519 787 558; x_wconf 85' lang='lat' dir='ltr'>inserta</span> <span class='ocrx_word' id='word_1_51' title='bbox 813 518 995 557; x_wconf 75' lang='lat' dir='ltr'>recedere</span> <span class='ocrx_word' id='word_1_52' title='bbox 1021 518 1120 558; x_wconf 86' lang='lat' dir='ltr'>ultra</span> <span class='ocrx_word' id='word_1_53' title='bbox 1146 520 1376 573; x_wconf 87' lang='lat' dir='ltr'>nequiverit.</span> <span class='ocrx_word' id='word_1_54' title='bbox 1436 521 1495 562; x_wconf 87' lang='lat' dir='ltr'>Ac</span> <span class='ocrx_word' id='word_1_55' title='bbox 1522 536 1606 562; x_wconf 90' lang='lat' dir='ltr'>cum</span> 
     </span>
     <span class='ocr_line' id='line_1_7' title="bbox 85 585 1606 644; baseline 0.002 -18"><span class='ocrx_word' id='word_1_56' title='bbox 85 599 126 626; x_wconf 89' lang='lat' dir='ltr'>se</span> <span class='ocrx_word' id='word_1_57' title='bbox 153 585 342 626; x_wconf 88' lang='lat' dir='ltr'>violenter</span> <span class='ocrx_word' id='word_1_58' title='bbox 368 585 521 626; x_wconf 86' lang='lat' dir='ltr'>efferret</span> <span class='ocrx_word' id='word_1_59' title='bbox 545 593 657 639; x_wconf 86' lang='lat' dir='ltr'>atque</span> <span class='ocrx_word' id='word_1_60' title='bbox 683 585 927 625; x_wconf 83' lang='lat' dir='ltr'>extendendo</span> <span class='ocrx_word' id='word_1_61' title='bbox 954 586 1163 635; x_wconf 75' lang='lat' dir='ltr'>niteretur,</span> <span class='ocrx_word' id='word_1_62' title='bbox 1206 588 1352 627; x_wconf 89' lang='lat' dir='ltr'>coelum</span> <span class='ocrx_word' id='word_1_63' title='bbox 1376 589 1465 628; x_wconf 90' lang='lat' dir='ltr'>illud</span> <span class='ocrx_word' id='word_1_64' title='bbox 1494 603 1606 644; x_wconf 90' lang='lat' dir='ltr'>supe-</span> 
     </span>
     <span class='ocr_line' id='line_1_8' title="bbox 85 651 1606 708; baseline 0.003 -15"><span class='ocrx_word' id='word_1_65' title='bbox 85 653 165 693; x_wconf 88' lang='lat' dir='ltr'>rius</span> <span class='ocrx_word' id='word_1_66' title='bbox 193 653 368 694; x_wconf 82' lang='lat' dir='ltr'>effectum</span> <span class='ocrx_word' id='word_1_67' title='bbox 395 662 468 694; x_wconf 90' lang='lat' dir='ltr'>est.</span> <span class='ocrx_word' id='word_1_68' title='bbox 530 651 617 708; x_wconf 84' lang='lat' dir='ltr'>lpsa</span> <span class='ocrx_word' id='word_1_69' title='bbox 643 666 736 692; x_wconf 94' lang='lat' dir='ltr'>vero</span> <span class='ocrx_word' id='word_1_70' title='bbox 761 652 823 692; x_wconf 91' lang='lat' dir='ltr'>ubi</span> <span class='ocrx_word' id='word_1_71' title='bbox 848 653 973 692; x_wconf 81' lang='lat' dir='ltr'>defixa</span> <span class='ocrx_word' id='word_1_72' title='bbox 997 653 1116 692; x_wconf 90' lang='lat' dir='ltr'>semel</span> <span class='ocrx_word' id='word_1_73' title='bbox 1142 661 1220 704; x_wconf 86' lang='lat' dir='ltr'>est,</span> <span class='ocrx_word' id='word_1_74' title='bbox 1266 655 1387 695; x_wconf 81' lang='lat' dir='ltr'>haesit</span> <span class='ocrx_word' id='word_1_75' title='bbox 1408 656 1445 695; x_wconf 92' lang='lat' dir='ltr'>in</span> <span class='ocrx_word' id='word_1_76' title='bbox 1472 658 1606 697; x_wconf 89' lang='lat' dir='ltr'>eodem</span> 
     </span>
     <span class='ocr_line' id='line_1_9' title="bbox 85 720 1606 777; baseline 0.003 -16"><span class='ocrx_word' id='word_1_77' title='bbox 85 728 212 772; x_wconf 87' lang='lat' dir='ltr'>statu,</span> <span class='ocrx_word' id='word_1_78' title='bbox 254 735 377 775; x_wconf 91' lang='lat' dir='ltr'>neque</span> <span class='ocrx_word' id='word_1_79' title='bbox 402 728 465 760; x_wconf 85' lang='lat' dir='ltr'>ant</span> <span class='ocrx_word' id='word_1_80' title='bbox 489 721 609 761; x_wconf 89' lang='lat' dir='ltr'>attolli</span> <span class='ocrx_word' id='word_1_81' title='bbox 636 734 786 760; x_wconf 89' lang='lat' dir='ltr'>sursum</span> <span class='ocrx_word' id='word_1_82' title='bbox 810 727 874 760; x_wconf 89' lang='lat' dir='ltr'>aut</span> <span class='ocrx_word' id='word_1_83' title='bbox 897 720 1074 760; x_wconf 88' lang='lat' dir='ltr'>deorsum</span> <span class='ocrx_word' id='word_1_84' title='bbox 1102 721 1336 761; x_wconf 88' lang='lat' dir='ltr'>descendere</span> <span class='ocrx_word' id='word_1_85' title='bbox 1363 723 1504 777; x_wconf 86' lang='lat' dir='ltr'>potuit,</span> <span class='ocrx_word' id='word_1_86' title='bbox 1539 726 1606 765; x_wconf 90' lang='lat' dir='ltr'>sed</span> 
     </span>
     <span class='ocr_line' id='line_1_10' title="bbox 84 787 1605 841; baseline 0.004 -14"><span class='ocrx_word' id='word_1_87' title='bbox 84 788 122 828; x_wconf 88' lang='lat' dir='ltr'>in</span> <span class='ocrx_word' id='word_1_88' title='bbox 153 788 276 829; x_wconf 87' lang='lat' dir='ltr'>medio</span> <span class='ocrx_word' id='word_1_89' title='bbox 299 788 503 828; x_wconf 90' lang='lat' dir='ltr'>immobilis</span> <span class='ocrx_word' id='word_1_90' title='bbox 529 794 763 841; x_wconf 81' lang='lat' dir='ltr'>extentaque</span> <span class='ocrx_word' id='word_1_91' title='bbox 789 788 1011 841; x_wconf 82' lang='lat' dir='ltr'>permansit.</span> <span class='ocrx_word' id='word_1_92' title='bbox 1072 787 1163 828; x_wconf 90' lang='lat' dir='ltr'>Non</span> <span class='ocrx_word' id='word_1_93' title='bbox 1194 789 1292 828; x_wconf 90' lang='lat' dir='ltr'>enim</span> <span class='ocrx_word' id='word_1_94' title='bbox 1320 790 1539 831; x_wconf 87' lang='lat' dir='ltr'>inferiorem</span> <span class='ocrx_word' id='word_1_95' title='bbox 1567 793 1605 833; x_wconf 93' lang='lat' dir='ltr'>in</span> 
     </span>
     <span class='ocr_line' id='line_1_11' title="bbox 84 854 1606 910; baseline 0.003 -14"><span class='ocrx_word' id='word_1_96' title='bbox 84 856 206 896; x_wconf 89' lang='lat' dir='ltr'>locum</span> <span class='ocrx_word' id='word_1_97' title='bbox 235 863 436 910; x_wconf 82' lang='lat' dir='ltr'>vergeret,</span> <span class='ocrx_word' id='word_1_98' title='bbox 471 869 543 909; x_wconf 89' lang='lat' dir='ltr'>quo</span> <span class='ocrx_word' id='word_1_99' title='bbox 572 869 655 894; x_wconf 91' lang='lat' dir='ltr'>cum</span> <span class='ocrx_word' id='word_1_100' title='bbox 679 854 714 894; x_wconf 91' lang='lat' dir='ltr'>ei</span> <span class='ocrx_word' id='word_1_101' title='bbox 739 855 848 894; x_wconf 90' lang='lat' dir='ltr'>affine</span> <span class='ocrx_word' id='word_1_102' title='bbox 872 854 963 894; x_wconf 88' lang='lat' dir='ltr'>nihil</span> <span class='ocrx_word' id='word_1_103' title='bbox 986 862 1110 906; x_wconf 83' lang='lat' dir='ltr'>esset3</span> <span class='ocrx_word' id='word_1_104' title='bbox 1154 869 1303 896; x_wconf 86' lang='lat' dir='ltr'>sursum</span> <span class='ocrx_word' id='word_1_105' title='bbox 1330 864 1454 897; x_wconf 88' lang='lat' dir='ltr'>autem</span> <span class='ocrx_word' id='word_1_106' title='bbox 1482 873 1606 900; x_wconf 87' lang='lat' dir='ltr'>emer-</span> 
     </span>
     <span class='ocr_line' id='line_1_12' title="bbox 85 922 1605 982; baseline 0.003 -19"><span class='ocrx_word' id='word_1_107' title='bbox 85 937 176 977; x_wconf 82' lang='lat' dir='ltr'>gere</span> <span class='ocrx_word' id='word_1_108' title='bbox 209 938 283 964; x_wconf 90' lang='lat' dir='ltr'>non</span> <span class='ocrx_word' id='word_1_109' title='bbox 316 930 487 978; x_wconf 89' lang='lat' dir='ltr'>poterat,</span> <span class='ocrx_word' id='word_1_110' title='bbox 532 936 616 962; x_wconf 92' lang='lat' dir='ltr'>cum</span> <span class='ocrx_word' id='word_1_111' title='bbox 646 936 730 962; x_wconf 84' lang='lat' dir='ltr'>eam</span> <span class='ocrx_word' id='word_1_112' title='bbox 761 922 918 962; x_wconf 85' lang='lat' dir='ltr'>materia</span> <span class='ocrx_word' id='word_1_113' title='bbox 948 922 1011 962; x_wconf 86' lang='lat' dir='ltr'>illa</span> <span class='ocrx_word' id='word_1_114' title='bbox 1043 923 1102 962; x_wconf 91' lang='lat' dir='ltr'>cui</span> <span class='ocrx_word' id='word_1_115' title='bbox 1132 937 1174 963; x_wconf 88' lang='lat' dir='ltr'>se</span> <span class='ocrx_word' id='word_1_116' title='bbox 1210 924 1439 966; x_wconf 83' lang='lat' dir='ltr'>adiunxerat</span> <span class='ocrx_word' id='word_1_117' title='bbox 1469 935 1605 982; x_wconf 87' lang='lat' dir='ltr'>suopte</span> 
     </span>
     <span class='ocr_line' id='line_1_13' title="bbox 85 988 1605 1046; baseline 0.003 -15"><span class='ocrx_word' id='word_1_118' title='bbox 85 992 253 1046; x_wconf 89' lang='lat' dir='ltr'>pondere</span> <span class='ocrx_word' id='word_1_119' title='bbox 284 997 480 1045; x_wconf 85' lang='lat' dir='ltr'>gravaret.</span> <span class='ocrx_word' id='word_1_120' title='bbox 544 988 665 1044; x_wconf 82' lang='lat' dir='ltr'>igitur</span> <span class='ocrx_word' id='word_1_121' title='bbox 695 1003 747 1029; x_wconf 79' lang='lat' dir='ltr'>ex</span> <span class='ocrx_word' id='word_1_122' title='bbox 778 989 888 1029; x_wconf 87' lang='lat' dir='ltr'>huius</span> <span class='ocrx_word' id='word_1_123' title='bbox 912 989 1126 1043; x_wconf 82' lang='lat' dir='ltr'>ignorantia</span> <span class='ocrx_word' id='word_1_124' title='bbox 1158 991 1281 1031; x_wconf 88' lang='lat' dir='ltr'>editus</span> <span class='ocrx_word' id='word_1_125' title='bbox 1307 990 1527 1034; x_wconf 86' lang='lat' dir='ltr'>laldabaoth</span> <span class='ocrx_word' id='word_1_126' title='bbox 1560 996 1605 1035; x_wconf 88' lang='lat' dir='ltr'>ad</span> 
     </span>
     <span class='ocr_line' id='line_1_14' title="bbox 83 1056 1606 1113; baseline 0.003 -15"><span class='ocrx_word' id='word_1_127' title='bbox 83 1058 211 1098; x_wconf 84' lang='lat' dir='ltr'>infima</span> <span class='ocrx_word' id='word_1_128' title='bbox 235 1059 418 1109; x_wconf 86' lang='lat' dir='ltr'>subsidit,</span> <span class='ocrx_word' id='word_1_129' title='bbox 452 1065 674 1113; x_wconf 87' lang='lat' dir='ltr'>septemque</span> <span class='ocrx_word' id='word_1_130' title='bbox 698 1057 769 1097; x_wconf 89' lang='lat' dir='ltr'>sibi</span> <span class='ocrx_word' id='word_1_131' title='bbox 792 1056 934 1098; x_wconf 91' lang='lat' dir='ltr'>liberos</span> <span class='ocrx_word' id='word_1_132' title='bbox 959 1058 1112 1111; x_wconf 85' lang='lat' dir='ltr'>genuit,</span> <span class='ocrx_word' id='word_1_133' title='bbox 1148 1059 1208 1112; x_wconf 88' lang='lat' dir='ltr'>qui</span> <span class='ocrx_word' id='word_1_134' title='bbox 1235 1060 1388 1100; x_wconf 89' lang='lat' dir='ltr'>totidem</span> <span class='ocrx_word' id='word_1_135' title='bbox 1415 1062 1606 1103; x_wconf 87' lang='lat' dir='ltr'>coelestes</span> 
     </span>
     <span class='ocr_line' id='line_1_15' title="bbox 85 1125 1606 1179; baseline 0.003 -14"><span class='ocrx_word' id='word_1_136' title='bbox 85 1126 197 1167; x_wconf 92' lang='lat' dir='ltr'>orbes</span> <span class='ocrx_word' id='word_1_137' title='bbox 224 1127 487 1167; x_wconf 89' lang='lat' dir='ltr'>condiderunt.</span> <span class='ocrx_word' id='word_1_138' title='bbox 548 1125 603 1166; x_wconf 85' lang='lat' dir='ltr'>At</span> <span class='ocrx_word' id='word_1_139' title='bbox 632 1125 694 1165; x_wconf 91' lang='lat' dir='ltr'>ille</span> <span class='ocrx_word' id='word_1_140' title='bbox 721 1139 816 1179; x_wconf 87' lang='lat' dir='ltr'>quae</span> <span class='ocrx_word' id='word_1_141' title='bbox 845 1139 960 1179; x_wconf 87' lang='lat' dir='ltr'>supra</span> <span class='ocrx_word' id='word_1_142' title='bbox 986 1139 1027 1165; x_wconf 90' lang='lat' dir='ltr'>se</span> <span class='ocrx_word' id='word_1_143' title='bbox 1057 1133 1167 1166; x_wconf 85' lang='lat' dir='ltr'>erant</span> <span class='ocrx_word' id='word_1_144' title='bbox 1193 1127 1409 1168; x_wconf 78' lang='lat' dir='ltr'>interclusit</span> <span class='ocrx_word' id='word_1_145' title='bbox 1430 1143 1606 1170; x_wconf 92' lang='lat' dir='ltr'>suorum-</span> 
     </span>
     <span class='ocr_line' id='line_1_16' title="bbox 85 1193 1605 1252; baseline 0.003 -18"><span class='ocrx_word' id='word_1_146' title='bbox 85 1208 156 1248; x_wconf 92' lang='lat' dir='ltr'>que</span> <span class='ocrx_word' id='word_1_147' title='bbox 182 1193 373 1234; x_wconf 81' lang='lat' dir='ltr'>subtraxit</span> <span class='ocrx_word' id='word_1_148' title='bbox 399 1194 542 1244; x_wconf 84' lang='lat' dir='ltr'>oculis‚</span> <span class='ocrx_word' id='word_1_149' title='bbox 589 1207 634 1233; x_wconf 91' lang='lat' dir='ltr'>ne</span> <span class='ocrx_word' id='word_1_150' title='bbox 665 1200 810 1248; x_wconf 89' lang='lat' dir='ltr'>septem</span> <span class='ocrx_word' id='word_1_151' title='bbox 836 1193 889 1233; x_wconf 89' lang='lat' dir='ltr'>illi</span> <span class='ocrx_word' id='word_1_152' title='bbox 916 1207 1011 1247; x_wconf 91' lang='lat' dir='ltr'>quos</span> <span class='ocrx_word' id='word_1_153' title='bbox 1033 1202 1257 1249; x_wconf 81' lang='lat' dir='ltr'>susceperat</span> <span class='ocrx_word' id='word_1_154' title='bbox 1283 1196 1479 1250; x_wconf 86' lang='lat' dir='ltr'>quicquam</span> <span class='ocrx_word' id='word_1_155' title='bbox 1506 1199 1605 1252; x_wconf 87' lang='lat' dir='ltr'>quod</span> 
     </span>
     <span class='ocr_line' id='line_1_17' title="bbox 84 1262 1604 1316; baseline 0.003 -14"><span class='ocrx_word' id='word_1_156' title='bbox 84 1275 125 1302; x_wconf 86' lang='lat' dir='ltr'>se</span> <span class='ocrx_word' id='word_1_157' title='bbox 157 1262 238 1316; x_wconf 88' lang='lat' dir='ltr'>ipso</span> <span class='ocrx_word' id='word_1_158' title='bbox 271 1262 444 1316; x_wconf 84' lang='lat' dir='ltr'>superius</span> <span class='ocrx_word' id='word_1_159' title='bbox 477 1268 580 1302; x_wconf 89' lang='lat' dir='ltr'>esset</span> <span class='ocrx_word' id='word_1_160' title='bbox 611 1268 765 1315; x_wconf 82' lang='lat' dir='ltr'>praeter</span> <span class='ocrx_word' id='word_1_161' title='bbox 796 1275 837 1301; x_wconf 92' lang='lat' dir='ltr'>se</span> <span class='ocrx_word' id='word_1_162' title='bbox 865 1275 978 1301; x_wconf 87' lang='lat' dir='ltr'>unum</span> <span class='ocrx_word' id='word_1_163' title='bbox 1007 1269 1279 1315; x_wconf 82' lang='lat' dir='ltr'>agnoscerent.</span> <span class='ocrx_word' id='word_1_164' title='bbox 1341 1263 1455 1305; x_wconf 89' lang='lat' dir='ltr'>Hunc</span> <span class='ocrx_word' id='word_1_165' title='bbox 1480 1263 1604 1306; x_wconf 85' lang='lat' dir='ltr'>lalda-</span> 
     </span>
     <span class='ocr_line' id='line_1_18' title="bbox 83 1327 1603 1382; baseline 0.004 -14"><span class='ocrx_word' id='word_1_166' title='bbox 83 1329 193 1369; x_wconf 86' lang='lat' dir='ltr'>baoth</span> <span class='ocrx_word' id='word_1_167' title='bbox 224 1327 450 1369; x_wconf 86' lang='lat' dir='ltr'>Iudaeorum</span> <span class='ocrx_word' id='word_1_168' title='bbox 484 1343 571 1370; x_wconf 89' lang='lat' dir='ltr'>esse</span> <span class='ocrx_word' id='word_1_169' title='bbox 605 1330 715 1369; x_wconf 87' lang='lat' dir='ltr'>deum</span> <span class='ocrx_word' id='word_1_170' title='bbox 747 1336 937 1369; x_wconf 89' lang='lat' dir='ltr'>asserunt.</span> <span class='ocrx_word' id='word_1_171' title='bbox 1002 1327 1114 1382; x_wconf 78' lang='lat' dir='ltr'>Quod</span> <span class='ocrx_word' id='word_1_172' title='bbox 1150 1330 1248 1370; x_wconf 89' lang='lat' dir='ltr'>absit</span> <span class='ocrx_word' id='word_1_173' title='bbox 1279 1338 1319 1370; x_wconf 93' lang='lat' dir='ltr'>ut</span> <span class='ocrx_word' id='word_1_174' title='bbox 1352 1346 1439 1372; x_wconf 88' lang='lat' dir='ltr'>esse</span> <span class='ocrx_word' id='word_1_175' title='bbox 1471 1348 1603 1374; x_wconf 91' lang='lat' dir='ltr'>verum</span> 
     </span>
     <span class='ocr_line' id='line_1_19' title="bbox 82 1395 1600 1453; baseline 0.003 -17"><span class='ocrx_word' id='word_1_176' title='bbox 82 1403 271 1451; x_wconf 83' lang='lat' dir='ltr'>putemus.</span> <span class='ocrx_word' id='word_1_177' title='bbox 332 1395 414 1437; x_wconf 86' lang='lat' dir='ltr'>Imo</span> <span class='ocrx_word' id='word_1_178' title='bbox 442 1397 505 1437; x_wconf 90' lang='lat' dir='ltr'>ille</span> <span class='ocrx_word' id='word_1_179' title='bbox 529 1398 610 1452; x_wconf 90' lang='lat' dir='ltr'>ipse</span> <span class='ocrx_word' id='word_1_180' title='bbox 636 1404 693 1436; x_wconf 87' lang='lat' dir='ltr'>est</span> <span class='ocrx_word' id='word_1_181' title='bbox 719 1411 738 1436; x_wconf 93' lang='lat' dir='ltr'>a</span> <span class='ocrx_word' id='word_1_182' title='bbox 764 1411 836 1450; x_wconf 91' lang='lat' dir='ltr'>quo</span> <span class='ocrx_word' id='word_1_183' title='bbox 860 1397 1047 1437; x_wconf 87' lang='lat' dir='ltr'>iudicandi</span> <span class='ocrx_word' id='word_1_184' title='bbox 1069 1405 1178 1447; x_wconf 86' lang='lat' dir='ltr'>sunt,</span> <span class='ocrx_word' id='word_1_185' title='bbox 1226 1399 1465 1453; x_wconf 88' lang='lat' dir='ltr'>omnipotens</span> <span class='ocrx_word' id='word_1_186' title='bbox 1492 1401 1600 1453; x_wconf 87' lang='lat' dir='ltr'>deus,</span> 
     </span>
     <span class='ocr_line' id='line_1_20' title="bbox 81 1462 1602 1520; baseline 0.003 -16"><span class='ocrx_word' id='word_1_187' title='bbox 81 1462 326 1516; x_wconf 86' lang='lat' dir='ltr'>ludaeorum,</span> <span class='ocrx_word' id='word_1_188' title='bbox 349 1465 519 1519; x_wconf 88' lang='lat' dir='ltr'>inquam,</span> <span class='ocrx_word' id='word_1_189' title='bbox 546 1472 586 1505; x_wconf 87' lang='lat' dir='ltr'>ut</span> <span class='ocrx_word' id='word_1_190' title='bbox 607 1472 645 1504; x_wconf 91' lang='lat' dir='ltr'>et</span> <span class='ocrx_word' id='word_1_191' title='bbox 662 1462 988 1515; x_wconf 85' lang='lat' dir='ltr'>Christianorum,</span> <span class='ocrx_word' id='word_1_192' title='bbox 1012 1466 1182 1520; x_wconf 86' lang='lat' dir='ltr'>adeoque</span> <span class='ocrx_word' id='word_1_193' title='bbox 1202 1467 1414 1507; x_wconf 89' lang='lat' dir='ltr'>communis</span> <span class='ocrx_word' id='word_1_194' title='bbox 1433 1469 1602 1509; x_wconf 91' lang='lat' dir='ltr'>omnium</span> 
     </span>
     <span class='ocr_line' id='line_1_21' title="bbox 81 1532 1601 1591; baseline 0.003 -18"><span class='ocrx_word' id='word_1_195' title='bbox 81 1533 197 1583; x_wconf 89' lang='lat' dir='ltr'>deus,</span> <span class='ocrx_word' id='word_1_196' title='bbox 230 1547 306 1573; x_wconf 88' lang='lat' dir='ltr'>non</span> <span class='ocrx_word' id='word_1_197' title='bbox 328 1533 390 1573; x_wconf 91' lang='lat' dir='ltr'>ille</span> <span class='ocrx_word' id='word_1_198' title='bbox 414 1533 545 1573; x_wconf 89' lang='lat' dir='ltr'>nescio</span> <span class='ocrx_word' id='word_1_199' title='bbox 567 1532 649 1586; x_wconf 91' lang='lat' dir='ltr'>quis</span> <span class='ocrx_word' id='word_1_200' title='bbox 673 1547 722 1573; x_wconf 86' lang='lat' dir='ltr'>ex</span> <span class='ocrx_word' id='word_1_201' title='bbox 746 1533 1014 1573; x_wconf 79' lang='lat' dir='ltr'>commentitiis</span> <span class='ocrx_word' id='word_1_202' title='bbox 1039 1533 1199 1574; x_wconf 89' lang='lat' dir='ltr'>istorum</span> <span class='ocrx_word' id='word_1_203' title='bbox 1224 1534 1334 1589; x_wconf 85' lang='lat' dir='ltr'>nugis</span> <span class='ocrx_word' id='word_1_204' title='bbox 1357 1536 1601 1591; x_wconf 88' lang='lat' dir='ltr'>depromptus</span> 
     </span>
     <span class='ocr_line' id='line_1_22' title="bbox 82 1598 1026 1655; baseline 0 -15"><span class='ocrx_word' id='word_1_205' title='bbox 82 1598 315 1641; x_wconf 87' lang='lat' dir='ltr'>laldabaoth.</span> <span class='ocrx_word' id='word_1_206' title='bbox 377 1599 436 1641; x_wconf 91' lang='lat' dir='ltr'>De</span> <span class='ocrx_word' id='word_1_207' title='bbox 469 1615 542 1654; x_wconf 92' lang='lat' dir='ltr'>quo</span> <span class='ocrx_word' id='word_1_208' title='bbox 573 1600 625 1640; x_wconf 91' lang='lat' dir='ltr'>ita</span> <span class='ocrx_word' id='word_1_209' title='bbox 658 1614 817 1640; x_wconf 86' lang='lat' dir='ltr'>narrare</span> <span class='ocrx_word' id='word_1_210' title='bbox 849 1608 1026 1655; x_wconf 83' lang='lat' dir='ltr'>pergunt.</span> 
     </span>
    </p>

    <p class='ocr_par' dir='ltr' id='par_1_3' title="bbox 77 1666 1778 2810">
     <span class='ocr_line' id='line_1_23' title="bbox 193 1666 1778 1726; baseline 0.003 -17"><span class='ocrx_word' id='word_1_211' title='bbox 193 1666 316 1719; x_wconf 90' lang='lat' dir='ltr'>Cum,</span> <span class='ocrx_word' id='word_1_212' title='bbox 364 1676 404 1708; x_wconf 93' lang='lat' dir='ltr'>ut</span> <span class='ocrx_word' id='word_1_213' title='bbox 435 1669 574 1708; x_wconf 86' lang='lat' dir='ltr'>dictum</span> <span class='ocrx_word' id='word_1_214' title='bbox 609 1675 691 1718; x_wconf 91' lang='lat' dir='ltr'>est,</span> <span class='ocrx_word' id='word_1_215' title='bbox 739 1667 996 1709; x_wconf 88' lang='lat' dir='ltr'>Ialdabaothis</span> <span class='ocrx_word' id='word_1_216' title='bbox 1029 1669 1234 1711; x_wconf 85' lang='lat' dir='ltr'>calliditate</span> <span class='ocrx_word' id='word_1_217' title='bbox 1265 1671 1388 1712; x_wconf 83' lang='lat' dir='ltr'>aditus</span> <span class='ocrx_word' id='word_1_218' title='bbox 1421 1679 1525 1712; x_wconf 86' lang='lat' dir='ltr'>esset</span> <span class='ocrx_word' id='word_1_219' title='bbox 1555 1673 1600 1714; x_wconf 89' lang='lat' dir='ltr'>ad</span> <span class='ocrx_word' id='word_1_220' title='bbox 1628 1681 1778 1726; x_wconf 80' lang='lat' dir='ltr'>Cap.1V.</span> 
     </span>
     <span class='ocr_line' id='line_1_24' title="bbox 80 1736 1599 1793; baseline 0.003 -16"><span class='ocrx_word' id='word_1_221' title='bbox 80 1737 280 1791; x_wconf 86' lang='lat' dir='ltr'>superiora</span> <span class='ocrx_word' id='word_1_222' title='bbox 305 1737 553 1791; x_wconf 87' lang='lat' dir='ltr'>praeclusus,</span> <span class='ocrx_word' id='word_1_223' title='bbox 596 1743 741 1790; x_wconf 86' lang='lat' dir='ltr'>septem</span> <span class='ocrx_word' id='word_1_224' title='bbox 768 1736 820 1775; x_wconf 91' lang='lat' dir='ltr'>illi</span> <span class='ocrx_word' id='word_1_225' title='bbox 848 1736 892 1776; x_wconf 88' lang='lat' dir='ltr'>ab</span> <span class='ocrx_word' id='word_1_226' title='bbox 923 1750 968 1776; x_wconf 87' lang='lat' dir='ltr'>eo</span> <span class='ocrx_word' id='word_1_227' title='bbox 993 1738 1110 1791; x_wconf 84' lang='lat' dir='ltr'>geniti</span> <span class='ocrx_word' id='word_1_228' title='bbox 1138 1738 1270 1789; x_wconf 79' lang='lat' dir='ltr'>liberi,</span> <span class='ocrx_word' id='word_1_229' title='bbox 1315 1740 1396 1779; x_wconf 85' lang='lat' dir='ltr'>sive</span> <span class='ocrx_word' id='word_1_230' title='bbox 1424 1741 1599 1793; x_wconf 87' lang='lat' dir='ltr'>Aeones,</span> 
     </span>
     <span class='ocr_line' id='line_1_25' title="bbox 81 1804 1599 1859; baseline 0.003 -15"><span class='ocrx_word' id='word_1_231' title='bbox 81 1805 162 1845; x_wconf 90' lang='lat' dir='ltr'>sive</span> <span class='ocrx_word' id='word_1_232' title='bbox 185 1805 249 1854; x_wconf 90' lang='lat' dir='ltr'>dii,</span> <span class='ocrx_word' id='word_1_233' title='bbox 283 1804 365 1845; x_wconf 77' lang='lat' dir='ltr'>sive</span> <span class='ocrx_word' id='word_1_234' title='bbox 389 1805 538 1845; x_wconf 90' lang='lat' dir='ltr'>demum</span> <span class='ocrx_word' id='word_1_235' title='bbox 561 1805 702 1858; x_wconf 82' lang='lat' dir='ltr'>angeli,</span> <span class='ocrx_word' id='word_1_236' title='bbox 731 1804 883 1844; x_wconf 87' lang='lat' dir='ltr'>diversa</span> <span class='ocrx_word' id='word_1_237' title='bbox 907 1805 1005 1844; x_wconf 89' lang='lat' dir='ltr'>enim</span> <span class='ocrx_word' id='word_1_238' title='bbox 1030 1805 1074 1845; x_wconf 89' lang='lat' dir='ltr'>ab</span> <span class='ocrx_word' id='word_1_239' title='bbox 1097 1806 1171 1845; x_wconf 88' lang='lat' dir='ltr'>illis</span> <span class='ocrx_word' id='word_1_240' title='bbox 1194 1807 1346 1846; x_wconf 86' lang='lat' dir='ltr'>nomina</span> <span class='ocrx_word' id='word_1_241' title='bbox 1366 1807 1599 1859; x_wconf 86' lang='lat' dir='ltr'>tribuuntur,</span> 
     </span>
     <span class='ocr_line' id='line_1_26' title="bbox 80 1871 1602 1931; baseline 0.003 -19"><span class='ocrx_word' id='word_1_242' title='bbox 80 1873 124 1912; x_wconf 88' lang='lat' dir='ltr'>ad</span> <span class='ocrx_word' id='word_1_243' title='bbox 147 1872 315 1927; x_wconf 85' lang='lat' dir='ltr'>parentis</span> <span class='ocrx_word' id='word_1_244' title='bbox 335 1873 393 1913; x_wconf 89' lang='lat' dir='ltr'>sui</span> <span class='ocrx_word' id='word_1_245' title='bbox 415 1871 672 1913; x_wconf 87' lang='lat' dir='ltr'>laldabaothis</span> <span class='ocrx_word' id='word_1_246' title='bbox 693 1871 894 1925; x_wconf 83' lang='lat' dir='ltr'>imaginem</span> <span class='ocrx_word' id='word_1_247' title='bbox 914 1872 1103 1912; x_wconf 87' lang='lat' dir='ltr'>hominem</span> <span class='ocrx_word' id='word_1_248' title='bbox 1125 1875 1358 1928; x_wconf 68' lang='lat' dir='ltr'>producunt,</span> <span class='ocrx_word' id='word_1_249' title='bbox 1394 1890 1440 1915; x_wconf 91' lang='lat' dir='ltr'>ne</span> <span class='ocrx_word' id='word_1_250' title='bbox 1462 1876 1497 1916; x_wconf 87' lang='lat' dir='ltr'>id</span> <span class='ocrx_word' id='word_1_251' title='bbox 1521 1877 1602 1931; x_wconf 91' lang='lat' dir='ltr'>qui-</span> 
     </span>
     <span class='ocr_line' id='line_1_27' title="bbox 81 1939 1600 1998; baseline 0.003 -19"><span class='ocrx_word' id='word_1_252' title='bbox 81 1941 163 1980; x_wconf 91' lang='lat' dir='ltr'>dem</span> <span class='ocrx_word' id='word_1_253' title='bbox 188 1940 298 1980; x_wconf 90' lang='lat' dir='ltr'>facile</span> <span class='ocrx_word' id='word_1_254' title='bbox 319 1940 382 1981; x_wconf 88' lang='lat' dir='ltr'>vel</span> <span class='ocrx_word' id='word_1_255' title='bbox 403 1940 597 1991; x_wconf 83' lang='lat' dir='ltr'>celeriter,</span> <span class='ocrx_word' id='word_1_256' title='bbox 622 1940 688 1980; x_wconf 87' lang='lat' dir='ltr'>sed</span> <span class='ocrx_word' id='word_1_257' title='bbox 712 1940 756 1979; x_wconf 90' lang='lat' dir='ltr'>ad</span> <span class='ocrx_word' id='word_1_258' title='bbox 778 1939 937 1979; x_wconf 85' lang='lat' dir='ltr'>eundem</span> <span class='ocrx_word' id='word_1_259' title='bbox 960 1941 1109 1981; x_wconf 85' lang='lat' dir='ltr'>modum</span> <span class='ocrx_word' id='word_1_260' title='bbox 1133 1957 1205 1996; x_wconf 91' lang='lat' dir='ltr'>quo</span> <span class='ocrx_word' id='word_1_261' title='bbox 1227 1943 1408 1983; x_wconf 83' lang='lat' dir='ltr'>haereses</span> <span class='ocrx_word' id='word_1_262' title='bbox 1430 1945 1600 1998; x_wconf 87' lang='lat' dir='ltr'>reliquae</span> 
     </span>
     <span class='ocr_line' id='line_1_28' title="bbox 79 2005 1599 2067; baseline 0.003 -20"><span class='ocrx_word' id='word_1_263' title='bbox 79 2008 325 2048; x_wconf 88' lang='lat' dir='ltr'>stolidissime</span> <span class='ocrx_word' id='word_1_264' title='bbox 361 2009 569 2048; x_wconf 87' lang='lat' dir='ltr'>linxerunt.</span> <span class='ocrx_word' id='word_1_265' title='bbox 634 2005 699 2048; x_wconf 90' lang='lat' dir='ltr'>Sic</span> <span class='ocrx_word' id='word_1_266' title='bbox 735 2007 833 2047; x_wconf 91' lang='lat' dir='ltr'>enim</span> <span class='ocrx_word' id='word_1_267' title='bbox 867 2009 1130 2062; x_wconf 89' lang='lat' dir='ltr'>pronuntiant:</span> <span class='ocrx_word' id='word_1_268' title='bbox 1177 2009 1380 2051; x_wconf 89' lang='lat' dir='ltr'>Hominem</span> <span class='ocrx_word' id='word_1_269' title='bbox 1414 2011 1599 2067; x_wconf 85' lang='lat' dir='ltr'>principio</span> 
     </span>
     <span class='ocr_line' id='line_1_29' title="bbox 80 2075 1599 2132; baseline 0.003 -17"><span class='ocrx_word' id='word_1_270' title='bbox 80 2075 221 2115; x_wconf 84' lang='lat' dir='ltr'>vermis</span> <span class='ocrx_word' id='word_1_271' title='bbox 243 2075 367 2116; x_wconf 86' lang='lat' dir='ltr'>instar</span> <span class='ocrx_word' id='word_1_272' title='bbox 390 2075 489 2115; x_wconf 91' lang='lat' dir='ltr'>humi</span> <span class='ocrx_word' id='word_1_273' title='bbox 511 2081 722 2130; x_wconf 83' lang='lat' dir='ltr'>reptantem</span> <span class='ocrx_word' id='word_1_274' title='bbox 748 2089 898 2116; x_wconf 85' lang='lat' dir='ltr'>sursum</span> <span class='ocrx_word' id='word_1_275' title='bbox 923 2077 1017 2130; x_wconf 82' lang='lat' dir='ltr'>erigi</span> <span class='ocrx_word' id='word_1_276' title='bbox 1043 2084 1104 2117; x_wconf 85' lang='lat' dir='ltr'>aut</span> <span class='ocrx_word' id='word_1_277' title='bbox 1126 2078 1245 2118; x_wconf 86' lang='lat' dir='ltr'>attolli</span> <span class='ocrx_word' id='word_1_278' title='bbox 1275 2079 1477 2132; x_wconf 88' lang='lat' dir='ltr'>nequisse,</span> <span class='ocrx_word' id='word_1_279' title='bbox 1511 2094 1599 2120; x_wconf 88' lang='lat' dir='ltr'>coe-</span> 
     </span>
     <span class='ocr_line' id='line_1_30' title="bbox 78 2142 1599 2199; baseline 0.004 -17"><span class='ocrx_word' id='word_1_280' title='bbox 78 2143 211 2183; x_wconf 89' lang='lat' dir='ltr'>lestem</span> <span class='ocrx_word' id='word_1_281' title='bbox 237 2143 372 2183; x_wconf 88' lang='lat' dir='ltr'>deinde</span> <span class='ocrx_word' id='word_1_282' title='bbox 396 2142 579 2192; x_wconf 87' lang='lat' dir='ltr'>Matrem,</span> <span class='ocrx_word' id='word_1_283' title='bbox 612 2156 708 2196; x_wconf 90' lang='lat' dir='ltr'>quae</span> <span class='ocrx_word' id='word_1_284' title='bbox 733 2150 769 2182; x_wconf 88' lang='lat' dir='ltr'>et</span> <span class='ocrx_word' id='word_1_285' title='bbox 793 2142 981 2184; x_wconf 85' lang='lat' dir='ltr'>Prunicus</span> <span class='ocrx_word' id='word_1_286' title='bbox 1004 2145 1229 2199; x_wconf 84' lang='lat' dir='ltr'>appellatur,</span> <span class='ocrx_word' id='word_1_287' title='bbox 1264 2147 1450 2187; x_wconf 90' lang='lat' dir='ltr'>adversus</span> <span class='ocrx_word' id='word_1_288' title='bbox 1477 2145 1599 2188; x_wconf 81' lang='lat' dir='ltr'>lalda-</span> 
     </span>
     <span class='ocr_line' id='line_1_31' title="bbox 77 2210 1598 2270; baseline 0.003 -20"><span class='ocrx_word' id='word_1_289' title='bbox 77 2210 191 2251; x_wconf 88' lang='lat' dir='ltr'>baoth</span> <span class='ocrx_word' id='word_1_290' title='bbox 216 2211 289 2251; x_wconf 90' lang='lat' dir='ltr'>tale</span> <span class='ocrx_word' id='word_1_291' title='bbox 313 2211 401 2265; x_wconf 91' lang='lat' dir='ltr'>quid</span> <span class='ocrx_word' id='word_1_292' title='bbox 425 2225 510 2251; x_wconf 90' lang='lat' dir='ltr'>esse</span> <span class='ocrx_word' id='word_1_293' title='bbox 531 2210 805 2261; x_wconf 81' lang='lat' dir='ltr'>machinatam,</span> <span class='ocrx_word' id='word_1_294' title='bbox 839 2218 879 2251; x_wconf 92' lang='lat' dir='ltr'>ut</span> <span class='ocrx_word' id='word_1_295' title='bbox 903 2212 936 2251; x_wconf 85' lang='lat' dir='ltr'>ei</span> <span class='ocrx_word' id='word_1_296' title='bbox 960 2212 1034 2252; x_wconf 81' lang='lat' dir='ltr'>vim</span> <span class='ocrx_word' id='word_1_297' title='bbox 1060 2213 1159 2253; x_wconf 91' lang='lat' dir='ltr'>illam</span> <span class='ocrx_word' id='word_1_298' title='bbox 1184 2228 1292 2267; x_wconf 86' lang='lat' dir='ltr'>quam</span> <span class='ocrx_word' id='word_1_299' title='bbox 1315 2214 1434 2255; x_wconf 89' lang='lat' dir='ltr'>eidem</span> <span class='ocrx_word' id='word_1_300' title='bbox 1460 2215 1598 2270; x_wconf 88' lang='lat' dir='ltr'>imper-</span> 
     </span>
     <span class='ocr_line' id='line_1_32' title="bbox 79 2277 1596 2334; baseline 0.003 -16"><span class='ocrx_word' id='word_1_301' title='bbox 79 2277 214 2329; x_wconf 87' lang='lat' dir='ltr'>tierat,</span> <span class='ocrx_word' id='word_1_302' title='bbox 253 2279 445 2329; x_wconf 84' lang='lat' dir='ltr'>auferret,</span> <span class='ocrx_word' id='word_1_303' title='bbox 488 2279 648 2332; x_wconf 88' lang='lat' dir='ltr'>ideoque</span> <span class='ocrx_word' id='word_1_304' title='bbox 673 2279 710 2318; x_wconf 90' lang='lat' dir='ltr'>in</span> <span class='ocrx_word' id='word_1_305' title='bbox 735 2279 948 2330; x_wconf 89' lang='lat' dir='ltr'>hominem,</span> <span class='ocrx_word' id='word_1_306' title='bbox 990 2294 1101 2334; x_wconf 90' lang='lat' dir='ltr'>quem</span> <span class='ocrx_word' id='word_1_307' title='bbox 1125 2281 1225 2321; x_wconf 91' lang='lat' dir='ltr'>illius</span> <span class='ocrx_word' id='word_1_308' title='bbox 1251 2282 1360 2322; x_wconf 90' lang='lat' dir='ltr'>liberi</span> <span class='ocrx_word' id='word_1_309' title='bbox 1388 2283 1596 2334; x_wconf 84' lang='lat' dir='ltr'>linxerant,</span> 
     </span>
     <span class='ocr_line' id='line_1_33' title="bbox 78 2345 1598 2402; baseline 0.004 -17"><span class='ocrx_word' id='word_1_310' title='bbox 78 2345 154 2385; x_wconf 91' lang='lat' dir='ltr'>vim</span> <span class='ocrx_word' id='word_1_311' title='bbox 174 2346 292 2400; x_wconf 90' lang='lat' dir='ltr'>ipsius</span> <span class='ocrx_word' id='word_1_312' title='bbox 316 2347 599 2396; x_wconf 79' lang='lat' dir='ltr'>transfundere,</span> <span class='ocrx_word' id='word_1_313' title='bbox 632 2360 675 2386; x_wconf 86' lang='lat' dir='ltr'>ac</span> <span class='ocrx_word' id='word_1_314' title='bbox 696 2346 896 2387; x_wconf 90' lang='lat' dir='ltr'>scintillam</span> <span class='ocrx_word' id='word_1_315' title='bbox 921 2349 1124 2402; x_wconf 90' lang='lat' dir='ltr'>quandam,</span> <span class='ocrx_word' id='word_1_316' title='bbox 1157 2349 1227 2390; x_wconf 90' lang='lat' dir='ltr'>hoc</span> <span class='ocrx_word' id='word_1_317' title='bbox 1248 2357 1308 2390; x_wconf 88' lang='lat' dir='ltr'>est</span> <span class='ocrx_word' id='word_1_318' title='bbox 1327 2351 1506 2402; x_wconf 85' lang='lat' dir='ltr'>animam,</span> <span class='ocrx_word' id='word_1_319' title='bbox 1539 2351 1598 2392; x_wconf 89' lang='lat' dir='ltr'>in-</span> 
     </span>
     <span class='ocr_line' id='line_1_34' title="bbox 78 2413 1598 2470; baseline 0.004 -17"><span class='ocrx_word' id='word_1_320' title='bbox 78 2414 237 2454; x_wconf 88' lang='lat' dir='ltr'>fundere</span> <span class='ocrx_word' id='word_1_321' title='bbox 261 2414 447 2455; x_wconf 90' lang='lat' dir='ltr'>voluisse.</span> <span class='ocrx_word' id='word_1_322' title='bbox 510 2414 643 2464; x_wconf 87' lang='lat' dir='ltr'>Tunc,</span> <span class='ocrx_word' id='word_1_323' title='bbox 677 2413 866 2468; x_wconf 87' lang='lat' dir='ltr'>inquiunt,</span> <span class='ocrx_word' id='word_1_324' title='bbox 899 2417 1055 2469; x_wconf 88' lang='lat' dir='ltr'>pedibus</span> <span class='ocrx_word' id='word_1_325' title='bbox 1081 2418 1160 2458; x_wconf 90' lang='lat' dir='ltr'>suis</span> <span class='ocrx_word' id='word_1_326' title='bbox 1184 2418 1295 2458; x_wconf 91' lang='lat' dir='ltr'>homo</span> <span class='ocrx_word' id='word_1_327' title='bbox 1321 2419 1506 2470; x_wconf 86' lang='lat' dir='ltr'>constitit,</span> <span class='ocrx_word' id='word_1_328' title='bbox 1541 2426 1598 2460; x_wconf 85' lang='lat' dir='ltr'>at-</span> 
     </span>
     <span class='ocr_line' id='line_1_35' title="bbox 78 2482 1595 2536; baseline 0.004 -15"><span class='ocrx_word' id='word_1_329' title='bbox 78 2495 149 2535; x_wconf 90' lang='lat' dir='ltr'>que</span> <span class='ocrx_word' id='word_1_330' title='bbox 171 2488 257 2522; x_wconf 91' lang='lat' dir='ltr'>octo</span> <span class='ocrx_word' id='word_1_331' title='bbox 278 2482 467 2522; x_wconf 88' lang='lat' dir='ltr'>coelestes</span> <span class='ocrx_word' id='word_1_332' title='bbox 490 2482 604 2523; x_wconf 87' lang='lat' dir='ltr'>orbes</span> <span class='ocrx_word' id='word_1_333' title='bbox 626 2482 857 2536; x_wconf 86' lang='lat' dir='ltr'>cogitatione</span> <span class='ocrx_word' id='word_1_334' title='bbox 878 2485 1152 2526; x_wconf 88' lang='lat' dir='ltr'>trauscendens</span> <span class='ocrx_word' id='word_1_335' title='bbox 1173 2484 1325 2526; x_wconf 88' lang='lat' dir='ltr'>Patrem</span> <span class='ocrx_word' id='word_1_336' title='bbox 1345 2487 1448 2527; x_wconf 93' lang='lat' dir='ltr'>illum</span> <span class='ocrx_word' id='word_1_337' title='bbox 1472 2485 1595 2528; x_wconf 87' lang='lat' dir='ltr'>ladal·</span> 
     </span>
     <span class='ocr_line' id='line_1_36' title="bbox 77 2548 1595 2609; baseline 0.005 -20"><span class='ocrx_word' id='word_1_338' title='bbox 77 2548 213 2590; x_wconf 88' lang='lat' dir='ltr'>haothe</span> <span class='ocrx_word' id='word_1_339' title='bbox 235 2550 474 2605; x_wconf 85' lang='lat' dir='ltr'>superiorem</span> <span class='ocrx_word' id='word_1_340' title='bbox 499 2549 657 2604; x_wconf 85' lang='lat' dir='ltr'>agnovit</span> <span class='ocrx_word' id='word_1_341' title='bbox 679 2564 722 2590; x_wconf 87' lang='lat' dir='ltr'>ac</span> <span class='ocrx_word' id='word_1_342' title='bbox 745 2551 918 2593; x_wconf 89' lang='lat' dir='ltr'>laudibus</span> <span class='ocrx_word' id='word_1_343' title='bbox 942 2553 1095 2594; x_wconf 80' lang='lat' dir='ltr'>extulit.</span> <span class='ocrx_word' id='word_1_344' title='bbox 1156 2555 1210 2595; x_wconf 88' lang='lat' dir='ltr'>At</span> <span class='ocrx_word' id='word_1_345' title='bbox 1236 2553 1455 2595; x_wconf 88' lang='lat' dir='ltr'>ladalbaoth</span> <span class='ocrx_word' id='word_1_346' title='bbox 1480 2569 1595 2609; x_wconf 85' lang='lat' dir='ltr'>aegre</span> 
     </span>
     <span class='ocr_line' id='line_1_37' title="bbox 80 2616 1592 2679; baseline 0.005 -23"><span class='ocrx_word' id='word_1_347' title='bbox 80 2616 208 2657; x_wconf 86' lang='lat' dir='ltr'>ferens</span> <span class='ocrx_word' id='word_1_348' title='bbox 240 2631 287 2658; x_wconf 88' lang='lat' dir='ltr'>ea</span> <span class='ocrx_word' id='word_1_349' title='bbox 315 2631 410 2672; x_wconf 92' lang='lat' dir='ltr'>quae</span> <span class='ocrx_word' id='word_1_350' title='bbox 444 2632 558 2672; x_wconf 91' lang='lat' dir='ltr'>supra</span> <span class='ocrx_word' id='word_1_351' title='bbox 592 2632 633 2658; x_wconf 90' lang='lat' dir='ltr'>se</span> <span class='ocrx_word' id='word_1_352' title='bbox 669 2626 779 2659; x_wconf 86' lang='lat' dir='ltr'>erant</span> <span class='ocrx_word' id='word_1_353' title='bbox 810 2620 1029 2675; x_wconf 91' lang='lat' dir='ltr'>cuiusquam</span> <span class='ocrx_word' id='word_1_354' title='bbox 1066 2622 1110 2662; x_wconf 88' lang='lat' dir='ltr'>ad</span> <span class='ocrx_word' id='word_1_355' title='bbox 1144 2622 1316 2662; x_wconf 90' lang='lat' dir='ltr'>notitiam</span> <span class='ocrx_word' id='word_1_356' title='bbox 1351 2623 1592 2679; x_wconf 88' lang='lat' dir='ltr'>pervenisse,</span> 
     </span>
     <span class='ocr_line' id='line_1_38' title="bbox 78 2685 1592 2741; baseline 0.006 -18"><span class='ocrx_word' id='word_1_357' title='bbox 78 2685 261 2725; x_wconf 88' lang='lat' dir='ltr'>stomachi</span> <span class='ocrx_word' id='word_1_358' title='bbox 297 2686 430 2740; x_wconf 88' lang='lat' dir='ltr'>plenus</span> <span class='ocrx_word' id='word_1_359' title='bbox 467 2686 512 2725; x_wconf 88' lang='lat' dir='ltr'>ad</span> <span class='ocrx_word' id='word_1_360' title='bbox 552 2685 734 2726; x_wconf 87' lang='lat' dir='ltr'>materiae</span> <span class='ocrx_word' id='word_1_361' title='bbox 770 2687 913 2728; x_wconf 89' lang='lat' dir='ltr'>faecem</span> <span class='ocrx_word' id='word_1_362' title='bbox 947 2689 1097 2730; x_wconf 91' lang='lat' dir='ltr'>demisit</span> <span class='ocrx_word' id='word_1_363' title='bbox 1131 2690 1284 2741; x_wconf 86' lang='lat' dir='ltr'>oculos,</span> <span class='ocrx_word' id='word_1_364' title='bbox 1329 2697 1368 2730; x_wconf 87' lang='lat' dir='ltr'>et</span> <span class='ocrx_word' id='word_1_365' title='bbox 1401 2690 1592 2732; x_wconf 88' lang='lat' dir='ltr'>Virtutem</span> 
     </span>
     <span class='ocr_line' id='line_1_39' title="bbox 79 2752 1594 2810; baseline 0.007 -19"><span class='ocrx_word' id='word_1_366' title='bbox 79 2752 264 2805; x_wconf 87' lang='lat' dir='ltr'>quandam</span> <span class='ocrx_word' id='word_1_367' title='bbox 290 2754 480 2809; x_wconf 90' lang='lat' dir='ltr'>serpentis</span> <span class='ocrx_word' id='word_1_368' title='bbox 507 2754 635 2809; x_wconf 89' lang='lat' dir='ltr'>specie</span> <span class='ocrx_word' id='word_1_369' title='bbox 662 2755 816 2808; x_wconf 85' lang='lat' dir='ltr'>genuit,</span> <span class='ocrx_word' id='word_1_370' title='bbox 860 2769 969 2810; x_wconf 90' lang='lat' dir='ltr'>quem</span> <span class='ocrx_word' id='word_1_371' title='bbox 997 2758 1079 2798; x_wconf 88' lang='lat' dir='ltr'>eius</span> <span class='ocrx_word' id='word_1_372' title='bbox 1105 2756 1244 2798; x_wconf 92' lang='lat' dir='ltr'>Filium</span> <span class='ocrx_word' id='word_1_373' title='bbox 1271 2766 1433 2810; x_wconf 87' lang='lat' dir='ltr'>vocant,</span> <span class='ocrx_word' id='word_1_374' title='bbox 1475 2760 1594 2800; x_wconf 91' lang='lat' dir='ltr'>idem-</span> 
     </span>
    </p>
   </div>
   <div class='ocr_carea' id='block_1_3' title="bbox 75 2875 1594 3007">
    <p class='ocr_par' dir='ltr' id='par_1_4' title="bbox 75 2875 1594 3007">
     <span class='ocr_line' id='line_1_40' title="bbox 124 2875 1594 2927; baseline 0.007 -21"><span class='ocrx_word' id='word_1_375' title='bbox 124 2875 198 2908; x_wconf 76' lang='lat' dir='ltr'><strong>CAP.</strong></span> <span class='ocrx_word' id='word_1_376' title='bbox 220 2877 274 2909; x_wconf 79' lang='lat' dir='ltr'>lv.</span> <span class='ocrx_word' id='word_1_377' title='bbox 306 2897 350 2903; x_wconf 89' lang='lat'>—-</span> <span class='ocrx_word' id='word_1_378' title='bbox 388 2878 415 2911; x_wconf 91' lang='lat'>1.</span> <span class='ocrx_word' id='word_1_379' title='bbox 440 2877 652 2920; x_wconf 63' lang='grc' dir='ltr'>διανοουμένη</span> <span class='ocrx_word' id='word_1_380' title='bbox 684 2881 812 2911; x_wconf 78' lang='lat' dir='ltr'>restituit</span> <span class='ocrx_word' id='word_1_381' title='bbox 900 2880 931 2912; x_wconf 79' lang='lat'>2.</span> <span class='ocrx_word' id='word_1_382' title='bbox 958 2883 1054 2914; x_wconf 85' lang='lat' dir='ltr'>Verba</span> <span class='ocrx_word' id='word_1_383' title='bbox 1074 2881 1144 2916; x_wconf 83' lang='grc' dir='ltr'>Καὶ</span> <span class='ocrx_word' id='word_1_384' title='bbox 1165 2882 1240 2917; x_wconf 74' lang='grc' dir='ltr'>τότε</span> <span class='ocrx_word' id='word_1_385' title='bbox 1261 2880 1279 2917; x_wconf 77' lang='grc' dir='ltr'>ὁ</span> <span class='ocrx_word' id='word_1_386' title='bbox 1298 2880 1513 2927; x_wconf 65' lang='grc' dir='ltr'>Ἰαλδαβαώἳῐ</span> <span class='ocrx_word' id='word_1_387' title='bbox 1536 2886 1594 2917; x_wconf 91' lang='lat' dir='ltr'>Pe-</span> 
     </span>
     <span class='ocr_line' id='line_1_41' title="bbox 75 2922 1569 2975; baseline 0.007 -23"><span class='ocrx_word' id='word_1_388' title='bbox 75 2922 220 2975; x_wconf 66' lang='lat' dir='ltr'>Petqvius</span> <span class='ocrx_word' id='word_1_389' title='bbox 247 2932 304 2962; x_wconf 84' lang='lat' dir='ltr'>pro</span> <span class='ocrx_word' id='word_1_390' title='bbox 330 2933 364 2956; x_wconf 84' lang='lat' dir='ltr'>eo</span> <span class='ocrx_word' id='word_1_391' title='bbox 393 2926 474 2964; x_wconf 81' lang='lat' dir='ltr'>quod</span> <span class='ocrx_word' id='word_1_392' title='bbox 496 2927 588 2965; x_wconf 73' lang='lat' dir='ltr'>vulgo</span> <span class='ocrx_word' id='word_1_393' title='bbox 610 2926 719 2964; x_wconf 67' lang='lat' dir='ltr'>legitur</span> <span class='ocrx_word' id='word_1_394' title='bbox 742 2926 810 2958; x_wconf 78' lang='grc' dir='ltr'>δια·</span> <span class='ocrx_word' id='word_1_395' title='bbox 855 2929 956 2958; x_wconf 67' lang='lat' dir='ltr'>favius</span> <span class='ocrx_word' id='word_1_396' title='bbox 976 2930 1113 2967; x_wconf 81' lang='lat' dir='ltr'>primum</span> <span class='ocrx_word' id='word_1_397' title='bbox 1136 2930 1247 2961; x_wconf 81' lang='lat' dir='ltr'>adiecit</span> <span class='ocrx_word' id='word_1_398' title='bbox 1267 2939 1304 2962; x_wconf 73' lang='lat' dir='ltr'>ex</span> <span class='ocrx_word' id='word_1_399' title='bbox 1323 2931 1388 2962; x_wconf 80' lang='lat' dir='ltr'>cod.</span> <span class='ocrx_word' id='word_1_400' title='bbox 1415 2932 1569 2963; x_wconf 80' lang='lat' dir='ltr'>Vaticarw.</span> 
     </span>
     <span class='ocr_line' id='line_1_42' title="bbox 76 2976 249 3007; baseline 0.006 -9"><span class='ocrx_word' id='word_1_401' title='bbox 76 2976 249 3007; x_wconf 78' lang='grc' dir='ltr'>νοουμενοι.</span> 
     </span>
    </p>
   </div>
  </div>
 </body>
</html>
