2034 3267
447 195 623 226 PANARH
648 194 728 227 LIB.
750 196 772 226 Ι.
797 193 902 227 ΤΟΜ.
922 195 962 226 ΙΙ.
987 194 1116 226 HAER.
1140 195 1283 228 XXVH.
1542 184 1622 224 207

107 287 240 314 omnes
269 272 496 312 circuitione
520 281 629 323 sunt,
663 273 901 327 eundemque
933 287 1044 327 quem
1073 271 1181 312 lesus
1207 277 1462 325 contemptum
1493 285 1623 311 rerum

106 340 274 381 omnium
301 347 569 394 susceperunt.
631 339 847 381 Universae
874 355 1010 394 porro,
1043 340 1239 394 inquiunt,
1274 340 1405 379 eadem
1437 352 1510 392 qua
1531 337 1622 378 Iesu

107 407 231 448 anima
253 408 290 446 vi
313 414 402 446 sunt
425 422 468 446 ac
493 408 634 447 virtute
659 408 868 461 praeditae.
930 407 1096 460 Ideoque
1120 407 1277 461 perinde
1298 407 1382 446 illas
1413 420 1481 460 per
1503 406 1623 446 actio-

109 489 196 514 num
219 488 362 527 genera
385 474 510 513 omnia
535 474 694 523 traduci,
728 474 1042 526 quemadmodum
1066 473 1155 514 lesu
1178 474 1303 513 anima
1326 487 1530 528 progressa
1555 474 1619 514 sit.

108 540 220 594 Quod
248 542 280 581 si
314 541 474 595 reperiri
498 542 624 595 aliqua
654 541 794 595 possit,
829 554 924 593 quae
958 540 1140 580 maiorem
1177 556 1286 594 quam
1310 539 1421 581 Iesus
1452 547 1623 581 contem-

108 616 211 663 ptum
243 609 447 663 suscipiat,
482 622 525 648 ea
555 608 626 662 ipsi
660 608 809 647 demum
839 608 1058 647 antecellet.

204 674 410 716 Caeterum
432 676 678 715 detestandae
701 673 923 727 disciplinae
946 674 1056 713 huius
1079 675 1220 714 alumni
1245 675 1480 715 horribilium
1501 691 1546 716 ac
1567 683 1624 716 te-

107 743 350 783 terrimorum
389 742 598 783 facinorum
631 741 739 781 varia
770 755 913 794 genera
948 741 1169 780 moliuntur.
1229 741 1332 781 Nam
1365 749 1402 782 et
1431 743 1622 784 maleficas

107 817 211 850 artes
237 817 447 859 exercent,
481 816 517 848 et
545 809 589 847 ad
614 808 867 847 machinanda
891 808 1106 860 quaelibet,
1141 808 1328 848 veneficia
1359 816 1397 848 et
1424 810 1623 851 cantiones

108 878 402 931 excogitarunt,
432 875 536 915 velut
559 875 603 914 ad
631 873 765 928 philtra
791 882 829 914 et
855 875 997 915 amoris
1020 874 1247 924 illecebras,
1281 876 1356 915 imo
1383 877 1494 916 etiam
1518 879 1625 918 sami-

107 945 223 985 liares
243 945 313 985 sibi
334 944 514 997 quosdam
540 942 745 981 daemones
766 942 951 992 alliciunt,
986 949 1026 982 ut
1046 942 1315 996 multiplicibus
1337 943 1384 983 iis
1406 946 1624 998 praestigiis

107 1026 292 1052 summam
315 1011 401 1059 sibi,
435 1016 476 1048 ut
498 1009 619 1057 aiunt,
654 1009 690 1048 in
715 1009 842 1049 omnia
865 1017 1091 1063 potestatem
1114 1010 1324 1059 vindicent,
1358 1025 1401 1050 ac
1425 1012 1523 1064 quod
1546 1012 1625 1051 cui-

108 1093 180 1133 que
208 1078 379 1127 libuerit,
413 1084 450 1116 et
473 1076 736 1129 quodcumque
763 1090 878 1130 agere
912 1078 949 1116 in
981 1077 1147 1116 animum
1179 1078 1397 1126 induxerit,
1435 1079 1469 1118 id
1501 1079 1624 1132 ipsum

107 1147 246 1186 audeat
268 1144 476 1197 suscipere.
527 1142 610 1183 Hoc
635 1150 762 1183 autem
785 1158 831 1183 eo
855 1144 1016 1184 consilio
1042 1145 1185 1184 faciunt
1209 1146 1324 1198 quod,
1359 1145 1413 1185 uti
1436 1146 1625 1185 miseran-

108 1213 194 1253 dum
218 1213 255 1252 in
280 1211 429 1251 modum
451 1211 597 1264 decepti
621 1218 730 1260 sunt,
765 1218 872 1250 certo
898 1211 969 1252 sibi
993 1213 1271 1266 persuadeant,
1306 1227 1374 1267 per
1396 1220 1451 1253 tot
1472 1220 1625 1267 tamque

109 1281 261 1320 diversa
292 1278 462 1318 facinora
493 1277 622 1317 mundi
656 1278 950 1318 fabricatoribus
980 1280 1149 1332 angelis,
1184 1280 1436 1334 omnibusque
1460 1294 1556 1334 quae
1587 1281 1625 1320 in

108 1346 246 1386 mundo
269 1352 357 1385 sunt
379 1345 579 1399 prostratis
602 1360 645 1385 ac
668 1346 918 1400 contemptis,
951 1346 1103 1386 illorum
1126 1361 1168 1386 se
1192 1361 1268 1387 non
1296 1348 1447 1397 mundi,
1481 1349 1547 1388 sed
1573 1349 1627 1388 sa-

107 1413 279 1454 bularum
301 1413 425 1467 potius
450 1413 636 1452 artificum
658 1420 884 1466 potestatem
909 1414 1148 1467 transgredi;
1183 1429 1256 1468 quo
1281 1416 1487 1455 coelestem
1511 1416 1626 1456 liber-

109 1487 222 1521 tatem
248 1480 468 1530 obtineant,
501 1487 538 1519 et
569 1494 719 1520 sursum
749 1481 920 1534 aspirare
955 1487 1069 1534 atque
1097 1482 1253 1522 evolare
1287 1483 1450 1536 possint.
1513 1481 1625 1536 Quod

109 1547 301 1588 hominum
331 1561 453 1601 genus
478 1548 522 1586 ad
552 1547 739 1587 ecclesiae
770 1548 828 1587 dei
853 1547 1033 1601 probrum
1055 1555 1093 1587 et
1122 1549 1388 1589 offendiculum
1414 1550 1626 1591 adornasse

108 1629 153 1655 ac
174 1614 398 1655 submisisse
421 1612 585 1654 Satanas
611 1615 782 1665 videtur3
816 1615 952 1669 quippe
978 1616 1040 1669 qui
1060 1613 1367 1657 Christianorum
1390 1617 1461 1657 sibi
1485 1632 1625 1658 nomen

109 1682 329 1731 indiderint,
362 1688 404 1722 ut
425 1688 581 1735 propter
600 1681 686 1721 illos
711 1683 882 1722 offensae
908 1683 1083 1722 nationes
1104 1683 1150 1723 ab
1175 1691 1332 1724 sanctae
1356 1685 1415 1724 dei
1437 1685 1626 1726 ecclesiae

110 1749 270 1789 utilitate
296 1749 549 1799 abhorreant,
583 1749 868 1803 nuntiatamque
896 1750 1099 1789 veritatem
1125 1751 1172 1790 ob
1196 1751 1374 1791 immania
1398 1752 1548 1792 illorum
1572 1754 1628 1793 fa-

109 1816 261 1866 cinora,
294 1823 333 1856 et
356 1815 618 1856 incredibilem
647 1817 850 1870 nequitiam
884 1818 1106 1871 repudient,
1139 1825 1202 1869 ut,
1236 1819 1412 1873 inquam,
1447 1821 1628 1874 frequen-

110 1883 210 1923 tibus
234 1883 385 1924 illorum
414 1883 625 1923 sceleribus
652 1884 954 1935 animadversis,
988 1899 1055 1925 eos
1087 1900 1236 1940 quoque
1263 1887 1324 1940 qui
1352 1901 1372 1927 e
1402 1895 1536 1927 sancta
1567 1888 1629 1928 dei

109 1951 273 1990 ecclesia
296 1958 386 1991 sunt
408 1951 504 1991 tales
527 1965 612 1991 esse
637 1951 708 1991 sibi
731 1953 1002 2005 persuadeant,
1037 1960 1150 2007 atque
1174 1954 1226 1993 ita
1251 1954 1297 1994 ab
1321 1954 1525 1994 verissima
1548 1956 1625 2006 dei,

109 2018 162 2058 uti
182 2018 365 2068 diximus,
395 2018 569 2058 doctrina
590 2032 702 2058 aures
725 2021 923 2069 avertant,
943 2027 1007 2060 ant
1027 2028 1132 2061 certe
1154 2034 1358 2075 paucorum
1384 2022 1628 2076 improbitate

108 2092 314 2139 conspecta
336 2085 374 2125 in
397 2085 602 2126 universos
624 2086 755 2125 eadem
779 2086 978 2127 maledicta
1000 2087 1221 2128 coniiciant.
1261 2089 1390 2143 Atque
1411 2103 1456 2130 ea
1477 2090 1627 2130 demum

110 2166 248 2192 caussa
275 2159 335 2193 est
362 2167 430 2193 cur
453 2153 623 2207 plerique
647 2152 868 2206 gentilium,
903 2154 1130 2209 ubicumque
1153 2155 1264 2196 istius
1292 2165 1422 2197 sectae
1455 2157 1628 2197 homines

109 2219 452 2274 deprehenderint,
487 2221 624 2260 nullam
650 2220 845 2260 nobiscum
869 2221 988 2262 velint
1012 2236 1136 2275 neque
1159 2224 1235 2263 dati
1257 2224 1481 2278 acceptique
1504 2238 1628 2278 neque

110 2286 260 2327 consilii
282 2301 404 2341 neque
426 2288 602 2328 audiendi
624 2287 742 2327 divini
763 2288 869 2328 verbi
889 2290 1113 2329 societatem
1137 2291 1388 2344 coniungere,
1421 2305 1465 2330 ae
1491 2304 1538 2331 ne
1561 2305 1629 2331 au-

108 2367 172 2394 res
196 2355 345 2408 quidem
370 2355 554 2410 praebere
577 2355 815 2406 sustineant3
848 2370 969 2410 usque
995 2357 1091 2397 adeo
1114 2358 1272 2398 nefariis
1294 2358 1445 2398 illorum
1473 2358 1628 2413 flagitiis

110 2422 348 2462 consternati
379 2436 423 2462 ac
454 2421 626 2462 deterriti
660 2431 763 2462 sunt.

218 2487 343 2529 Porro
368 2489 431 2529 isti
451 2489 487 2528 in
515 2489 608 2528 luxu
633 2496 744 2542 atque
766 2490 911 2532 deliciis
933 2492 1086 2533 assidue
1106 2500 1327 2544 versantur,
1360 2493 1528 2547 nihilque
1550 2508 1627 2534 non

108 2556 154 2595 ad
190 2570 392 2610 corporum
416 2556 647 2610 voluptatem
675 2570 718 2595 ac
751 2557 1022 2600 iucunditatem
1051 2560 1284 2614 suscipiunt3
1324 2574 1448 2614 neque
1481 2563 1524 2602 ad
1558 2576 1628 2603 nos

108 2623 260 2676 penitus
287 2624 494 2673 accedunt,
529 2624 601 2662 nisi
627 2624 724 2663 forte
754 2632 792 2664 ut
815 2625 1026 2668 imbecilles
1050 2627 1198 2667 animos
1224 2627 1270 2666 ad
1295 2626 1410 2682 impia
1434 2643 1503 2668 sua
1536 2630 1628 2683 dog-

108 2696 209 2729 mata
231 2690 438 2744 pelliciant.
498 2689 638 2743 Neque
661 2691 760 2730 enim
783 2693 855 2733 alia
880 2707 922 2734 re
950 2695 1059 2735 nobis
1082 2694 1226 2735 similes
1249 2702 1352 2744 sunt,
1386 2710 1499 2749 quam
1528 2698 1628 2750 quod

110 2756 192 2796 solo
217 2754 429 2797 Christiani
453 2757 605 2797 nomine
635 2758 871 2810 gloriantur,
906 2769 945 2801 ut
968 2762 1141 2802 ementiti
1163 2762 1273 2801 huius
1296 2763 1473 2802 vocabuli
1499 2765 1628 2818 specie

110 2820 388 2877 improbitatem
408 2838 516 2864 suam
538 2832 762 2865 exerceant.
804 2825 882 2868 Sed
901 2828 1051 2880 horum,
1078 2829 1131 2869 uti
1150 2829 1333 2883 scriptum
1355 2837 1429 2880 est,
1454 2834 1627 2870 iudicium

156 2930 189 2965 4.
213 2933 376 2976 κτήσαντο
400 2938 466 2968 cod.
479 2938 605 2977 Rhediy.
626 2941 652 2968 et
665 2938 733 2968 edit.
746 2940 842 2977 princ.
934 2940 965 2973 6.
991 2937 1071 2974 ὅπου
1099 2937 1129 2982 γ’
1153 2935 1191 2974 ἂν
1225 2951 1279 2982 ego
1300 2945 1442 2982 rescripsi
1468 2953 1524 2983 pro
1549 2938 1629 2977 ἕπου

157 2977 187 3009 5.
214 2980 308 3019 Vulyo
331 2976 471 3018 πάντως.
891 2981 920 3019 δ’
942 2981 998 3026 ἄν,
1024 2987 1106 3026 quod
1128 2996 1229 3019 omnes
1252 2989 1322 3020 libri
1345 2989 1463 3020 habent.

1651 682 1729 725 Cap.
1746 682 1802 713 111.

1655 2504 1732 2548 cap.
1755 2505 1811 2538 iv.
