2034 3267
523 180 701 213 PANARII
724 181 806 213 LIB.
823 182 847 214 Ι.
871 182 976 214 ΤΟΜ.
997 183 1052 215 III.
1075 182 1204 216 HAER.
1225 184 1330 216 XLII.
1612 177 1692 216 619

165 274 255 302 rore
280 267 461 300 versetur
484 259 702 301 Abraamus
718 294 728 312 ,
761 261 837 315 legi
860 260 1012 317 Moysis
1036 277 1079 303 ac
1104 262 1298 318 prophetis
1324 264 1584 305 testimonium
1608 280 1693 320 pcr-

166 328 283 378 hibet,
319 342 390 368 nec
412 329 468 368 sic
491 336 668 383 tanquam
691 343 734 370 ea
758 344 854 384 quae
882 330 1008 370 sutura
1032 338 1164 385 postea
1189 339 1277 372 sunt
1295 332 1465 385 ignoret,
1499 335 1564 373 sed
1591 341 1693 388 post-

166 410 323 450 eaquam
354 397 563 438 cuiusmodi
597 398 703 451 quies
733 399 795 439 illa
824 400 921 438 foret
948 399 1187 453 experientia
1218 400 1361 439 didicit.
1425 399 1521 441 Post
1548 401 1692 441 obitum

166 465 265 504 enim
291 464 461 505 salvator
483 466 519 506 in
547 466 725 520 parabola
748 473 911 506 testatur
935 466 1037 506 ilium
1068 481 1135 521 per
1161 467 1256 521 legis
1285 467 1484 522 dogmata,
1529 470 1690 524 propbe-

165 539 299 586 tasque
327 534 484 573 salutem
511 548 597 574 esse
624 541 896 583 consecutum,
943 535 1093 574 tametsi
1121 542 1208 575 ante
1236 535 1358 588 legem
1393 536 1456 576 illa
1485 538 1594 578 factis
1621 552 1690 578 ex-

166 601 386 656 pressisset.
451 599 637 642 Similiter
668 616 734 642 eos
764 601 827 656 qui
857 602 980 654 Iegem
1007 609 1140 656 postea
1166 611 1392 644 servassent
1423 619 1467 645 ac
1495 606 1690 660 prophetis

165 669 495 724 obtemperassent
515 670 551 710 in
579 670 664 710 sinu
691 669 773 710 eius
797 670 1044 723 acquiescere
1068 677 1105 710 et
1129 671 1172 710 ad
1194 671 1310 711 vitam
1336 686 1418 711 cum
1446 673 1528 727 ipso
1553 687 1689 728 perve-

164 737 262 777 nire.
325 735 499 790 Quorum
533 752 552 777 e
584 751 743 777 numero
774 736 952 777 Lazarus
986 738 1078 788 fuit,
1123 739 1184 792 qui
1216 739 1312 793 Iegis
1345 741 1690 795 prophetarumque

163 805 350 845 beneficio
375 806 414 846 in
440 806 593 847 vitalem
616 805 862 846 beatitudinis
882 805 1005 856 illius,
1040 821 1112 860 qua
1138 807 1355 848 Abraamus
1378 809 1531 859 fruitur,
1567 809 1689 850 sinum

165 880 344 928 receptus
376 881 449 913 est.

278 939 408 982 SchoI.
435 940 606 981 XLVII.
653 940 759 981 Haec
779 941 898 982 verba
922 941 1199 996 praetermisit:
1234 946 1375 991 Dicite,
1411 947 1523 983 Servi
1539 948 1688 985 inutiles
1708 958 1777 985 Luc.
1793 960 1831 993 ιτ,
1852 961 1891 988 ιο.

163 1025 310 1049 sumus:
344 1012 441 1062 qaod
468 1010 656 1048 debuimus
674 1012 828 1063 faeere,
851 1012 1028 1063 fecimus.

275 1077 408 1118 Resut.
435 1075 604 1117 XLVII.
650 1076 777 1118 Etiam
800 1077 917 1129 illam,
951 1092 1064 1132 quam
1087 1078 1258 1118 doctrina
1280 1079 1422 1119 domini
1445 1081 1686 1135 praescribit,

163 1146 378 1186 cautionem
411 1145 598 1200 repudiat.
660 1144 813 1186 Etenim
842 1144 1021 1187 Christus
1053 1153 1186 1187 cautos
1219 1161 1262 1187 ac
1293 1149 1501 1202 prudentes
1528 1150 1690 1189 reddere

163 1214 365 1268 discipulos
390 1213 571 1264 studens,
620 1227 667 1254 ne
694 1214 740 1254 ob
765 1214 982 1269 superbiam
1010 1215 1138 1270 operis
1165 1215 1244 1255 suis
1271 1217 1448 1256 mercede
1471 1216 1687 1271 priventur,

163 1282 208 1322 ad
241 1281 490 1322 bumilitatem
525 1282 738 1322 erudiebat.
803 1280 915 1335 Quod
948 1282 1020 1323 iste
1055 1284 1323 1324 documentum
1361 1285 1511 1335 reiicit,
1559 1292 1690 1339 utpote

163 1351 285 1391 elatus
318 1351 562 1405 arrogantia,
599 1365 672 1390 non
705 1351 867 1390 veritate
895 1350 1100 1391 subnixus.

275 1417 407 1460 Schol.
432 1417 622 1459 XLVIII.
670 1417 833 1472 Quando
862 1425 1115 1459 occurrerunt
1145 1419 1275 1459 decem
1306 1419 1463 1474 leprosi.
1530 1420 1618 1475 Quo
1649 1423 1686 1462 in

162 1488 246 1528 loco
270 1487 387 1527 multa
413 1493 588 1537 resecat,
623 1486 750 1540 itaque
775 1486 928 1527 scribit:
962 1490 1014 1526 Et
1036 1491 1135 1526 misit
1156 1502 1216 1526 eos
1238 1490 1381 1535 debenS,
1419 1491 1605 1528 Ostendite
1626 1506 1687 1529 vos
1704 1503 1777 1547 lym.
1800 1506 1838 1532 12.

160 1557 435 1595 sacerdotibus.-
469 1569 511 1594 ac
537 1569 605 1609 pro
630 1555 714 1595 aliis
739 1554 811 1595 alia
833 1555 1055 1609 supposuit,
1091 1556 1141 1595 ita
1165 1555 1409 1610 concipiens:
1444 1560 1562 1596 Malli
1581 1567 1689 1597 erant
1709 1538 1847 1573 “4²²3

163 1627 304 1676 leprosi
321 1627 357 1662 in
380 1624 507 1662 diebus
530 1626 674 1662 Elisaei
692 1625 913 1675 prophetae,
948 1631 986 1662 et
1006 1638 1108 1662 nemo
1129 1632 1283 1663 em‘atus
1307 1632 1381 1672 est,
1415 1628 1492 1663 lusi
1508 1628 1687 1665 Naamam

163 1695 296 1743 Syrus.

274 1758 407 1799 Reiut.
434 1758 624 1799 XLVIII.
671 1758 756 1799 Hoc
780 1758 817 1798 in
842 1759 927 1799 Ioco
951 1759 1171 1814 prophetam
1193 1760 1369 1800 dominus
1392 1758 1590 1801 Etisaeum
1619 1777 1687 1802 no-

162 1827 299 1877 minat,
342 1841 460 1881 seque
494 1827 590 1867 adeo
621 1827 860 1867 demonstrat
888 1840 931 1867 ea
963 1841 1059 1881 quae
1090 1827 1136 1867 ab
1168 1827 1233 1868 illo
1259 1828 1381 1882 siguis
1410 1835 1448 1867 et
1474 1829 1685 1870 involucris

160 1895 373 1949 aequaliter
405 1895 625 1935 adumbrata
661 1896 832 1945 fuerant,
876 1895 1004 1949 reipsa
1037 1895 1273 1949 complesse,
1319 1910 1392 1950 quo
1423 1895 1683 1948 Marcionem,

161 1977 205 2004 ac
236 1971 387 2003 ceteros
419 1977 553 2003 omnes
584 1963 853 2018 prophetarum
885 1959 1170 2018 contemptores
1202 1963 1414 2004 refelleret.

277 2029 408 2071 Sehol.
435 2030 592 2071 XLIX.
641 2034 792 2070 Venient
820 2034 917 2079 (lz'eS,
963 2034 1108 2083 quando
1137 2034 1393 2071 desiderabitis
1424 2036 1545 2072 videre
1575 2048 1685 2073 unam
1706 2048 1888 2084 cap.17,22.

160 2115 208 2139 eae
237 2101 363 2138 diebus
380 2100 468 2149 filii
494 2101 664 2139 hominis.

272 2165 405 2207 Refut.
435 2166 588 2207 XLIX.
635 2164 733 2207 Cum
761 2173 798 2206 et
823 2166 903 2206 dies
931 2175 1126 2217 numeret,
1174 2175 1211 2208 et
1239 2175 1383 2208 certum
1411 2175 1560 2223 tempus
1588 2169 1684 2208 indi-

159 2241 241 2284 cet,
286 2241 323 2274 et
350 2234 464 2275 filium
489 2248 531 2274 se
556 2234 720 2275 bominis
748 2234 932 2289 appellat,
971 2249 1064 2276 sane
1090 2250 1309 2277 mensuram
1335 2237 1523 2290 quandam
1547 2236 1684 2276 aetatis

160 2302 349 2357 significat
380 2317 424 2342 ac
461 2301 758 2357 praedicationis
791 2316 883 2343 suae
915 2303 1109 2343 definitum
1147 2304 1244 2344 diem
1277 2305 1488 2344 constituit.
1551 2303 1683 2358 Quare

159 2385 235 2411 non
273 2384 414 2425 expers
448 2370 575 2411 carnis
608 2377 667 2410 est
695 2370 878 2422 verbum,
921 2372 987 2412 sed
1012 2371 1050 2411 in
1073 2385 1235 2426 corpore
1259 2371 1488 2412 benevolum
1512 2372 1601 2412 illud
1627 2380 1685 2413 est

160 2439 219 2479 dei
252 2438 454 2479 consilium
486 2439 713 2494 perfectum.

271 2504 404 2547 Schol.
431 2507 478 2547 L.
524 2510 633 2545 Dia-it
661 2509 698 2545 ei
720 2510 886 2559 quidam,
929 2510 1114 2559 Magister
1141 2509 1252 2555 bone,
1296 2510 1386 2560 quid
1395 2509 1547 2560 fizez’ens
1571 2512 1679 2548 vitam
1700 2525 1826 2561 Capua,
1846 2527 1885 2553 ις.

157 2583 342 2614 aeternam
359 2576 582 2627 possidebo?
639 2578 695 2613 At
717 2577 792 2622 ille,
826 2577 952 2614 Nolite
973 2591 1027 2614 me
1047 2578 1169 2615 dicere
1189 2577 1317 2615 bonum
1331 2593 1342 2614 :
1377 2591 1470 2614 emus
1493 2584 1548 2615 est
1569 2578 1682 2616 bonas

158 2646 258 2683 deus.
322 2642 475 2683 Adiecit
503 2642 587 2691 ine,
621 2645 744 2682 Pater.
806 2641 884 2684 Sed
910 2651 948 2683 et
970 2658 1038 2698 pro
1068 2657 1114 2683 eo
1139 2644 1235 2697 quod
1268 2650 1350 2694 est,
1384 2646 1563 2684 Mandata
1585 2650 1686 2685 nosti

159 2711 312 2767 scripsit
342 2700 428 2761 ille,
462 2712 642 2749 Mandata
671 2714 767 2749 novi.

266 2777 400 2819 Refut.
430 2778 477 2818 L.
521 2776 584 2817 Ne
609 2778 783 2819 mandata
809 2786 921 2820 antea
944 2779 1155 2835 perscripta
1184 2778 1302 2819 fuisse
1325 2786 1573 2831 monstraret,
1607 2780 1677 2821 ista

203 2901 252 2935 17.
276 2906 365 2935 Abest
387 2902 464 2936 ἰδεῖν
485 2905 554 2934 ante
576 2902 651 2945 μίαν
664 2928 673 2945 ,
697 2905 778 2944 quod
797 2914 891 2945 supra
986 2903 1036 2937 19.
1062 2902 1079 2938 ὁ
1101 2901 1179 2941 Ξῖεὸς
1201 2913 1296 2944 supra
1320 2905 1521 2936 desideratur.

157 2949 278 2988 quidem
302 2951 418 2989 legitur.
880 2943 891 2957 '
983 2949 1035 2982 20.
1061 2951 1165 2990 Supra
1187 2948 1385 2993 Προςέὲηκε
1403 2948 1440 2983 τὸ
1461 2946 1530 2989 ὅτι,
1554 2947 1594 2983 Ὁ
1615 2962 1675 2984 πα-

204 2992 254 3025 18.
278 2990 294 3026 ὁ
320 2992 357 3028 δὲ
379 3003 474 3034 supra
494 2995 693 3026 desideratur.
940 2992 1013 3037 τήρ.
