2034 3267
463 182 642 214 PANARH
666 183 746 214 ΜΒ.
769 184 794 215 1.
818 183 924 215 ToM.
948 183 1005 217 111.
1028 183 1336 215 HAER.XXX1V.
1584 175 1663 215 453

243 259 346 302 Nam
375 260 534 301 Aeones
559 276 579 301 a
604 261 775 302 Tetrade
798 263 959 317 profecti
981 269 1085 302 sunt.
1144 260 1186 302 ln
1209 276 1280 316 qua
1303 262 1364 302 isti
1389 261 1661 312 censebantur,

135 329 261 370 Homo
295 336 333 368 et
360 327 558 378 Ecclesia,
603 328 774 370 Verbum
807 337 844 370 et
871 329 978 370 Vita.
1041 330 1103 369 Ab
1135 330 1181 369 iis
1214 331 1447 384 profluentes
1477 332 1663 384 quaedam

134 396 310 438 Virtutes
342 395 466 436 lesum
500 396 602 437 illum
637 404 889 452 procrearunt
920 397 980 451 qui
1015 398 1050 436 in
1083 397 1197 437 terris
1228 399 1416 451 apparuit.
1479 395 1663 439 Ceterum

132 465 170 505 in
196 463 313 504 Verbi
345 464 467 504 locum
499 466 674 518 angelum
702 464 945 514 Gabrielem,
990 464 1103 505 Vitae
1137 479 1232 505 vcro
1265 464 1449 520 Spiritum
1479 465 1662 507 Sanctum

133 547 221 572 esse
255 532 498 572 substitutum
534 540 734 573 asserunt:
781 533 880 572 sicut
917 531 1093 572 Hominis
1132 540 1258 586 partes
1294 534 1485 573 Altissimi
1521 535 1659 586 virtus,

130 599 335 640 Ecclesiae
361 613 453 639 vero
481 599 600 654 Virgo
625 599 819 640 sustinuit.
883 598 949 640 Sic
975 601 1037 640 ille
1062 600 1240 654 peculiari
1269 602 1508 653 providentia
1534 603 1658 643 editus

131 668 176 707 de
199 666 324 707 Maria
350 675 461 707 natus
489 676 547 707 est
569 667 716 717 Homo,
752 681 862 721 quem
885 681 951 722 per
973 675 1123 707 uterum
1147 681 1346 719 egressum
1375 669 1432 708 sui
1458 670 1503 709 ad
1529 671 1661 724 cogni-

133 736 272 776 tionem
304 749 372 790 per
398 734 569 776 Verbum
597 735 762 775 omnium
791 733 939 774 Parens
965 734 1095 788 elegit.
1161 733 1335 788 Cumque
1362 737 1407 775 ad
1434 750 1569 791 aquam
1597 738 1662 777 ab·

130 803 291 843 luendus
323 803 518 853 venisset,
564 804 601 842 in
634 816 717 842 eum
746 802 943 842 columbae
973 802 1222 842 descendisse
1249 803 1378 856 specie
1411 804 1512 844 illum
1541 806 1662 859 ipsum

131 878 312 921 narrant,
356 871 417 925 qui
445 884 595 911 sursum
624 884 831 910 recurrens
859 870 1133 910 duodenarium
1160 884 1358 910 numerum
1386 871 1579 925 implevit,
1622 872 1660 913 in

130 953 204 993 quo
234 952 365 978 semen
397 938 498 978 inest
529 952 658 978 eorum
692 951 789 992 qnae
821 952 905 978 eum
936 937 1000 978 itto
1029 945 1110 978 sata
1140 939 1284 991 pariter
1313 946 1352 978 et
1378 939 1662 980 descenderunt

131 1014 168 1047 et
193 1007 466 1046 ascenderunt.
522 1004 646 1060 lpsam
672 1019 766 1045 vero
789 1006 983 1061 delapsam
1007 1020 1027 1046 e
1050 1006 1157 1046 coelo
1182 1006 1360 1046 virtutem
1383 1021 1513 1047 semen
1533 1006 1661 1048 Patris

135 1075 265 1115 definit
292 1088 404 1123 esse,
438 1073 536 1127 quod
564 1074 599 1113 in
628 1087 670 1113 se
696 1081 839 1127 patrem
868 1088 913 1114 ac
938 1072 1103 1124 Filium,
1138 1088 1298 1128 eamque
1323 1073 1438 1127 Siges
1463 1076 1659 1126 virtutem,

130 1157 225 1197 qnae
255 1156 322 1197 per
349 1141 432 1181 illos
458 1142 608 1195 cognita
635 1142 788 1181 nomine
817 1149 923 1182 caret
948 1143 1072 1192 omni,
1107 1157 1152 1182 ac
1177 1143 1346 1196 reliquos
1371 1143 1530 1183 Aeones
1559 1158 1662 1184 com-

131 1211 321 1266 plectitur.
384 1209 572 1264 Huucquc
598 1208 783 1264 Spiritum
813 1224 899 1250 esse
925 1209 1134 1261 Sanctum,
1179 1210 1240 1265 qui
1269 1225 1336 1265 per
1361 1210 1485 1251 lesum
1510 1212 1660 1252 locutus

129 1293 211 1318 cum
239 1292 360 1332 eoque
390 1279 617 1318 coniunctus
643 1285 716 1318 est.
780 1276 857 1318 lam
885 1292 979 1318 vero
1002 1286 1187 1329 mortem,
1223 1281 1369 1333 inquit,
1403 1277 1585 1321 Salvator
1609 1295 1661 1321 ex

127 1346 189 1386 illa
213 1347 451 1400 providentia
482 1353 594 1387 natus
621 1346 797 1396 sustulit,
841 1344 1114 1400 Christumque
1140 1354 1285 1401 patrem
1314 1347 1529 1388 bominibus
1555 1356 1660 1403 pate-

128 1414 232 1454 fecit.
290 1412 417 1454 lesum
441 1415 568 1468 itaque
592 1429 730 1454 nomen
752 1416 833 1455 eius
854 1428 941 1455 esse
965 1415 1157 1469 proprium
1180 1414 1343 1455 bominis
1366 1416 1514 1465 statuit,
1549 1431 1659 1470 quem

127 1482 333 1535 singularis
359 1482 420 1522 illa
447 1483 687 1537 providentia
712 1482 910 1533 submisit,
957 1483 1023 1523 sed
1049 1483 1093 1522 ad
1121 1483 1279 1523 alterius
1303 1483 1587 1524 similitudinem
1614 1499 1658 1524 ac

128 1550 470 1604 configurationem
494 1551 710 1605 impositum
739 1565 850 1601 esse,
895 1551 955 1604 qui
983 1551 1019 1590 in
1048 1551 1169 1604 ipsum
1195 1558 1277 1590 crat
1301 1552 1503 1605 aliquando
1530 1552 1657 1606 lapsu-

124 1632 206 1658 rus.
270 1615 395 1671 Quem
428 1633 511 1658 cum
541 1619 783 1672 excepisset,
828 1633 903 1658 una
931 1626 968 1658 ct
994 1617 1199 1659 Hominem
1227 1619 1375 1674 ipsum,
1419 1627 1457 1660 et
1484 1619 1656 1660 Verbum

126 1700 170 1726 ac
197 1685 374 1737 Patrem,
420 1693 456 1725 et
483 1687 692 1726 Arrhetum
725 1701 770 1726 ac
798 1684 940 1741 Sigen,
986 1685 1202 1727 Veritatem
1233 1688 1323 1727 item
1356 1695 1394 1728 et
1420 1687 1654 1741 Ecclesiam,

126 1752 330 1808 Vitamque
361 1755 716 1809 comprehendisse.

237 1889 349 1944 Quae
381 1904 515 1930 omnes
546 1891 697 1930 illorum
725 1890 874 1930 fabulae
902 1890 1087 1931 eiusmodi
1113 1898 1223 1942 sunt,
1268 1899 1309 1932 ut
1337 1892 1384 1931 iis
1411 1892 1654 1947 deplorandis

125 1958 268 1998 nullum
296 1957 403 1998 Heu!
443 1957 548 1998 Heu!
583 1959 644 1998 vei
666 1956 792 1998 Proh!
829 1948 951 2012 neque
976 1959 1048 1998 ulla
1074 1973 1232 2013 prorsus
1260 1960 1406 2014 tragica
1429 1976 1508 2001 vox
1534 1975 1577 2002 ac
1602 1962 1656 2002 la-

125 2026 309 2065 mentatio
337 2026 456 2080 possit
481 2026 671 2066 snfficere.
735 2024 832 2078 Quis
859 2026 960 2066 enim
986 2041 1059 2066 non
1087 2028 1217 2067 talium
1246 2029 1532 2069 mendaciorum
1559 2030 1655 2070 int'e-

124 2094 234 2134 licem
260 2095 443 2134 artificem
472 2095 618 2144 oderit,
663 2108 747 2134 cnm
772 2092 986 2134 Veritatem
1013 2095 1132 2149 ipsam
1157 2096 1195 2135 in
1222 2096 1335 2136 inane
1359 2097 1603 2137 simulacrum
1632 2113 1652 2138 a

122 2160 261 2202 Marco
283 2163 531 2202 deformatam
555 2162 683 2202 videat
705 2169 763 2212 et,
799 2163 895 2216 quod
919 2163 1076 2216 gravius
1100 2171 1179 2213 est,
1214 2164 1402 2218 alphabeti
1425 2166 1545 2206 literis
1571 2173 1654 2206 tan-

125 2244 234 2284 quam
260 2230 500 2283 stigmatibus
525 2230 713 2280 inustam,
757 2237 797 2270 ut
823 2231 920 2284 quod
949 2245 1070 2286 nuper
1093 2233 1293 2272 admodum
1322 2240 1434 2287 atque
1466 2233 1572 2284 beri,
1614 2242 1653 2274 ut

125 2298 253 2348 aiunt,
295 2306 333 2337 ct
355 2298 632 2338 nudiustertius
656 2298 814 2347 accidit,
856 2300 962 2353 quasi
985 2299 1056 2339 iam
1084 2307 1160 2339 tum
1187 2300 1273 2339 olim
1298 2301 1515 2351 extitisset,
1559 2316 1652 2342 ven-

124 2366 244 2405 ditare
276 2367 478 2406 studuerit.
543 2365 684 2406 Graeci
714 2367 862 2419 quidem
888 2365 989 2407 XVI
1021 2382 1042 2407 a
1067 2365 1213 2409 Cadmo
1241 2368 1373 2408 literas
1400 2369 1559 2423 primum
1589 2384 1651 2410 ac-

125 2434 273 2488 cepisse
295 2448 337 2474 se
360 2441 586 2483 memorant,
616 2441 691 2473 tum
712 2448 732 2474 a
752 2448 793 2474 se
817 2436 1149 2489 progredientibus
1172 2437 1409 2490 temporibus
1432 2438 1526 2477 alias
1551 2439 1651 2493 aspi-

126 2510 252 2553 ratas,
286 2503 380 2542 alias
406 2502 575 2556 duplices
601 2503 803 2553 inventas,
837 2511 1030 2557 postremo
1054 2519 1075 2544 a
1096 2503 1300 2544 Palamede
1328 2505 1494 2546 :naiores
1518 2507 1651 2547 adinn-

124 2671 269 2714 pientem
289 2671 410 2703 babere
429 2678 461 2703 et
481 2671 586 2713 ipsum
604 2670 779 2702 Hominem
799 2676 868 2705 cett.
911 2673 1078 2705 daciornm
1110 2673 1211 2705 malus
1245 2674 1456 2717 compositor.
1513 2678 1549 2708 At
1575 2681 1650 2717 puto

171 2716 246 2748 Car.
269 2717 329 2748 XI.
354 2735 397 2740 -—-
427 2719 451 2749 Ι.
477 2716 572 2757 ἰησοῦ
596 2718 642 2747 ed.
663 2719 761 2755 princ.
905 2721 1064 2751 Irenaeum
1087 2723 1242 2759 scripsisse
1265 2719 1526 2754 κακοσυυὲέτων.

168 2761 199 2793 2.
222 2760 283 2803 τήν
311 2765 428 2794 restitui
456 2772 525 2793 cum
557 2763 708 2793 Mossueto
735 2772 792 2801 pro
823 2761 859 2796 τὸ
951 2764 982 2795 6.
1010 2767 1136 2795 Varium
1165 2768 1194 2796 in
1218 2767 1345 2796 modum
1373 2767 1447 2797 haec
1468 2768 1561 2798 verba
1585 2769 1649 2799 dis-

125 2808 205 2845 quod
226 2809 293 2838 libri
314 2809 433 2839 habent.
482 2809 542 2839 Vct.
563 2809 729 2845 Interpres:
753 2814 786 2837 et
805 2819 859 2838 su-
907 2812 1070 2842 tinxerunt..
1105 2812 1136 2841 V.
1149 2812 1266 2842 lrenoei
1281 2813 1456 2850 interpretes
1471 2816 1497 2843 et
1513 2814 1649 2846 editores.

126 2861 184 2892 per
203 2851 382 2883 universam
402 2852 558 2894 tragicam
581 2851 861 2886 exclamationem.
953 2855 982 2888 7.
1007 2857 1053 2886 Ita
1075 2856 1162 2886 codd.
1186 2856 1284 2886 Vener.
1313 2858 1418 2895 Vatia,
1443 2861 1469 2887 et
1490 2859 1535 2888 ed.
1557 2860 1647 2889 Peta-

169 2895 199 2927 ὃ.
224 2895 412 2939 ἐκφιόνησιν
434 2900 551 2937 placuit
575 2898 710 2928 Petavio.
907 2902 959 2931 vii.
1008 2898 1107 2941 μικρὰ
1135 2901 1222 2932 codd.
1244 2902 1371 2941 Rhediy.
1396 2903 1521 2942 Paris.‚
1551 2907 1577 2934 et
1600 2905 1647 2935 ed.

169 2938 201 2971 4·
224 2942 472 2984 σχετλιατισμὸν
496 2944 562 2974 cod.
586 2943 684 2973 Vener.
904 2947 1003 2985 princ,

171 2984 202 3016 ὁ.
229 2988 288 3018 Vct.
306 2989 455 3027 Interpres
472 2990 560 3019 vertit
581 2994 747 3018 tantorum
768 2999 863 3019 men-

1690 268 1767 312 Cap.
1789 269 1832 300 X.

1682 1903 1758 1947 Cap.
1775 1904 1836 1937 XI.
