2034 3267
456 222 633 255 PANAssn
660 223 739 254 me.
764 223 785 255 ῐ.
809 223 915 254 Toxi.
936 223 974 254 11.
1002 222 1310 254 HAEP..XXX11='.
1557 213 1636 252 419

121 304 218 358 quod
251 303 353 357 plani
385 302 548 342 hominis
579 316 623 342 ac
658 302 860 342 nebulonis
889 309 948 342 est
976 302 1102 356 egisse
1135 301 1336 355 perspicue
1364 300 1635 355 comprobabo.

118 369 264 425 Ecquis
289 369 388 410 enim
414 369 548 409 tertius
571 370 634 409 ille
659 369 769 410 nobis
794 369 886 410 deus
912 378 970 409 est
995 369 1132 423 duplici
1155 382 1205 408 cx
1230 369 1475 408 similitudine
1500 367 1637 409 confla-

121 445 205 488 tus,
240 437 303 492 qui
330 451 401 477 nec
425 437 522 477 alter
541 438 590 477 sit
613 451 632 477 e
659 437 828 486 duobus,
862 450 932 476 nec
956 436 1168 476 infuscatus
1190 436 1330 476 malitia
1352 437 1413 477 vel
1435 435 1637 484 iniustitia,

120 511 161 545 ut
187 505 266 555 ais,
312 505 408 554 ulla,
452 518 573 558 neque
600 505 769 544 bonitate
795 504 993 557 lucidaque
1020 511 1153 543 natura
1181 504 1396 557 praedituS,
1438 505 1502 544 sed
1529 503 1641 543 medii

120 572 318 613 cuiusdam
343 572 393 612 sit
418 573 561 612 ordinis
587 573 739 612 iustus?
797 571 857 611 Ac
881 571 1017 610 merito
1044 577 1083 610 tu
1107 570 1256 624 quidem
1279 570 1323 609 ab
1347 571 1447 610 omni
1471 579 1640 612 remotus

117 639 262 680 iustitia
284 640 371 694 quid
395 654 440 680 ea
463 639 511 680 sit
533 641 705 693 ignoras,
741 653 824 679 cum
849 638 945 678 lianc
971 639 1089 692 ipsam
1114 653 1134 678 a
1159 638 1329 677 bonitate
1351 639 1538 693 seiungis.
1598 638 1642 679 In

119 722 215 762 quo,
255 708 446 748 hominum
473 708 706 761 nequissime
731 721 775 746 ac
800 705 975 746 veritatis
1000 705 1284 757 inimicissime,
1319 708 1510 747 manifesti
1535 721 1642 747 erro-

118 775 172 815 ris
198 776 389 830 argueris.
450 774 540 815 Non
570 775 668 814 enim
697 773 849 814 aliunde
877 787 987 827 quam
1015 786 1066 813 ex
1092 773 1262 813 bonitate
1288 775 1385 827 quod
1414 775 1552 815 iustum
1580 789 1643 830 ap-

119 843 304 897 pellamus
333 843 476 893 oritur,
522 856 644 896 neque
667 841 888 895 quisquam,
936 839 1010 880 nisi
1031 841 1128 880 idem
1155 841 1275 881 bonus
1298 842 1367 892 sit,
1414 856 1499 882 esse
1521 843 1643 883 iustus

120 910 273 965 poterit.
336 909 502 964 ldcoque
534 909 708 949 dominus
732 907 857 949 Mosis
889 908 1011 961 legem
1043 922 1114 948 suo
1141 909 1347 962 praeconio
1374 910 1644 950 commendans

119 977 267 1018 aiebat:
314 981 464 1017 Ornat&
491 979 662 1029 sepulcra
687 979 953 1028 prophetarum
980 984 1016 1015 et
1042 978 1247 1028 aedg'fi'catz's
1273 985 1502 1017 monumenta
1526 981 1640 1017 iusto·
1659 986 1769 1032 Manu.

120 1060 217 1093 rum,
251 1054 289 1085 et
300 1054 430 1098 patres
452 1048 568 1084 vestri
586 1047 801 1084 occiderunt
820 1047 917 1084 illos.
983 1042 1094 1085 Unde
1116 1045 1233 1098 igitur
1253 1045 1458 1099 prophetae
1479 1045 1644 1100 iustique
1669 1021 1711 1056 23,
1731 1022 1772 1048 ω’

123 1113 194 1153 nisi
227 1128 247 1154 a
275 1121 430 1168 parente
456 1113 637 1153 bonitatis
666 1113 905 1152 extiterunt?
961 1113 1089 1166 Atque
1118 1119 1157 1152 ut
1180 1113 1417 1167 intelligeres
1444 1114 1582 1154 iustum
1608 1114 1645 1153 in

122 1181 302 1221 bonitatis
326 1188 432 1235 parte
458 1181 630 1230 versari,
665 1183 832 1228 Similes,
868 1180 943 1231 ait,
977 1189 1090 1220 estote
1111 1184 1220 1232 pall-i
1242 1189 1360 1220 vestro
1385 1185 1452 1234 qm·
1472 1185 1508 1220 in
1534 1183 1644 1221 coelis
1658 1190 1846 1226 Matth.5‚45.

123 1257 197 1297 est,
241 1252 308 1302 qui
333 1252 431 1288 oriri
445 1250 551 1302 facit
576 1250 686 1287 solem
717 1263 822 1287 sumn
852 1263 963 1300 super
987 1250 1098 1288 bonos
1122 1257 1159 1288 et
1180 1251 1314 1296 malos,
1361 1258 1399 1288 et
1415 1252 1517 1301 pluit
1536 1265 1647 1302 supet·

123 1322 237 1357 iustos
260 1325 297 1355 et
317 1320 495 1365 z'm‘ecstos,·
529 1323 569 1356 ut
594 1323 631 1356 et
653 1317 791 1356 iustum
818 1330 903 1356 esse
928 1317 1067 1357 bonum
1093 1324 1129 1358 et
1154 1317 1293 1357 bonum
1318 1317 1481 1368 iustum,
1517 1325 1553 1357 et
1577 1318 1647 1357 im-

123 1385 279 1439 probum
302 1385 484 1425 iniustum
507 1392 546 1425 et
565 1384 748 1425 iniustum
770 1383 981 1439 improbum
1003 1399 1090 1425 esse
1113 1391 1362 1425 monstraret.
1424 1384 1526 1426 Nam
1549 1386 1647 1440 quod

121 1452 351 1507 implicatam
385 1467 428 1492 ac
459 1453 680 1508 perplexam
709 1452 832 1506 legem
860 1466 946 1493 esse
975 1454 1200 1503 contendis,
1245 1453 1280 1493 id
1307 1452 1461 1493 omuino
1491 1454 1647 1493 demon·

122 1526 246 1561 strare
272 1534 347 1560 non
371 1528 503 1575 potes,
548 1535 592 1561 ac
614 1534 682 1575 per
705 1534 912 1570 summam,
958 1527 998 1560 ut
1018 1528 1197 1576 apparet,
1239 1521 1466 1561 calumniam
1491 1520 1588 1561 hanc
1613 1521 1648 1560 ei

124 1588 246 1629 labem
268 1588 442 1643 aspergis
463 1602 514 1629 ex
535 1603 580 1628 eo
600 1589 697 1643 quod
720 1588 770 1628 ita
792 1587 858 1628 lex
878 1588 1110 1643 praecipiat:
1146 1591 1296 1628 Oculum
1313 1604 1385 1641 pro
1404 1591 1523 1636 oculo,
1557 1592 1643 1628 den-
1656 1597 1847 1633 Levit.2i‚20.

125 1665 192 1696 tem
212 1671 282 1708 pro
307 1659 433 1705 dente,-
476 1657 588 1697 simul
615 1656 728 1697 etiam
755 1657 852 1710 quod
879 1655 1106 1711 parricidam
1132 1656 1237 1696 iubet
1258 1656 1437 1697 interfici.
1499 1655 1646 1697 Verum

123 1738 219 1779 quae
251 1739 272 1764 a
297 1723 449 1764 domino
478 1723 565 1765 lesu
592 1725 676 1765 dum
704 1724 853 1764 viveret
877 1731 986 1777 gesta
1011 1724 1352 1778 administrataque
1376 1731 1464 1765 sunt
1488 1725 1648 1764 manife-

126 1792 294 1833 stissime
319 1792 582 1833 demonstrant
607 1792 700 1832 nihil
728 1792 764 1832 in
793 1792 878 1846 lege
906 1806 992 1832 esse
1018 1793 1241 1846 perplexum
1269 1800 1334 1832 aut
1360 1792 1580 1847 implicitum
1611 1793 1648 1832 in

124 1874 235 1911 sese,
276 1860 453 1914 idemque
479 1867 675 1915 praestare
703 1874 860 1914 prorsus
886 1861 984 1914 quod
1009 1859 1071 1900 illa
1100 1860 1306 1900 salvatoris
1334 1861 1400 1900 lex
1425 1861 1560 1901 efficit:
1605 1863 1848 1907 Se'Mauh.5,3v.

125 1931 206 1982 quis
222 1932 454 1980 percusserit
473 1937 507 1967 te
527 1932 563 1968 iu
584 1932 752 1967 deoelram,
772 1930 960 1983 maxillam
972 1959 983 1976 ,
1012 1930 1151 1980 praebe
1171 1931 1233 1967 z'lle‘
1249 1936 1286 1967 et
1303 1931 1471 1967 alteram.
1535 1926 1648 1982 Quod

125 1997 244 2051 ipsum
271 1995 337 2036 lex
361 1996 450 2036 olim
477 1995 650 2036 obtinere
678 1996 875 2046 studebat,
920 2010 1004 2036 cum
1026 1997 1077 2036 ita
1101 1995 1361 2050 praeciperet:
1407 1998 1559 2036 Oculum
1577 2011 1648 2048 pro

125 2066 230 2104 oculo
249 2070 325 2104 etc.
350 2063 420 2103 hoc
442 2071 500 2105 est
523 2064 662 2118 praebe
682 2063 735 2104 illi
755 2063 965 2104 maxillam.
1005 2063 1107 2104 Nam
1129 2071 1169 2104 ut
1189 2078 1254 2104 eas
1275 2077 1420 2119 poenas
1443 2064 1645 2118 effugeret,

126 2132 173 2172 ob
199 2145 291 2185 quas
315 2131 345 2171 si
370 2139 591 2186 percuteret
613 2132 718 2172 luere
744 2139 962 2186 oporteret,
995 2132 1217 2173 verberanti
1241 2132 1433 2172 maxillam
1458 2132 1647 2186 praebuit,

127 2199 222 2240 haud
243 2199 399 2252 ignarus
422 2199 453 2239 si
476 2200 625 2240 oculum
649 2200 829 2250 eruisset,
862 2200 959 2240 idem
984 2199 1054 2240 sibi
1079 2214 1128 2240 ex
1151 2200 1235 2253 lege
1259 2213 1346 2240 esse
1367 2200 1646 2240 sustinendum.

239 2267 368 2321 Atque
394 2275 433 2308 ut
454 2275 561 2321 pater
583 2267 724 2308 liberos
749 2267 804 2307 sic
826 2267 1011 2319 instituit,
1042 2276 1083 2308 ut
1106 2268 1150 2308 ad
1173 2268 1410 2321 singulorum
1437 2281 1479 2307 se
1501 2274 1649 2307 aetates
1675 2273 1752 2316 Cap.
1770 2273 1829 2306 XI.

127 2335 420 2376 accommodans
446 2335 622 2390 paulatim
649 2335 819 2386 erudiat,
861 2350 933 2376 nec
956 2336 1143 2376 infantem
1166 2337 1298 2376 eadem
1327 2349 1400 2389 qua
1425 2335 1648 2375 adolescen-

127 2403 247 2444 tulum
275 2401 472 2458 disciplina
496 2403 711 2453 contineat,
755 2417 824 2444 nec
846 2404 1172 2444 adolescentulum
1200 2403 1357 2458 perinde
1383 2417 1426 2443 ac
1451 2403 1646 2454 iuvenem,

128 2478 192 2512 aut
214 2471 312 2511 hunc
336 2477 377 2510 ut
398 2471 554 2512 robusta
578 2471 651 2511 iam
675 2485 718 2511 ac
742 2470 842 2511 virili
865 2478 990 2512 aetate
1013 2472 1222 2527 praeditum
1247 2476 1448 2521 coereeat,
1481 2470 1648 2525 quinimo

129 2539 307 2579 tenellum
327 2539 448 2579 adhuc
467 2554 510 2579 ac
534 2552 631 2594 pene
649 2539 850 2579 lactentem
870 2540 986 2593 digito
1008 2540 1187 2594 castigat,
1211 2539 1407 2592 puerulum
1427 2552 1520 2578 vero
1540 2538 1650 2592 paulo

130 2606 374 2661 grandiorem
398 2607 580 2662 colapho,
614 2607 706 2647 loris
731 2607 1077 2658 adolescentulum,
1113 2608 1288 2647 invenem
1312 2605 1432 2660 virgis
1457 2606 1647 2659 obiurgat,

131 2688 245 2729 porro
272 2674 335 2714 ubi
359 2675 419 2715 vir
441 2674 544 2714 inter
566 2675 671 2714 viros
700 2688 786 2714 esse
811 2675 957 2729 coepit,
991 2675 1024 2715 si
1048 2675 1207 2729 gravius
1231 2674 1404 2728 quiddam
1429 2673 1647 2727 deliquerit,

133 2742 258 2795 gladio
280 2756 329 2782 ex
356 2743 440 2795 lege
465 2743 674 2797 plectetur,
706 2743 754 2781 ita
780 2742 954 2783 domiuus
977 2743 1180 2797 unicuique
1203 2743 1395 2782 hominum
1420 2743 1535 2781 aetati
1559 2755 1651 2781 con-

133 2817 316 2850 sentanea
339 2809 600 2865 praescripsit.
663 2808 812 2864 Quippe
839 2817 992 2852 veteres
1020 2811 1128 2862 illos,
1173 2817 1349 2863 tanquam
1375 2823 1458 2849 cum
1483 2808 1650 2864 puerulis

135 2890 178 2916 ac
202 2877 277 2917 vim
300 2876 423 2917 sancti
447 2877 602 2932 spiritus
624 2877 888 2931 ignorantibus
911 2885 1066 2933 ageret,
1111 2885 1214 2918 metu
1239 2892 1283 2917 ac
1308 2884 1460 2917 terrore
1486 2877 1649 2931 castiga·

133 2942 210 2984 bat.
269 2943 368 2985 Tum
402 2945 693 2999 perfectioribus
724 2945 953 2999 perfectiora
986 2946 1168 3001 mysteria
1204 2945 1417 3000 proposuit.
1476 2943 1579 2985 Nam
1610 2944 1650 2984 in

137 3012 336 3065 evangelio
361 3013 503 3067 passim
524 3013 577 3054 ita
600 3012 804 3067 discipulos
827 3013 1076 3067 compellasse
1100 3013 1262 3067 legitur:
1293 3015 1456 3053 Nescitis
1481 3014 1647 3066 quz‘dfa-
1667 3020 1848 3056 mannaan.

1292 3083 1343 3123 27
1362 3081 1384 3105 *
