2034 3267
391 160 394 161 ⁷
440 177 616 211 PANAau
641 178 738 209 ADv.
763 177 979 209 manases
1006 178 1085 209 Llss.
1108 179 1130 210 1.
1155 178 1257 210 ToM.
1275 178 1299 209 1.
1576 172 1627 208 47

125 270 262 310 resque
287 264 475 297 caeteras.
537 257 595 296 Ad
630 256 722 296 baec
748 256 956 296 animarum
985 270 1037 297 ex
1061 257 1144 296 aliis
1166 256 1203 296 in
1227 257 1301 296 alia
1322 270 1484 310 corpora
1507 262 1632 297 trans-

127 324 297 364 fusiones
329 337 371 363 ac
404 323 585 364 transitus
618 324 831 363 admittunt.
892 323 971 363 Eas
1005 324 1142 378 quippe
1175 324 1220 364 de
1251 337 1410 378 corpore
1445 324 1632 364 decedere

126 406 169 432 ac
186 392 324 431 ‘rursus
349 391 518 444 ingredi,
563 391 774 443 iterumque
797 390 900 442 gigni
925 398 1117 440 statuunt,
1159 399 1196 430 et
1222 391 1522 431 consceleratum
1543 391 1633 431 illud

125 459 260 512 dogma
285 459 439 512 quadam
467 458 608 497 erroris
633 457 863 496 abundantia
889 464 1114 498 contexunt.
1178 455 1382 498 Caeterum
1413 458 1633 512 particulam

126 526 311 579 quandam
333 525 407 576 dei,
441 525 673 576 eandemque
694 523 943 562 immortalem
965 524 1128 563 animam
1150 539 1236 564 esse
1255 526 1487 579 praedicant.
1536 524 1634 566 Por-

129 593 225 632 ticus
251 592 449 647 princepS,
491 592 572 631 sive
601 589 755 630 Stoicae
782 597 934 639 sectae,
979 589 1087 629 Zeno
1116 591 1204 641 tuit,
1246 593 1291 631 de
1319 607 1390 645 quo
1418 592 1545 633 varius
1575 599 1635 633 est

127 674 269 700 sermo.
329 659 430 700 Nam
455 658 517 698 alii
541 656 736 698 Cleanthis
763 656 956 695 cuiusdam
978 655 1090 711 Tyrii
1114 658 1226 697 filium
1254 658 1372 698 fuisse
1395 666 1539 713 putant,
1572 660 1635 700 alii

133 725 359 768 Cittiensem
386 727 525 766 faciunt
550 738 600 764 ex
622 723 745 763 insula
769 721 922 777 Cypr03
956 737 1065 776 quem
1094 731 1133 763 et
1157 723 1305 764 Romae
1331 726 1558 778 aliquamdiu
1580 727 1638 767 vi-

128 795 237 835 xisse
260 801 436 843 narrant,
469 791 628 843 indeque
653 790 826 829 Athenas
851 792 1062 844 profectum
1084 790 1122 830 in
1146 790 1264 841 Stoa,
1298 791 1367 831 hoc
1392 800 1450 831 est
1471 794 1632 846 porticu,

130 863 304 915 dogmata
327 861 386 900 illa
411 857 556 913 publice
581 856 840 911 proposuisse.
893 856 985 897 Non
1012 859 1150 897 desunt
1171 858 1232 912 qui
1256 858 1349 898 duos
1377 857 1557 900 Zenones
1582 862 1636 901 di-

129 929 343 982 stinguant,
375 924 553 974 Eleaten,
587 931 625 964 et
649 938 732 964 eum
758 925 802 964 de
828 939 900 978 quo
925 925 1101 978 proxime
1127 924 1264 965 dictum
1288 932 1360 965 est.
1421 924 1634 981 Utcumque

130 997 199 1045 sit,
246 995 372 1036 eadem
406 992 452 1031 ab
484 991 680 1045 utriusque
713 992 866 1031 decreta
900 993 1179 1046 profluxerunt.
1239 990 1481 1046 Proindeque
1518 1001 1636 1035 mate-

131 1064 223 1103 riam
246 1060 437 1114 aequalem
463 1059 534 1098 deo
562 1059 650 1098 facit
678 1059 774 1098 alter
802 1058 890 1108 ille,
934 1059 1247 1112 quemadmodum
1279 1067 1317 1099 et
1341 1060 1522 1100 haereses
1546 1062 1636 1101 reli-

131 1143 240 1184 quae.
302 1127 400 1167 Tum
427 1140 520 1167 vero
546 1126 608 1165 fati
630 1133 743 1179 atque
764 1126 923 1179 originis
945 1127 1215 1167 necessitatem
1238 1127 1420 1178 adstruit,
1453 1128 1560 1167 cuius
1583 1129 1636 1168 le-

129 1197 235 1251 gibus
257 1201 517 1249 temperentur
538 1200 576 1233 et
596 1193 808 1233 afficiantur
831 1195 1026 1234 universa.
1087 1192 1210 1247 Igitur
1230 1208 1488 1248 quaecumque
1509 1196 1636 1250 operis

127 1262 287 1304 instituti
319 1261 486 1301 brevitas
517 1268 648 1300 contra
678 1260 778 1301 illius
812 1262 1018 1315 nequitiam
1046 1261 1230 1315 disputari
1257 1262 1419 1316 patitur,
1462 1277 1506 1302 ac
1533 1263 1637 1303 velut

127 1331 315 1372 auxiliare
337 1329 651 1369 medicamentum
677 1329 826 1382 parari,
860 1330 926 1369 sed
949 1329 1001 1368 ita
1025 1343 1263 1382 nequaquam
1288 1336 1328 1369 ut
1349 1329 1387 1369 in
1411 1331 1635 1370 immensam

128 1399 264 1439 molem
295 1397 385 1437 illud
412 1397 532 1450 ipsum
566 1409 659 1449 opus
689 1403 915 1445 excrescat,
955 1396 1071 1446 haec,
1107 1396 1281 1449 inquam,
1314 1398 1554 1447 summatim,
1588 1411 1636 1437 ne

126 1464 430 1520 praetermisisse
460 1464 616 1513 videar,
652 1463 836 1503 adversus
866 1463 968 1503 illum
1001 1463 1200 1513 obiiciam,
1233 1464 1360 1518 itaque
1391 1465 1632 1505 conveniam.

237 1531 344 1572 Heus
374 1532 435 1571 tul
469 1531 637 1584 inquam.
697 1530 823 1571 Potin'
855 1531 979 1584 eloqui
1009 1547 1030 1570 a
1061 1546 1133 1584 quo
1163 1530 1372 1572 doctrinam
1400 1532 1495 1572 hanc
1527 1546 1637 1572 acce-

125 1601 252 1656 peris?
295 1606 359 1640 aut
393 1598 475 1652 quis
506 1600 653 1638 demum
688 1598 841 1652 spiritus
874 1605 1029 1638 sanctus
1062 1606 1184 1639 tecum
1221 1601 1265 1639 de
1301 1599 1371 1639 hoc
1408 1606 1471 1639 tuo
1502 1613 1637 1639 errore

128 1668 178 1709 sit
203 1668 378 1708 locutus?
435 1665 522 1706 Duo
546 1666 680 1720 quippe
704 1666 814 1705 simul
836 1666 1008 1719 aequalia
1032 1673 1225 1721 tempore,
1268 1667 1468 1706 materiam
1492 1667 1638 1706 scilicet

128 1750 172 1776 ac
195 1736 304 1775 deum
325 1733 514 1774 violenter
537 1733 721 1772 obtrudis.
783 1731 938 1772 Excidit
958 1733 1074 1787 igitur
1097 1741 1160 1773 tua
1180 1734 1241 1773 illa
1264 1734 1375 1783 ratio,
1409 1734 1639 1787 minimeque

128 1803 310 1843 cohaeret
340 1802 420 1855 ipsa
451 1815 603 1851 secum,
649 1815 732 1840 cum
764 1807 802 1839 tu
833 1807 870 1839 et
900 1800 1069 1855 opificem
1096 1802 1283 1854 quendam
1311 1801 1479 1841 omnium
1510 1815 1639 1841 rerum

128 1883 215 1910 esse
242 1870 407 1919 fateare,
441 1882 552 1922 quem
573 1867 685 1907 etiam
712 1867 1005 1922 omnipotentem
1028 1869 1187 1919 asseris,
1220 1876 1258 1908 et
1277 1868 1315 1908 in
1340 1882 1386 1909 eo
1407 1876 1532 1908 tamen
1555 1867 1638 1923 ipso

129 1937 368 1977 divinitatum
395 1936 555 1976 divortia
583 1935 807 1975 constituas.
868 1932 1076 1976 Cuiusnam
1101 1950 1196 1976 vero
1219 1937 1357 1976 artifex
1383 1935 1455 1976 erit
1476 1936 1563 1986 illc,
1606 1935 1639 1975 si

128 2004 296 2058 aequalis
323 2010 492 2057 tempore
516 2003 673 2043 materia
699 2002 874 2056 ponitur?
932 2001 1016 2042 Erit
1049 2003 1146 2043 enim
1179 2018 1247 2058 per
1276 2018 1364 2044 sese
1394 2003 1533 2044 suimet
1557 2004 1639 2057 ipsa

126 2072 244 2122 iuris,
288 2077 418 2125 utpote
449 2085 545 2124 quae
577 2085 597 2109 a
627 2070 727 2110 nullo
757 2069 807 2110 sit
834 2069 992 2124 originis
1024 2071 1208 2125 principio
1238 2071 1420 2121 deducta,
1467 2071 1638 2124 adeoque

127 2138 299 2179 subiecta
322 2138 479 2178 nemini.
542 2136 651 2190 Quod
681 2137 713 2176 si
738 2137 782 2177 ab
811 2152 876 2187 ea,
919 2138 1129 2192 producere
1157 2146 1197 2178 ut
1220 2146 1372 2193 posset,
1416 2139 1546 2193 opifex
1573 2138 1636 2192 qui

127 2220 212 2246 eam
238 2213 370 2246 nactus
400 2212 459 2245 est
484 2205 696 2259 acceperit,
737 2205 916 2245 nonnulla
945 2205 1038 2246 baec
1064 2220 1150 2246 esse
1176 2207 1288 2246 debet
1313 2207 1412 2246 illius
1438 2205 1636 2245 imbecilli-

127 2281 208 2325 tas,
252 2287 296 2314 ac
322 2273 427 2314 velut
449 2272 576 2327 egenti
598 2273 696 2312 facta
719 2272 968 2323 contributio,
1012 2273 1188 2313 nimirum
1213 2273 1274 2327 qui
1301 2287 1376 2313 non
1398 2273 1557 2327 privatis
1584 2286 1636 2313 ex

127 2341 269 2396 copiis,
310 2341 376 2381 sed
409 2354 460 2381 ex
487 2340 610 2380 aliena
632 2339 790 2379 materia
811 2353 920 2380 suum
947 2355 1040 2395 opus
1062 2341 1310 2395 praestiterit.
1371 2339 1451 2380 lam
1475 2340 1566 2380 illud
1589 2340 1634 2380 de

127 2408 337 2448 animarum
359 2408 397 2448 in
417 2408 542 2448 aliena
566 2420 724 2460 corpora
748 2407 929 2459 transitu,
963 2415 1140 2462 quantam
1162 2409 1200 2448 in
1224 2415 1259 2448 te
1284 2408 1478 2448 levitatem
1502 2408 1636 2461 depra-

126 2483 238 2516 vatae
270 2476 407 2516 mentis
436 2474 584 2528 arguit,
628 2474 689 2527 qui
722 2481 760 2514 et
785 2474 994 2528 sapientiae
1024 2476 1183 2528 gloriam
1214 2476 1394 2525 affectas,
1439 2482 1476 2515 et
1506 2488 1635 2515 rerum

128 2543 226 2597 apud
246 2543 418 2582 homines
443 2541 637 2582 scientiam
663 2542 875 2595 profiteris?
930 2541 1031 2583 Nam
1056 2543 1088 2583 si
1109 2557 1194 2597 pars
1216 2550 1274 2583 est
1295 2543 1358 2582 illa
1383 2542 1458 2591 dei,
1492 2548 1529 2582 et
1551 2542 1633 2596 qui-

129 2611 212 2650 dem
241 2610 489 2659 immortalis,
532 2616 571 2648 tu
595 2621 688 2649 vero
719 2610 762 2648 ad
788 2609 1050 2650 infelicissima
1080 2611 1210 2650 neseio
1240 2623 1334 2663 quae
1363 2624 1525 2664 corpora
1557 2624 1631 2650 nou

128 2732 170 2764 ad
193 2733 423 2771 enarrandum,
455 2731 606 2763 auxiliare
631 2737 742 2763 contra
764 2731 855 2771 hujus
901 2733 1073 2775 disputem.
1120 2736 1163 2765 De
1181 2735 1314 2773 formula
1339 2732 1395 2766 καὶ
1418 2729 1491 2776 ου’χι
1513 2733 1631 2775 μᾶλλον

127 2778 302 2821 nequitiam
323 2777 601 2815 medicamentum,
631 2776 671 2807 ad
692 2776 780 2815 haec,
803 2777 856 2807 iu-
901 2799 944 2803 —
961 2797 1003 2802 —
1030 2777 1066 2812 δὲ
1090 2781 1127 2819 cf.
1150 2780 1232 2818 infra
1254 2780 1367 2810 haeres.
1389 2778 1453 2817 tiu,
1478 2780 1539 2810 40:
1575 2778 1632 2810 καὶ

130 2833 242 2864 quam,
276 2830 400 2854 tantum
431 2822 521 2853 abest
552 2829 587 2852 ut
615 2821 646 2852 in
671 2821 858 2853 immensam
904 2825 1021 2866 nimo»
1039 2835 1129 2856 ουκ
1117 2822 1205 2855 ²³:05
1209 2823 1252 2855 ίο)
1271 2821 1307 2856 τὸ
1326 2819 1415 2864 ὕδωρ
1431 2834 1480 2856 Tor.
1484 2834 1499 2860 ς
1515 2818 1632 2864 &pyon-

128 2867 247 2898 molem
282 2868 386 2910 patiar
425 2878 610 2898 excrescere
655 2865 740 2908 quod
778 2866 857 2897 illud
905 2880 951 2902 &tv
979 2868 1042 2909 τῆς
1064 2867 1218 2910 πωηρίας
1230 2892 1236 2904 ,
1263 2880 1308 2906 ως
1338 2866 1378 2900 σὺ
1403 2866 1438 2900 λέ
1440 2879 1507 2910 γεςι
1518 2893 1526 2905 ,
1550 2864 1631 2900 om&

129 2912 270 2953 spondet
290 2924 380 2954 opus,
405 2910 648 2949 1113111111111111111,
674 2922 712 2941 ne
728 2911 857 2943 omnino
905 2912 1134 2954 συιεργητικὸν
1157 2913 1274 2954 υᾶλλο)
1295 2910 1330 2945 τὸ
1355 2909 1444 2954 υδωρ
1470 2916 1532 2944 cett.

129 2957 379 2996 praetermisisse
416 2957 545 2995 videar,
587 2955 738 2987 adversus
774 2956 859 2988 hunc
949 2958 1023 2988 cip
1048 2959 1086 2989 [1.
1113 2977 1153 2981 —
1184 2962 1207 2990 l.
1233 2959 1316 2989 Libri
1340 2959 1448 2990 habent
1470 2953 1493 2998 ἦ
1514 2967 1570 2997 pro
1592 2954 1630 2988 εἰ.

1664 1532 1739 1577 Cap.
1762 1535 1803 1566 11.
