<?xml version="1.0" encoding="UTF-8"?>
<!DOCTYPE html PUBLIC "-//W3C//DTD XHTML 1.0 Transitional//EN"
    "http://www.w3.org/TR/xhtml1/DTD/xhtml1-transitional.dtd">
<html xmlns="http://www.w3.org/1999/xhtml" xml:lang="en" lang="en">
 <head>
  <title>
</title>
<meta http-equiv="Content-Type" content="text/html;charset=utf-8" />
  <meta name='ocr-system' content='tesseract 3.04.00' />
  <meta name='ocr-capabilities' content='ocr_page ocr_carea ocr_par ocr_line ocrx_word'/>
</head>
<body>
  <div class='ocr_page' id='page_1' title='image "./p1corporishaereseo02epipuoft/p1corporishaereseo02epipuoft_0453.png"; bbox 0 0 2034 3267; ppageno 0'>
   <div class='ocr_carea' id='block_1_1' title="bbox 1561 211 1637 250">
    <p class='ocr_par' dir='ltr' id='par_1_1' title="bbox 1561 211 1637 250">
     <span class='ocr_line' id='line_1_1' title="bbox 1561 211 1637 250; baseline 0 -1"><span class='ocrx_word' id='word_1_1' title='bbox 1561 211 1637 250; x_wconf 84' lang='lat'><strong>441</strong></span> 
     </span>
    </p>
   </div>
   <div class='ocr_carea' id='block_1_2' title="bbox 124 296 1644 690">
    <p class='ocr_par' dir='ltr' id='par_1_2' title="bbox 124 296 1644 689">
     <span class='ocr_line' id='line_1_2' title="bbox 125 296 1644 352; baseline -0.001 -14"><span class='ocrx_word' id='word_1_2' title='bbox 125 297 312 339; x_wconf 84' lang='lat' dir='ltr'><strong>desistere</strong></span> <span class='ocrx_word' id='word_1_3' title='bbox 344 311 454 352; x_wconf 88' lang='lat' dir='ltr'><strong>quam</strong></span> <span class='ocrx_word' id='word_1_4' title='bbox 486 297 532 337; x_wconf 91' lang='lat' dir='ltr'><strong>ad</strong></span> <span class='ocrx_word' id='word_1_5' title='bbox 567 304 780 338; x_wconf 81' lang='lat' dir='ltr'><strong>extremam</strong></span> <span class='ocrx_word' id='word_1_6' title='bbox 811 298 976 338; x_wconf 79' lang='lat' dir='ltr'>extremi</span> <span class='ocrx_word' id='word_1_7' title='bbox 1007 298 1185 338; x_wconf 89' lang='lat' dir='ltr'><strong>elementi</strong></span> <span class='ocrx_word' id='word_1_8' title='bbox 1217 298 1365 338; x_wconf 75' lang='lat' dir='ltr'>literam</span> <span class='ocrx_word' id='word_1_9' title='bbox 1396 296 1644 352; x_wconf 73' lang='lat' dir='ltr'>singulariter</span> 
     </span>
     <span class='ocr_line' id='line_1_3' title="bbox 125 364 1641 420; baseline -0.001 -15"><span class='ocrx_word' id='word_1_10' title='bbox 125 364 405 420; x_wconf 90' lang='lat' dir='ltr'><strong>pronuntiando</strong></span> <span class='ocrx_word' id='word_1_11' title='bbox 427 365 554 419; x_wconf 90' lang='lat' dir='ltr'><strong>lingua</strong></span> <span class='ocrx_word' id='word_1_12' title='bbox 576 366 811 419; x_wconf 86' lang='lat' dir='ltr'><strong>pervenerit.</strong></span> <span class='ocrx_word' id='word_1_13' title='bbox 858 365 917 405; x_wconf 86' lang='lat' dir='ltr'><strong>Ao</strong></span> <span class='ocrx_word' id='word_1_14' title='bbox 940 373 1015 405; x_wconf 90' lang='lat' dir='ltr'><strong>tum</strong></span> <span class='ocrx_word' id='word_1_15' title='bbox 1038 366 1185 405; x_wconf 88' lang='lat' dir='ltr'><strong>demum</strong></span> <span class='ocrx_word' id='word_1_16' title='bbox 1207 365 1425 406; x_wconf 88' lang='lat' dir='ltr'><strong>restitutum</strong></span> <span class='ocrx_word' id='word_1_17' title='bbox 1448 366 1493 405; x_wconf 91' lang='lat' dir='ltr'><strong>iri</strong></span> <span class='ocrx_word' id='word_1_18' title='bbox 1516 365 1641 405; x_wconf 87' lang='lat' dir='ltr'><strong>omnia</strong></span> 
     </span>
     <span class='ocr_line' id='line_1_4' title="bbox 124 433 1644 488; baseline 0.001 -16"><span class='ocrx_word' id='word_1_19' title='bbox 124 433 276 482; x_wconf 83' lang='lat' dir='ltr'><strong>definit,</strong></span> <span class='ocrx_word' id='word_1_20' title='bbox 321 447 402 472; x_wconf 89' lang='lat' dir='ltr'><strong>cum</strong></span> <span class='ocrx_word' id='word_1_21' title='bbox 428 447 560 473; x_wconf 88' lang='lat' dir='ltr'><strong>omnes</strong></span> <span class='ocrx_word' id='word_1_22' title='bbox 583 433 620 472; x_wconf 90' lang='lat' dir='ltr'><strong>in</strong></span> <span class='ocrx_word' id='word_1_23' title='bbox 648 447 759 473; x_wconf 87' lang='lat' dir='ltr'><strong>unam</strong></span> <span class='ocrx_word' id='word_1_24' title='bbox 784 434 964 473; x_wconf 85' lang='lat' dir='ltr'><strong>redactae</strong></span> <span class='ocrx_word' id='word_1_25' title='bbox 987 433 1120 473; x_wconf 89' lang='lat' dir='ltr'><strong>literae</strong></span> <span class='ocrx_word' id='word_1_26' title='bbox 1147 447 1218 472; x_wconf 90' lang='lat' dir='ltr'><strong>una</strong></span> <span class='ocrx_word' id='word_1_27' title='bbox 1246 434 1452 486; x_wconf 88' lang='lat' dir='ltr'><strong>eademque</strong></span> <span class='ocrx_word' id='word_1_28' title='bbox 1478 448 1644 488; x_wconf 86' lang='lat' dir='ltr'><strong>pronun-</strong></span> 
     </span>
     <span class='ocr_line' id='line_1_5' title="bbox 126 500 1644 555; baseline 0.001 -16"><span class='ocrx_word' id='word_1_29' title='bbox 126 500 283 540; x_wconf 89' lang='lat' dir='ltr'><strong>tiatione</strong></span> <span class='ocrx_word' id='word_1_30' title='bbox 307 501 557 541; x_wconf 88' lang='lat' dir='ltr'><strong>resonabunt.</strong></span> <span class='ocrx_word' id='word_1_31' title='bbox 615 500 737 541; x_wconf 88' lang='lat' dir='ltr'><strong>Huius</strong></span> <span class='ocrx_word' id='word_1_32' title='bbox 760 514 854 540; x_wconf 90' lang='lat' dir='ltr'><strong>vero</strong></span> <span class='ocrx_word' id='word_1_33' title='bbox 875 501 1197 554; x_wconf 87' lang='lat' dir='ltr'><strong>pronuntiationis</strong></span> <span class='ocrx_word' id='word_1_34' title='bbox 1220 501 1343 541; x_wconf 86' lang='lat' dir='ltr'><strong>simile</strong></span> <span class='ocrx_word' id='word_1_35' title='bbox 1368 502 1541 555; x_wconf 82' lang='lat' dir='ltr'>quiddam</span> <span class='ocrx_word' id='word_1_36' title='bbox 1566 501 1644 541; x_wconf 89' lang='lat' dir='ltr'><strong>aie-</strong></span> 
     </span>
     <span class='ocr_line' id='line_1_6' title="bbox 124 567 1643 623; baseline 0.001 -15"><span class='ocrx_word' id='word_1_37' title='bbox 124 568 189 608; x_wconf 92' lang='lat' dir='ltr'><strong>bat</strong></span> <span class='ocrx_word' id='word_1_38' title='bbox 215 568 408 618; x_wconf 79' lang='lat' dir='ltr'><strong>existere,</strong></span> <span class='ocrx_word' id='word_1_39' title='bbox 454 583 536 609; x_wconf 88' lang='lat' dir='ltr'><strong>eum</strong></span> <span class='ocrx_word' id='word_1_40' title='bbox 564 583 696 608; x_wconf 90' lang='lat' dir='ltr'><strong>omnes</strong></span> <span class='ocrx_word' id='word_1_41' title='bbox 723 569 867 623; x_wconf 83' lang='lat' dir='ltr'><strong>pariter</strong></span> <span class='ocrx_word' id='word_1_42' title='bbox 892 567 1016 607; x_wconf 88' lang='lat' dir='ltr'><strong>Amen</strong></span> <span class='ocrx_word' id='word_1_43' title='bbox 1045 568 1220 608; x_wconf 79' lang='lat' dir='ltr'><strong>dicimus.</strong></span> <span class='ocrx_word' id='word_1_44' title='bbox 1282 567 1411 609; x_wconf 88' lang='lat' dir='ltr'><strong>Sonos</strong></span> <span class='ocrx_word' id='word_1_45' title='bbox 1439 583 1523 609; x_wconf 85' lang='lat' dir='ltr'><strong>esse</strong></span> <span class='ocrx_word' id='word_1_46' title='bbox 1550 583 1643 610; x_wconf 88' lang='lat' dir='ltr'><strong>vero</strong></span> 
     </span>
     <span class='ocr_line' id='line_1_7' title="bbox 124 635 1644 690; baseline 0.002 -16"><span class='ocrx_word' id='word_1_47' title='bbox 124 635 260 689; x_wconf 91' lang='lat' dir='ltr'><strong>quibus</strong></span> <span class='ocrx_word' id='word_1_48' title='bbox 285 642 443 676; x_wconf 88' lang='lat' dir='ltr'><strong>naturae</strong></span> <span class='ocrx_word' id='word_1_49' title='bbox 465 651 507 676; x_wconf 91' lang='lat' dir='ltr'><strong>ac</strong></span> <span class='ocrx_word' id='word_1_50' title='bbox 529 636 790 690; x_wconf 79' lang='lat' dir='ltr'><strong>generationis</strong></span> <span class='ocrx_word' id='word_1_51' title='bbox 812 649 952 689; x_wconf 82' lang='lat' dir='ltr'><strong>expers</strong></span> <span class='ocrx_word' id='word_1_52' title='bbox 977 635 1088 675; x_wconf 82' lang='lat' dir='ltr'><strong>Aeon</strong></span> <span class='ocrx_word' id='word_1_53' title='bbox 1110 635 1172 675; x_wconf 91' lang='lat' dir='ltr'><strong>ille</strong></span> <span class='ocrx_word' id='word_1_54' title='bbox 1193 635 1437 686; x_wconf 73' lang='lat' dir='ltr'><strong>informetur,</strong></span> <span class='ocrx_word' id='word_1_55' title='bbox 1471 638 1644 677; x_wconf 86' lang='lat' dir='ltr'><strong>eosdem-</strong></span> 
     </span>
    </p>
   </div>
   <div class='ocr_carea' id='block_1_3' title="bbox 451 218 1313 252">
    <p class='ocr_par' dir='ltr' id='par_1_3' title="bbox 451 218 1313 252">
     <span class='ocr_line' id='line_1_8' title="bbox 451 218 1313 252; baseline 0.001 -3"><span class='ocrx_word' id='word_1_56' title='bbox 451 218 629 250; x_wconf 84' lang='lat' dir='ltr'>PANARII</span> <span class='ocrx_word' id='word_1_57' title='bbox 652 218 732 251; x_wconf 86' lang='lat' dir='ltr'><strong>LlB.</strong></span> <span class='ocrx_word' id='word_1_58' title='bbox 751 219 775 251; x_wconf 84' lang='grc' dir='ltr'><strong>Ι.</strong></span> <span class='ocrx_word' id='word_1_59' title='bbox 799 219 904 252; x_wconf 90' lang='grc' dir='ltr'>ΤΟΜ.</span> <span class='ocrx_word' id='word_1_60' title='bbox 925 219 982 251; x_wconf 84' lang='grc' dir='ltr'><strong>ΙΙΙ.</strong></span> <span class='ocrx_word' id='word_1_61' title='bbox 1005 219 1134 251; x_wconf 83' lang='lat' dir='ltr'><strong>HAER.</strong></span> <span class='ocrx_word' id='word_1_62' title='bbox 1153 218 1313 251; x_wconf 85' lang='lat' dir='ltr'>XXXIV.</span> 
     </span>
    </p>
   </div>
   <div class='ocr_carea' id='block_1_4' title="bbox 124 703 1772 779">
    <p class='ocr_par' dir='ltr' id='par_1_4' title="bbox 124 703 1772 779">
     <span class='ocr_line' id='line_1_9' title="bbox 124 703 1772 779; baseline 0.001 -37"><span class='ocrx_word' id='word_1_63' title='bbox 124 716 196 756; x_wconf 93' lang='lat' dir='ltr'><strong>que</strong></span> <span class='ocrx_word' id='word_1_64' title='bbox 228 703 368 743; x_wconf 83' lang='lat' dir='ltr'><strong>formas</strong></span> <span class='ocrx_word' id='word_1_65' title='bbox 401 718 486 744; x_wconf 90' lang='lat' dir='ltr'><strong>esse</strong></span> <span class='ocrx_word' id='word_1_66' title='bbox 521 704 656 758; x_wconf 90' lang='lat' dir='ltr'><strong>quibus</strong></span> <span class='ocrx_word' id='word_1_67' title='bbox 686 717 746 743; x_wconf 88' lang='lat' dir='ltr'><strong>an</strong></span> <span class='ocrx_word' id='word_1_68' title='bbox 738 703 910 756; x_wconf 76' lang='lat' dir='ltr'><strong>relorum</strong></span> <span class='ocrx_word' id='word_1_69' title='bbox 943 716 1081 742; x_wconf 89' lang='lat' dir='ltr'><strong>nomen</strong></span> <span class='ocrx_word' id='word_1_70' title='bbox 1112 717 1133 742; x_wconf 93' lang='lat' dir='ltr'><strong>a</strong></span> <span class='ocrx_word' id='word_1_71' title='bbox 1167 703 1319 743; x_wconf 87' lang='lat' dir='ltr'><strong>domino</strong></span> <span class='ocrx_word' id='word_1_72' title='bbox 1349 704 1528 744; x_wconf 89' lang='lat' dir='ltr'><strong>tributum</strong></span> <span class='ocrx_word' id='word_1_73' title='bbox 1567 712 1638 754; x_wconf 84' lang='lat' dir='ltr'><strong>est,</strong></span> <span class='ocrx_word' id='word_1_74' title='bbox 1662 711 1772 779; x_wconf 56' lang='lat' dir='ltr'><strong>lltgatth</strong></span> 
     </span>
    </p>
   </div>
   <div class='ocr_carea' id='block_1_5' title="bbox 114 769 1646 2323">
    <p class='ocr_par' dir='ltr' id='par_1_5' title="bbox 116 769 1646 1913">
     <span class='ocr_line' id='line_1_10' title="bbox 124 769 1642 824; baseline 0.001 -14"><span class='ocrx_word' id='word_1_75' title='bbox 124 783 220 824; x_wconf 87' lang='lat' dir='ltr'><strong>quae</strong></span> <span class='ocrx_word' id='word_1_76' title='bbox 248 769 376 811; x_wconf 74' lang='lat' dir='ltr'><strong>Patris</strong></span> <span class='ocrx_word' id='word_1_77' title='bbox 406 773 538 811; x_wconf 80' lang='lat' dir='ltr'><strong>ficiem</strong></span> <span class='ocrx_word' id='word_1_78' title='bbox 566 771 717 811; x_wconf 79' lang='lat' dir='ltr'><strong>assidue</strong></span> <span class='ocrx_word' id='word_1_79' title='bbox 745 777 990 810; x_wconf 82' lang='lat' dir='ltr'><strong>contuentur.</strong></span> <span class='ocrx_word' id='word_1_80' title='bbox 1052 769 1132 811; x_wconf 84' lang='lat' dir='ltr'><strong>lam</strong></span> <span class='ocrx_word' id='word_1_81' title='bbox 1158 785 1251 812; x_wconf 86' lang='lat' dir='ltr'><strong>vero</strong></span> <span class='ocrx_word' id='word_1_82' title='bbox 1274 771 1550 811; x_wconf 84' lang='lat' dir='ltr'><strong>clementorum</strong></span> <span class='ocrx_word' id='word_1_83' title='bbox 1575 787 1642 812; x_wconf 80' lang='lat' dir='ltr'><strong>no-</strong></span> 
     </span>
     <span class='ocr_line' id='line_1_11' title="bbox 122 839 1644 893; baseline 0 -15"><span class='ocrx_word' id='word_1_84' title='bbox 122 839 247 889; x_wconf 85' lang='lat' dir='ltr'><strong>mina,</strong></span> <span class='ocrx_word' id='word_1_85' title='bbox 282 853 377 892; x_wconf 88' lang='lat' dir='ltr'><strong>quae</strong></span> <span class='ocrx_word' id='word_1_86' title='bbox 403 840 552 893; x_wconf 90' lang='lat' dir='ltr'><strong>quidem</strong></span> <span class='ocrx_word' id='word_1_87' title='bbox 573 839 734 893; x_wconf 82' lang='lat' dir='ltr'><strong>exprimi</strong></span> <span class='ocrx_word' id='word_1_88' title='bbox 759 839 814 877; x_wconf 84' lang='lat' dir='ltr'><strong>fas</strong></span> <span class='ocrx_word' id='word_1_89' title='bbox 838 845 916 887; x_wconf 89' lang='lat' dir='ltr'><strong>est,</strong></span> <span class='ocrx_word' id='word_1_90' title='bbox 950 845 1113 892; x_wconf 87' lang='lat' dir='ltr'><strong>suntque</strong></span> <span class='ocrx_word' id='word_1_91' title='bbox 1134 839 1364 888; x_wconf 87' lang='lat' dir='ltr'><strong>communia,</strong></span> <span class='ocrx_word' id='word_1_92' title='bbox 1400 840 1572 889; x_wconf 79' lang='lat' dir='ltr'><strong>Aeones,</strong></span> <span class='ocrx_word' id='word_1_93' title='bbox 1607 846 1644 878; x_wconf 84' lang='lat' dir='ltr'><strong>et</strong></span> 
     </span>
     <span class='ocr_line' id='line_1_12' title="bbox 123 903 1642 962; baseline 0 -16"><span class='ocrx_word' id='word_1_94' title='bbox 123 904 358 956; x_wconf 84' lang='lat' dir='ltr'><strong>Sermones,</strong></span> <span class='ocrx_word' id='word_1_95' title='bbox 401 921 444 947; x_wconf 89' lang='lat' dir='ltr'><strong>ac</strong></span> <span class='ocrx_word' id='word_1_96' title='bbox 470 906 660 956; x_wconf 82' lang='lat' dir='ltr'><strong>Radices,</strong></span> <span class='ocrx_word' id='word_1_97' title='bbox 696 904 875 955; x_wconf 79' lang='lat' dir='ltr'><strong>Semina,</strong></span> <span class='ocrx_word' id='word_1_98' title='bbox 912 903 1130 946; x_wconf 88' lang='lat' dir='ltr'><strong>Pleromata</strong></span> <span class='ocrx_word' id='word_1_99' title='bbox 1155 920 1197 946; x_wconf 93' lang='lat' dir='ltr'><strong>ac</strong></span> <span class='ocrx_word' id='word_1_100' title='bbox 1222 905 1386 947; x_wconf 83' lang='lat' dir='ltr'><strong>Fructus</strong></span> <span class='ocrx_word' id='word_1_101' title='bbox 1414 907 1642 962; x_wconf 83' lang='lat' dir='ltr'><strong>appellabat.</strong></span> 
     </span>
     <span class='ocr_line' id='line_1_13' title="bbox 124 973 1643 1029; baseline 0 -16"><span class='ocrx_word' id='word_1_102' title='bbox 124 973 235 1027; x_wconf 83' lang='lat' dir='ltr'><strong>Quae</strong></span> <span class='ocrx_word' id='word_1_103' title='bbox 256 981 379 1014; x_wconf 90' lang='lat' dir='ltr'><strong>autem</strong></span> <span class='ocrx_word' id='word_1_104' title='bbox 406 974 624 1027; x_wconf 83' lang='lat' dir='ltr'><strong>singillatim</strong></span> <span class='ocrx_word' id='word_1_105' title='bbox 649 973 833 1027; x_wconf 87' lang='lat' dir='ltr'><strong>cuiusque</strong></span> <span class='ocrx_word' id='word_1_106' title='bbox 855 980 944 1013; x_wconf 86' lang='lat' dir='ltr'><strong>sunt</strong></span> <span class='ocrx_word' id='word_1_107' title='bbox 967 974 1136 1029; x_wconf 83' lang='lat' dir='ltr'><strong>propria,</strong></span> <span class='ocrx_word' id='word_1_108' title='bbox 1170 988 1213 1014; x_wconf 88' lang='lat' dir='ltr'><strong>ea</strong></span> <span class='ocrx_word' id='word_1_109' title='bbox 1233 973 1435 1015; x_wconf 78' lang='lat' dir='ltr'><strong>Ecclesiae</strong></span> <span class='ocrx_word' id='word_1_110' title='bbox 1456 974 1643 1015; x_wconf 90' lang='lat' dir='ltr'><strong>vocabulo</strong></span> 
     </span>
     <span class='ocr_line' id='line_1_14' title="bbox 123 1040 1646 1096; baseline 0 -15"><span class='ocrx_word' id='word_1_111' title='bbox 123 1041 398 1096; x_wconf 88' lang='lat' dir='ltr'><strong>comprehensa</strong></span> <span class='ocrx_word' id='word_1_112' title='bbox 433 1040 589 1095; x_wconf 85' lang='lat' dir='ltr'><strong>intelligi</strong></span> <span class='ocrx_word' id='word_1_113' title='bbox 628 1041 882 1095; x_wconf 86' lang='lat' dir='ltr'><strong>significabat.</strong></span> <span class='ocrx_word' id='word_1_114' title='bbox 952 1040 1126 1095; x_wconf 84' lang='lat' dir='ltr'><strong>Quorum</strong></span> <span class='ocrx_word' id='word_1_115' title='bbox 1157 1042 1435 1083; x_wconf 88' lang='lat' dir='ltr'><strong>elementorum</strong></span> <span class='ocrx_word' id='word_1_116' title='bbox 1470 1050 1646 1083; x_wconf 86' lang='lat' dir='ltr'><strong>extrema</strong></span> 
     </span>
     <span class='ocr_line' id='line_1_15' title="bbox 123 1109 1644 1161; baseline 0.001 -13"><span class='ocrx_word' id='word_1_117' title='bbox 123 1109 244 1149; x_wconf 91' lang='lat' dir='ltr'><strong>ultimi</strong></span> <span class='ocrx_word' id='word_1_118' title='bbox 275 1109 383 1149; x_wconf 91' lang='lat' dir='ltr'><strong>litera</strong></span> <span class='ocrx_word' id='word_1_119' title='bbox 416 1122 549 1149; x_wconf 84' lang='lat' dir='ltr'><strong>vocem</strong></span> <span class='ocrx_word' id='word_1_120' title='bbox 581 1123 688 1149; x_wconf 88' lang='lat' dir='ltr'><strong>suam</strong></span> <span class='ocrx_word' id='word_1_121' title='bbox 719 1109 867 1161; x_wconf 85' lang='lat' dir='ltr'><strong>emisit,</strong></span> <span class='ocrx_word' id='word_1_122' title='bbox 915 1111 1022 1150; x_wconf 87' lang='lat' dir='ltr'><strong>cuius</strong></span> <span class='ocrx_word' id='word_1_123' title='bbox 1052 1124 1170 1151; x_wconf 89' lang='lat' dir='ltr'><strong>sonus</strong></span> <span class='ocrx_word' id='word_1_124' title='bbox 1197 1110 1334 1151; x_wconf 89' lang='lat' dir='ltr'><strong>exiens</strong></span> <span class='ocrx_word' id='word_1_125' title='bbox 1362 1112 1406 1151; x_wconf 91' lang='lat' dir='ltr'><strong>ad</strong></span> <span class='ocrx_word' id='word_1_126' title='bbox 1434 1111 1644 1151; x_wconf 91' lang='lat' dir='ltr'><strong>elemento-</strong></span> 
     </span>
     <span class='ocr_line' id='line_1_16' title="bbox 122 1174 1644 1233; baseline 0.001 -16"><span class='ocrx_word' id='word_1_127' title='bbox 122 1191 205 1217; x_wconf 89' lang='lat' dir='ltr'><strong>rum</strong></span> <span class='ocrx_word' id='word_1_128' title='bbox 239 1176 522 1217; x_wconf 88' lang='lat' dir='ltr'><strong>similitudinem</strong></span> <span class='ocrx_word' id='word_1_129' title='bbox 562 1177 714 1232; x_wconf 87' lang='lat' dir='ltr'><strong>propria</strong></span> <span class='ocrx_word' id='word_1_130' title='bbox 753 1177 940 1218; x_wconf 91' lang='lat' dir='ltr'><strong>elementa</strong></span> <span class='ocrx_word' id='word_1_131' title='bbox 973 1174 1181 1233; x_wconf 60' lang='lat' dir='ltr'><strong>&#39;produxit3</strong></span> <span class='ocrx_word' id='word_1_132' title='bbox 1227 1193 1246 1219; x_wconf 92' lang='lat' dir='ltr'><strong>a</strong></span> <span class='ocrx_word' id='word_1_133' title='bbox 1288 1179 1424 1233; x_wconf 90' lang='lat' dir='ltr'><strong>quibus</strong></span> <span class='ocrx_word' id='word_1_134' title='bbox 1459 1179 1644 1219; x_wconf 84' lang='lat' dir='ltr'><strong>iuferiora</strong></span> 
     </span>
     <span class='ocr_line' id='line_1_17' title="bbox 123 1244 1645 1300; baseline 0.001 -16"><span class='ocrx_word' id='word_1_135' title='bbox 123 1246 216 1285; x_wconf 87' lang='lat' dir='ltr'><strong>haee</strong></span> <span class='ocrx_word' id='word_1_136' title='bbox 240 1244 413 1284; x_wconf 89' lang='lat' dir='ltr'><strong>ordinata</strong></span> <span class='ocrx_word' id='word_1_137' title='bbox 430 1277 439 1295; x_wconf 85' lang='lat'><strong>,</strong></span> <span class='ocrx_word' id='word_1_138' title='bbox 473 1245 673 1300; x_wconf 81' lang='lat' dir='ltr'><strong>superiora</strong></span> <span class='ocrx_word' id='word_1_139' title='bbox 701 1260 794 1285; x_wconf 88' lang='lat' dir='ltr'><strong>vero</strong></span> <span class='ocrx_word' id='word_1_140' title='bbox 816 1247 943 1300; x_wconf 84' lang='lat' dir='ltr'><strong>genita</strong></span> <span class='ocrx_word' id='word_1_141' title='bbox 966 1260 1053 1287; x_wconf 88' lang='lat' dir='ltr'><strong>esse</strong></span> <span class='ocrx_word' id='word_1_142' title='bbox 1077 1247 1241 1288; x_wconf 82' lang='lat' dir='ltr'><strong>censuit.</strong></span> <span class='ocrx_word' id='word_1_143' title='bbox 1303 1247 1422 1287; x_wconf 86' lang='lat' dir='ltr'><strong>Addit</strong></span> <span class='ocrx_word' id='word_1_144' title='bbox 1444 1261 1538 1287; x_wconf 90' lang='lat' dir='ltr'><strong>vero</strong></span> <span class='ocrx_word' id='word_1_145' title='bbox 1561 1247 1645 1287; x_wconf 92' lang='lat' dir='ltr'><strong>lite-</strong></span> 
     </span>
     <span class='ocr_line' id='line_1_18' title="bbox 120 1312 1641 1371; baseline 0.001 -19"><span class='ocrx_word' id='word_1_146' title='bbox 120 1327 222 1363; x_wconf 91' lang='lat' dir='ltr'><strong>ram,</strong></span> <span class='ocrx_word' id='word_1_147' title='bbox 258 1312 365 1353; x_wconf 89' lang='lat' dir='ltr'><strong>cuius</strong></span> <span class='ocrx_word' id='word_1_148' title='bbox 387 1327 505 1353; x_wconf 89' lang='lat' dir='ltr'><strong>sonus</strong></span> <span class='ocrx_word' id='word_1_149' title='bbox 531 1327 667 1353; x_wconf 88' lang='lat' dir='ltr'><strong>sonum</strong></span> <span class='ocrx_word' id='word_1_150' title='bbox 694 1313 795 1354; x_wconf 84' lang='lat' dir='ltr'><strong>infra</strong></span> <span class='ocrx_word' id='word_1_151' title='bbox 820 1315 1150 1369; x_wconf 85' lang='lat' dir='ltr'><strong>consequebatur,</strong></span> <span class='ocrx_word' id='word_1_152' title='bbox 1184 1330 1205 1356; x_wconf 91' lang='lat' dir='ltr'><strong>a</strong></span> <span class='ocrx_word' id='word_1_153' title='bbox 1230 1316 1374 1371; x_wconf 81' lang='lat' dir='ltr'><strong>syllaba</strong></span> <span class='ocrx_word' id='word_1_154' title='bbox 1398 1330 1465 1356; x_wconf 89' lang='lat' dir='ltr'><strong>sua</strong></span> <span class='ocrx_word' id='word_1_155' title='bbox 1490 1330 1641 1356; x_wconf 88' lang='lat' dir='ltr'><strong>sursum</strong></span> 
     </span>
     <span class='ocr_line' id='line_1_19' title="bbox 121 1381 1643 1439; baseline 0.001 -18"><span class='ocrx_word' id='word_1_156' title='bbox 121 1388 292 1421; x_wconf 83' lang='lat' dir='ltr'><strong>evectam</strong></span> <span class='ocrx_word' id='word_1_157' title='bbox 321 1381 365 1420; x_wconf 93' lang='lat' dir='ltr'><strong>ad</strong></span> <span class='ocrx_word' id='word_1_158' title='bbox 393 1381 614 1421; x_wconf 89' lang='lat' dir='ltr'><strong>universum</strong></span> <span class='ocrx_word' id='word_1_159' title='bbox 643 1382 897 1436; x_wconf 79' lang='lat' dir='ltr'><strong>explendum3</strong></span> <span class='ocrx_word' id='word_1_160' title='bbox 942 1397 1076 1423; x_wconf 90' lang='lat' dir='ltr'><strong>sonum</strong></span> <span class='ocrx_word' id='word_1_161' title='bbox 1105 1391 1229 1423; x_wconf 88' lang='lat' dir='ltr'><strong>autem</strong></span> <span class='ocrx_word' id='word_1_162' title='bbox 1258 1385 1379 1439; x_wconf 84' lang='lat' dir='ltr'><strong>ipsum</strong></span> <span class='ocrx_word' id='word_1_163' title='bbox 1408 1384 1514 1424; x_wconf 84' lang='lat' dir='ltr'><strong>velut</strong></span> <span class='ocrx_word' id='word_1_164' title='bbox 1540 1384 1643 1424; x_wconf 81' lang='lat' dir='ltr'><strong>foras</strong></span> 
     </span>
     <span class='ocr_line' id='line_1_20' title="bbox 120 1448 1644 1506; baseline 0.003 -19"><span class='ocrx_word' id='word_1_165' title='bbox 120 1448 308 1488; x_wconf 87' lang='lat' dir='ltr'><strong>abiectum</strong></span> <span class='ocrx_word' id='word_1_166' title='bbox 337 1448 375 1488; x_wconf 89' lang='lat' dir='ltr'><strong>in</strong></span> <span class='ocrx_word' id='word_1_167' title='bbox 402 1449 648 1489; x_wconf 73' lang='lat' dir='ltr'><strong>inferioribus</strong></span> <span class='ocrx_word' id='word_1_168' title='bbox 678 1449 865 1490; x_wconf 80' lang='lat' dir='ltr'><strong>haesisse.</strong></span> <span class='ocrx_word' id='word_1_169' title='bbox 927 1449 1170 1491; x_wconf 87' lang='lat' dir='ltr'><strong>Elemeutum</strong></span> <span class='ocrx_word' id='word_1_170' title='bbox 1197 1466 1335 1506; x_wconf 89' lang='lat' dir='ltr'><strong>porro,</strong></span> <span class='ocrx_word' id='word_1_171' title='bbox 1379 1452 1486 1492; x_wconf 87' lang='lat' dir='ltr'><strong>euius</strong></span> <span class='ocrx_word' id='word_1_172' title='bbox 1512 1451 1576 1491; x_wconf 84' lang='lat' dir='ltr'><strong>illa</strong></span> <span class='ocrx_word' id='word_1_173' title='bbox 1600 1452 1644 1491; x_wconf 92' lang='lat' dir='ltr'><strong>li-</strong></span> 
     </span>
     <span class='ocr_line' id='line_1_21' title="bbox 119 1518 1643 1574; baseline 0.002 -18"><span class='ocrx_word' id='word_1_174' title='bbox 119 1523 198 1556; x_wconf 87' lang='lat' dir='ltr'><strong>tera</strong></span> <span class='ocrx_word' id='word_1_175' title='bbox 230 1523 310 1566; x_wconf 90' lang='lat' dir='ltr'><strong>est,</strong></span> <span class='ocrx_word' id='word_1_176' title='bbox 355 1531 438 1556; x_wconf 80' lang='lat' dir='ltr'><strong>cum</strong></span> <span class='ocrx_word' id='word_1_177' title='bbox 469 1518 782 1571; x_wconf 83' lang='lat' dir='ltr'><strong>pronuntiatione</strong></span> <span class='ocrx_word' id='word_1_178' title='bbox 815 1531 884 1558; x_wconf 87' lang='lat' dir='ltr'><strong>sua</strong></span> <span class='ocrx_word' id='word_1_179' title='bbox 913 1519 1090 1559; x_wconf 86' lang='lat' dir='ltr'><strong>deorsum</strong></span> <span class='ocrx_word' id='word_1_180' title='bbox 1117 1520 1339 1569; x_wconf 86' lang='lat' dir='ltr'><strong>descendit,</strong></span> <span class='ocrx_word' id='word_1_181' title='bbox 1383 1520 1494 1574; x_wconf 87' lang='lat' dir='ltr'><strong>idque</strong></span> <span class='ocrx_word' id='word_1_182' title='bbox 1521 1520 1643 1559; x_wconf 91' lang='lat' dir='ltr'><strong>literis</strong></span> 
     </span>
     <span class='ocr_line' id='line_1_22' title="bbox 118 1585 1644 1642; baseline 0.003 -18"><span class='ocrx_word' id='word_1_183' title='bbox 118 1591 297 1624; x_wconf 87' lang='lat' dir='ltr'><strong>constare</strong></span> <span class='ocrx_word' id='word_1_184' title='bbox 323 1585 479 1625; x_wconf 85' lang='lat' dir='ltr'><strong>tricenis</strong></span> <span class='ocrx_word' id='word_1_185' title='bbox 504 1585 666 1636; x_wconf 86' lang='lat' dir='ltr'><strong>asserit,</strong></span> <span class='ocrx_word' id='word_1_186' title='bbox 702 1600 858 1639; x_wconf 87' lang='lat' dir='ltr'><strong>quarum</strong></span> <span class='ocrx_word' id='word_1_187' title='bbox 886 1587 1058 1640; x_wconf 85' lang='lat' dir='ltr'><strong>singulae</strong></span> <span class='ocrx_word' id='word_1_188' title='bbox 1082 1586 1174 1627; x_wconf 87' lang='lat' dir='ltr'><strong>alias</strong></span> <span class='ocrx_word' id='word_1_189' title='bbox 1197 1588 1234 1627; x_wconf 90' lang='lat' dir='ltr'><strong>in</strong></span> <span class='ocrx_word' id='word_1_190' title='bbox 1259 1602 1300 1628; x_wconf 89' lang='lat' dir='ltr'><strong>se</strong></span> <span class='ocrx_word' id='word_1_191' title='bbox 1324 1588 1455 1628; x_wconf 88' lang='lat' dir='ltr'><strong>literas</strong></span> <span class='ocrx_word' id='word_1_192' title='bbox 1478 1589 1644 1642; x_wconf 89' lang='lat' dir='ltr'><strong>comple-</strong></span> 
     </span>
     <span class='ocr_line' id='line_1_23' title="bbox 117 1653 1644 1710; baseline 0.003 -18"><span class='ocrx_word' id='word_1_193' title='bbox 117 1667 194 1693; x_wconf 89' lang='lat' dir='ltr'><strong>xae</strong></span> <span class='ocrx_word' id='word_1_194' title='bbox 221 1653 318 1704; x_wconf 90' lang='lat' dir='ltr'><strong>sint,</strong></span> <span class='ocrx_word' id='word_1_195' title='bbox 354 1653 489 1707; x_wconf 86' lang='lat' dir='ltr'><strong>quibus</strong></span> <span class='ocrx_word' id='word_1_196' title='bbox 512 1654 645 1693; x_wconf 87' lang='lat' dir='ltr'><strong>literae</strong></span> <span class='ocrx_word' id='word_1_197' title='bbox 669 1668 807 1693; x_wconf 89' lang='lat' dir='ltr'><strong>nomen</strong></span> <span class='ocrx_word' id='word_1_198' title='bbox 833 1655 1058 1709; x_wconf 88' lang='lat' dir='ltr'><strong>appelletur.</strong></span> <span class='ocrx_word' id='word_1_199' title='bbox 1121 1654 1364 1710; x_wconf 87' lang='lat' dir='ltr'><strong>Easdemque</strong></span> <span class='ocrx_word' id='word_1_200' title='bbox 1387 1670 1538 1696; x_wconf 89' lang='lat' dir='ltr'><strong>rursum</strong></span> <span class='ocrx_word' id='word_1_201' title='bbox 1561 1657 1644 1697; x_wconf 91' lang='lat' dir='ltr'><strong>lite-</strong></span> 
     </span>
     <span class='ocr_line' id='line_1_24' title="bbox 117 1720 1645 1779; baseline 0.002 -18"><span class='ocrx_word' id='word_1_202' title='bbox 117 1734 180 1761; x_wconf 86' lang='lat' dir='ltr'><strong>ras</strong></span> <span class='ocrx_word' id='word_1_203' title='bbox 205 1720 288 1760; x_wconf 90' lang='lat' dir='ltr'><strong>aliis</strong></span> <span class='ocrx_word' id='word_1_204' title='bbox 313 1721 501 1761; x_wconf 89' lang='lat' dir='ltr'><strong>nominari</strong></span> <span class='ocrx_word' id='word_1_205' title='bbox 527 1722 664 1771; x_wconf 89' lang='lat' dir='ltr'><strong>literis,</strong></span> <span class='ocrx_word' id='word_1_206' title='bbox 699 1736 795 1775; x_wconf 87' lang='lat' dir='ltr'><strong>quae</strong></span> <span class='ocrx_word' id='word_1_207' title='bbox 820 1722 956 1763; x_wconf 91' lang='lat' dir='ltr'><strong>iterum</strong></span> <span class='ocrx_word' id='word_1_208' title='bbox 981 1723 1065 1763; x_wconf 91' lang='lat' dir='ltr'><strong>aliis</strong></span> <span class='ocrx_word' id='word_1_209' title='bbox 1094 1731 1131 1763; x_wconf 86' lang='lat' dir='ltr'><strong>et</strong></span> <span class='ocrx_word' id='word_1_210' title='bbox 1155 1724 1261 1778; x_wconf 87' lang='lat' dir='ltr'><strong>ipsae</strong></span> <span class='ocrx_word' id='word_1_211' title='bbox 1287 1731 1570 1779; x_wconf 86' lang='lat' dir='ltr'><strong>nuncupentur,</strong></span> <span class='ocrx_word' id='word_1_212' title='bbox 1606 1733 1645 1764; x_wconf 93' lang='lat' dir='ltr'><strong>ut</strong></span> 
     </span>
     <span class='ocr_line' id='line_1_25' title="bbox 116 1788 1644 1846; baseline 0.003 -18"><span class='ocrx_word' id='word_1_213' title='bbox 116 1788 155 1828; x_wconf 90' lang='lat' dir='ltr'><strong>in</strong></span> <span class='ocrx_word' id='word_1_214' title='bbox 181 1788 366 1828; x_wconf 85' lang='lat' dir='ltr'><strong>infinitum</strong></span> <span class='ocrx_word' id='word_1_215' title='bbox 395 1789 457 1830; x_wconf 91' lang='lat' dir='ltr'><strong>illa</strong></span> <span class='ocrx_word' id='word_1_216' title='bbox 484 1790 680 1830; x_wconf 88' lang='lat' dir='ltr'><strong>literarum</strong></span> <span class='ocrx_word' id='word_1_217' title='bbox 713 1790 911 1831; x_wconf 88' lang='lat' dir='ltr'><strong>multitudo</strong></span> <span class='ocrx_word' id='word_1_218' title='bbox 942 1792 1137 1846; x_wconf 87' lang='lat' dir='ltr'><strong>procedat.</strong></span> <span class='ocrx_word' id='word_1_219' title='bbox 1201 1791 1312 1846; x_wconf 80' lang='lat' dir='ltr'><strong>Quae</strong></span> <span class='ocrx_word' id='word_1_220' title='bbox 1341 1793 1469 1833; x_wconf 86' lang='lat' dir='ltr'><strong>omnia</strong></span> <span class='ocrx_word' id='word_1_221' title='bbox 1495 1793 1644 1833; x_wconf 87' lang='lat' dir='ltr'><strong>facilius</strong></span> 
     </span>
     <span class='ocr_line' id='line_1_26' title="bbox 118 1856 567 1913; baseline 0.002 -17"><span class='ocrx_word' id='word_1_222' title='bbox 118 1856 188 1896; x_wconf 87' lang='lat' dir='ltr'><strong>hoe</strong></span> <span class='ocrx_word' id='word_1_223' title='bbox 219 1857 331 1896; x_wconf 92' lang='lat' dir='ltr'><strong>modo</strong></span> <span class='ocrx_word' id='word_1_224' title='bbox 364 1857 567 1913; x_wconf 84' lang='lat' dir='ltr'><strong>percipies.</strong></span> 
     </span>
    </p>

    <p class='ocr_par' dir='ltr' id='par_1_6' title="bbox 114 1923 1642 2323">
     <span class='ocr_line' id='line_1_27' title="bbox 228 1923 1639 1982; baseline 0.004 -18"><span class='ocrx_word' id='word_1_225' title='bbox 228 1923 471 1965; x_wconf 88' lang='lat' dir='ltr'><strong>Elementum</strong></span> <span class='ocrx_word' id='word_1_226' title='bbox 499 1926 598 1965; x_wconf 93' lang='lat' dir='ltr'><strong>delta</strong></span> <span class='ocrx_word' id='word_1_227' title='bbox 627 1926 793 1980; x_wconf 85' lang='lat' dir='ltr'><strong>quinque</strong></span> <span class='ocrx_word' id='word_1_228' title='bbox 817 1927 948 1982; x_wconf 73' lang='lat' dir='ltr'><strong>literas</strong></span> <span class='ocrx_word' id='word_1_229' title='bbox 974 1927 1167 1978; x_wconf 88' lang='lat' dir='ltr'><strong>continet,</strong></span> <span class='ocrx_word' id='word_1_230' title='bbox 1202 1928 1379 1969; x_wconf 89' lang='lat' dir='ltr'><strong>nimirum</strong></span> <span class='ocrx_word' id='word_1_231' title='bbox 1406 1928 1463 1979; x_wconf 89' lang='lat' dir='ltr'><strong>D,</strong></span> <span class='ocrx_word' id='word_1_232' title='bbox 1498 1928 1555 1980; x_wconf 86' lang='lat' dir='ltr'><strong>E,</strong></span> <span class='ocrx_word' id='word_1_233' title='bbox 1589 1929 1639 1980; x_wconf 88' lang='lat' dir='ltr'><strong>L,</strong></span> 
     </span>
     <span class='ocr_line' id='line_1_28' title="bbox 118 1991 1642 2048; baseline 0.005 -17"><span class='ocrx_word' id='word_1_234' title='bbox 118 1991 171 2042; x_wconf 89' lang='lat' dir='ltr'><strong>T,</strong></span> <span class='ocrx_word' id='word_1_235' title='bbox 207 1992 258 2032; x_wconf 88' lang='lat' dir='ltr'><strong>A.</strong></span> <span class='ocrx_word' id='word_1_236' title='bbox 322 1991 432 2046; x_wconf 80' lang='lat' dir='ltr'><strong>Quae</strong></span> <span class='ocrx_word' id='word_1_237' title='bbox 458 1994 592 2033; x_wconf 85' lang='lat' dir='ltr'><strong>literae</strong></span> <span class='ocrx_word' id='word_1_238' title='bbox 616 1993 700 2033; x_wconf 88' lang='lat' dir='ltr'><strong>atiis</strong></span> <span class='ocrx_word' id='word_1_239' title='bbox 722 1993 880 2048; x_wconf 85' lang='lat' dir='ltr'><strong>insuper</strong></span> <span class='ocrx_word' id='word_1_240' title='bbox 903 1995 1022 2035; x_wconf 90' lang='lat' dir='ltr'><strong>literis</strong></span> <span class='ocrx_word' id='word_1_241' title='bbox 1046 1996 1281 2047; x_wconf 89' lang='lat' dir='ltr'><strong>scribuntur,</strong></span> <span class='ocrx_word' id='word_1_242' title='bbox 1317 2004 1352 2036; x_wconf 86' lang='lat' dir='ltr'><strong>et</strong></span> <span class='ocrx_word' id='word_1_243' title='bbox 1379 1997 1447 2037; x_wconf 80' lang='lat' dir='ltr'><strong>liae</strong></span> <span class='ocrx_word' id='word_1_244' title='bbox 1471 1997 1642 2038; x_wconf 89' lang='lat' dir='ltr'><strong>vicissim</strong></span> 
     </span>
     <span class='ocr_line' id='line_1_29' title="bbox 115 2059 1640 2116; baseline 0.004 -17"><span class='ocrx_word' id='word_1_245' title='bbox 115 2060 214 2101; x_wconf 90' lang='lat' dir='ltr'><strong>aliis.</strong></span> <span class='ocrx_word' id='word_1_246' title='bbox 277 2059 399 2115; x_wconf 80' lang='lat' dir='ltr'><strong>Igitur</strong></span> <span class='ocrx_word' id='word_1_247' title='bbox 423 2061 455 2101; x_wconf 91' lang='lat' dir='ltr'><strong>si</strong></span> <span class='ocrx_word' id='word_1_248' title='bbox 480 2061 538 2112; x_wconf 91' lang='lat' dir='ltr'><strong>id,</strong></span> <span class='ocrx_word' id='word_1_249' title='bbox 571 2060 609 2100; x_wconf 91' lang='lat' dir='ltr'><strong>in</strong></span> <span class='ocrx_word' id='word_1_250' title='bbox 635 2076 708 2115; x_wconf 87' lang='lat' dir='ltr'><strong>quo</strong></span> <span class='ocrx_word' id='word_1_251' title='bbox 734 2062 852 2116; x_wconf 85' lang='lat' dir='ltr'><strong>ipsius</strong></span> <span class='ocrx_word' id='word_1_252' title='bbox 879 2063 977 2103; x_wconf 88' lang='lat' dir='ltr'><strong>delta</strong></span> <span class='ocrx_word' id='word_1_253' title='bbox 1003 2071 1137 2104; x_wconf 88' lang='lat' dir='ltr'><strong>natura</strong></span> <span class='ocrx_word' id='word_1_254' title='bbox 1160 2064 1359 2116; x_wconf 87' lang='lat' dir='ltr'><strong>consistit,</strong></span> <span class='ocrx_word' id='word_1_255' title='bbox 1393 2065 1430 2105; x_wconf 91' lang='lat' dir='ltr'><strong>in</strong></span> <span class='ocrx_word' id='word_1_256' title='bbox 1454 2065 1640 2105; x_wconf 86' lang='lat' dir='ltr'><strong>inlinitum</strong></span> 
     </span>
     <span class='ocr_line' id='line_1_30' title="bbox 116 2129 1641 2188; baseline 0.003 -20"><span class='ocrx_word' id='word_1_257' title='bbox 116 2129 311 2179; x_wconf 88' lang='lat' dir='ltr'><strong>excurrit,</strong></span> <span class='ocrx_word' id='word_1_258' title='bbox 346 2136 383 2169; x_wconf 82' lang='lat' dir='ltr'><strong>et</strong></span> <span class='ocrx_word' id='word_1_259' title='bbox 407 2129 452 2168; x_wconf 90' lang='lat' dir='ltr'><strong>ab</strong></span> <span class='ocrx_word' id='word_1_260' title='bbox 479 2129 562 2168; x_wconf 87' lang='lat' dir='ltr'><strong>aliis</strong></span> <span class='ocrx_word' id='word_1_261' title='bbox 587 2130 658 2169; x_wconf 90' lang='lat' dir='ltr'><strong>alia</strong></span> <span class='ocrx_word' id='word_1_262' title='bbox 681 2139 939 2184; x_wconf 85' lang='lat' dir='ltr'><strong>propagantur</strong></span> <span class='ocrx_word' id='word_1_263' title='bbox 963 2131 1205 2187; x_wconf 88' lang='lat' dir='ltr'><strong>invicemque</strong></span> <span class='ocrx_word' id='word_1_264' title='bbox 1232 2134 1465 2183; x_wconf 85' lang='lat' dir='ltr'><strong>succedunt,</strong></span> <span class='ocrx_word' id='word_1_265' title='bbox 1499 2141 1641 2188; x_wconf 85' lang='lat' dir='ltr'><strong>quanto</strong></span> 
     </span>
     <span class='ocr_line' id='line_1_31' title="bbox 114 2197 1639 2256; baseline 0.003 -20"><span class='ocrx_word' id='word_1_266' title='bbox 114 2197 236 2250; x_wconf 84' lang='lat' dir='ltr'><strong>magis</strong></span> <span class='ocrx_word' id='word_1_267' title='bbox 262 2197 461 2251; x_wconf 90' lang='lat' dir='ltr'><strong>ipsiusmet.</strong></span> <span class='ocrx_word' id='word_1_268' title='bbox 488 2197 665 2236; x_wconf 85' lang='lat' dir='ltr'><strong>elementi</strong></span> <span class='ocrx_word' id='word_1_269' title='bbox 694 2198 814 2238; x_wconf 85' lang='lat' dir='ltr'><strong>maius</strong></span> <span class='ocrx_word' id='word_1_270' title='bbox 842 2199 915 2239; x_wconf 91' lang='lat' dir='ltr'><strong>erit</strong></span> <span class='ocrx_word' id='word_1_271' title='bbox 937 2199 1134 2240; x_wconf 86' lang='lat' dir='ltr'><strong>literarum</strong></span> <span class='ocrx_word' id='word_1_272' title='bbox 1162 2201 1267 2242; x_wconf 87' lang='lat' dir='ltr'><strong>velut</strong></span> <span class='ocrx_word' id='word_1_273' title='bbox 1289 2202 1474 2256; x_wconf 84' lang='lat' dir='ltr'><strong>pelagus?</strong></span> <span class='ocrx_word' id='word_1_274' title='bbox 1534 2201 1585 2241; x_wconf 85' lang='lat' dir='ltr'><strong>Et</strong></span> <span class='ocrx_word' id='word_1_275' title='bbox 1609 2202 1639 2241; x_wconf 89' lang='lat' dir='ltr'><strong>si</strong></span> 
     </span>
     <span class='ocr_line' id='line_1_32' title="bbox 115 2265 1640 2323; baseline 0.003 -19"><span class='ocrx_word' id='word_1_276' title='bbox 115 2265 209 2305; x_wconf 89' lang='lat' dir='ltr'><strong>adeo</strong></span> <span class='ocrx_word' id='word_1_277' title='bbox 235 2265 380 2305; x_wconf 81' lang='lat' dir='ltr'><strong>infinita</strong></span> <span class='ocrx_word' id='word_1_278' title='bbox 412 2265 462 2305; x_wconf 91' lang='lat' dir='ltr'><strong>sit</strong></span> <span class='ocrx_word' id='word_1_279' title='bbox 489 2279 560 2304; x_wconf 91' lang='lat' dir='ltr'><strong>una</strong></span> <span class='ocrx_word' id='word_1_280' title='bbox 587 2266 776 2306; x_wconf 84' lang='lat' dir='ltr'><strong>duntaxat</strong></span> <span class='ocrx_word' id='word_1_281' title='bbox 801 2266 936 2319; x_wconf 88' lang='lat' dir='ltr'><strong>litera,</strong></span> <span class='ocrx_word' id='word_1_282' title='bbox 982 2269 1069 2308; x_wconf 93' lang='lat' dir='ltr'><strong>vide</strong></span> <span class='ocrx_word' id='word_1_283' title='bbox 1096 2269 1212 2310; x_wconf 90' lang='lat' dir='ltr'><strong>totius</strong></span> <span class='ocrx_word' id='word_1_284' title='bbox 1242 2270 1407 2310; x_wconf 88' lang='lat' dir='ltr'><strong>nominis</strong></span> <span class='ocrx_word' id='word_1_285' title='bbox 1434 2284 1544 2323; x_wconf 90' lang='lat' dir='ltr'><strong>quam</strong></span> <span class='ocrx_word' id='word_1_286' title='bbox 1570 2270 1640 2310; x_wconf 93' lang='lat' dir='ltr'><strong>im-</strong></span> 
     </span>
    </p>
   </div>
   <div class='ocr_carea' id='block_1_6' title="bbox 111 2387 1643 2486">
    <p class='ocr_par' dir='ltr' id='par_1_7' title="bbox 111 2387 1625 2475">
     <span class='ocr_line' id='line_1_33' title="bbox 114 2387 1217 2430; baseline 0.005 -9"><span class='ocrx_word' id='word_1_287' title='bbox 114 2393 162 2421; x_wconf 82' lang='lat' dir='ltr'><strong>tur</strong></span> <span class='ocrx_word' id='word_1_288' title='bbox 193 2393 260 2430; x_wconf 76' lang='lat' dir='ltr'><strong>post</strong></span> <span class='ocrx_word' id='word_1_289' title='bbox 293 2387 373 2423; x_wconf 71' lang='grc' dir='ltr'><strong>αὐτὸ</strong></span> <span class='ocrx_word' id='word_1_290' title='bbox 409 2391 539 2430; x_wconf 80' lang='lat' dir='ltr'><strong>addita,</strong></span> <span class='ocrx_word' id='word_1_291' title='bbox 576 2400 644 2421; x_wconf 83' lang='lat' dir='ltr'><strong>cum</strong></span> <span class='ocrx_word' id='word_1_292' title='bbox 678 2394 857 2424; x_wconf 78' lang='lat' dir='ltr'><strong>sententiam</strong></span> <span class='ocrx_word' id='word_1_293' title='bbox 901 2396 1020 2427; x_wconf 83' lang='lat' dir='ltr'><strong>Irenaei</strong></span> <span class='ocrx_word' id='word_1_294' title='bbox 1043 2397 1217 2427; x_wconf 80' lang='lat' dir='ltr'><strong>editoribus.</strong></span> 
     </span>
     <span class='ocr_line' id='line_1_34' title="bbox 111 2437 1643 2486; baseline 0.004 -20"><span class='ocrx_word' id='word_1_295' title='bbox 111 2445 239 2475; x_wconf 84' lang='lat' dir='ltr'><strong>prorsus</strong></span> <span class='ocrx_word' id='word_1_296' title='bbox 268 2437 441 2475; x_wconf 78' lang='lat' dir='ltr'><strong>perturbent</strong></span> <span class='ocrx_word' id='word_1_297' title='bbox 470 2437 721 2475; x_wconf 80' lang='lat' dir='ltr'><strong>9rauissimisque</strong></span> <span class='ocrx_word' id='word_1_298' title='bbox 753 2440 1071 2472; x_wconf 70' lang='lat' dir='ltr'><strong>viote12-)Q.Ex</strong></span> <span class='ocrx_word' id='word_1_299' title='bbox 1096 2443 1237 2472; x_wconf 85' lang='lat' dir='ltr'><strong>Pseudo·</strong></span> <span class='ocrx_word' id='word_1_300' title='bbox 1251 2443 1378 2486; x_wconf 75' lang='lat' dir='ltr'><strong>Oriqene</strong></span> <span class='ocrx_word' id='word_1_301' title='bbox 1411 2444 1437 2472; x_wconf 81' lang='lat' dir='ltr'><strong>et</strong></span> <span class='ocrx_word' id='word_1_302' title='bbox 1465 2442 1524 2472; x_wconf 86' lang='lat' dir='ltr'><strong>Vet.</strong></span> <span class='ocrx_word' id='word_1_303' title='bbox 1547 2442 1643 2473; x_wconf 82' lang='lat' dir='ltr'><strong>Inter</strong></span> 
     </span>
    </p>
   </div>
   <div class='ocr_carea' id='block_1_7' title="bbox 113 2482 854 3065">
    <p class='ocr_par' dir='ltr' id='par_1_8' title="bbox 114 2482 853 2566">
     <span class='ocr_line' id='line_1_35' title="bbox 114 2482 853 2520; baseline 0.001 -8"><span class='ocrx_word' id='word_1_304' title='bbox 114 2484 163 2512; x_wconf 85' lang='lat' dir='ltr'><strong>tur</strong></span> <span class='ocrx_word' id='word_1_305' title='bbox 184 2483 374 2520; x_wconf 83' lang='lat' dir='ltr'><strong>9lossematis</strong></span> <span class='ocrx_word' id='word_1_306' title='bbox 395 2482 538 2520; x_wconf 83' lang='lat' dir='ltr'><strong>indiciis,</strong></span> <span class='ocrx_word' id='word_1_307' title='bbox 574 2483 666 2520; x_wconf 84' lang='lat' dir='ltr'><strong>plane</strong></span> <span class='ocrx_word' id='word_1_308' title='bbox 689 2483 775 2513; x_wconf 81' lang='lat' dir='ltr'><strong>vides</strong></span> <span class='ocrx_word' id='word_1_309' title='bbox 801 2484 853 2514; x_wconf 88' lang='lat' dir='ltr'><strong>de-</strong></span> 
     </span>
     <span class='ocr_line' id='line_1_36' title="bbox 114 2526 331 2566; baseline 0 -9"><span class='ocrx_word' id='word_1_310' title='bbox 114 2526 205 2557; x_wconf 85' lang='lat' dir='ltr'><strong>lenda</strong></span> <span class='ocrx_word' id='word_1_311' title='bbox 228 2527 331 2566; x_wconf 73' lang='lat' dir='ltr'><strong>fuisse.</strong></span> 
     </span>
    </p>

    <p class='ocr_par' dir='ltr' id='par_1_9' title="bbox 114 2570 853 2739">
     <span class='ocr_line' id='line_1_37' title="bbox 158 2570 853 2612; baseline 0.003 -10"><span class='ocrx_word' id='word_1_312' title='bbox 158 2570 213 2603; x_wconf 75' lang='lat'><strong>26.</strong></span> <span class='ocrx_word' id='word_1_313' title='bbox 244 2570 336 2604; x_wconf 80' lang='grc' dir='ltr'>κάτω</span> <span class='ocrx_word' id='word_1_314' title='bbox 371 2574 448 2602; x_wconf 81' lang='lat' dir='ltr'><strong>recte</strong></span> <span class='ocrx_word' id='word_1_315' title='bbox 481 2573 674 2602; x_wconf 79' lang='lat' dir='ltr'><strong>restituerunt</strong></span> <span class='ocrx_word' id='word_1_316' title='bbox 710 2574 853 2612; x_wconf 84' lang='lat' dir='ltr'><strong>Grabius,</strong></span> 
     </span>
     <span class='ocr_line' id='line_1_38' title="bbox 114 2615 853 2656; baseline 0.005 -10"><span class='ocrx_word' id='word_1_317' title='bbox 114 2617 238 2656; x_wconf 83' lang='lat' dir='ltr'><strong>aliique,</strong></span> <span class='ocrx_word' id='word_1_318' title='bbox 260 2626 317 2656; x_wconf 81' lang='lat' dir='ltr'><strong>pro</strong></span> <span class='ocrx_word' id='word_1_319' title='bbox 336 2619 465 2656; x_wconf 71' lang='lat' dir='ltr'><strong>vulyata</strong></span> <span class='ocrx_word' id='word_1_320' title='bbox 485 2618 638 2656; x_wconf 82' lang='lat' dir='ltr'><strong>scriptura</strong></span> <span class='ocrx_word' id='word_1_321' title='bbox 660 2615 716 2649; x_wconf 70' lang='grc' dir='ltr'><strong>καὶ</strong></span> <span class='ocrx_word' id='word_1_322' title='bbox 732 2615 781 2650; x_wconf 80' lang='grc' dir='ltr'><strong>τὸ.</strong></span> <span class='ocrx_word' id='word_1_323' title='bbox 816 2620 853 2649; x_wconf 82' lang='lat' dir='ltr'><strong>Et</strong></span> 
     </span>
     <span class='ocr_line' id='line_1_39' title="bbox 119 2661 852 2701; baseline 0.004 -10"><span class='ocrx_word' id='word_1_324' title='bbox 119 2662 176 2692; x_wconf 79' lang='lat' dir='ltr'><strong>Vet.</strong></span> <span class='ocrx_word' id='word_1_325' title='bbox 191 2663 339 2701; x_wconf 81' lang='lat' dir='ltr'><strong>Interpres</strong></span> <span class='ocrx_word' id='word_1_326' title='bbox 359 2663 447 2692; x_wconf 78' lang='lat' dir='ltr'><strong>habet</strong></span> <span class='ocrx_word' id='word_1_327' title='bbox 466 2661 626 2692; x_wconf 80' lang='lat' dir='ltr'><strong>deorsum.</strong></span> <span class='ocrx_word' id='word_1_328' title='bbox 660 2664 693 2693; x_wconf 88' lang='grc' dir='ltr'><strong>Ιη</strong></span> <span class='ocrx_word' id='word_1_329' title='bbox 712 2664 778 2693; x_wconf 88' lang='lat' dir='ltr'><strong>cod.</strong></span> <span class='ocrx_word' id='word_1_330' title='bbox 798 2664 852 2694; x_wconf 82' lang='lat' dir='ltr'><strong>Ve-</strong></span> 
     </span>
     <span class='ocr_line' id='line_1_40' title="bbox 114 2706 448 2739; baseline 0.009 -3"><span class='ocrx_word' id='word_1_331' title='bbox 114 2709 180 2737; x_wconf 81' lang='lat' dir='ltr'><strong>neto</strong></span> <span class='ocrx_word' id='word_1_332' title='bbox 205 2710 286 2738; x_wconf 80' lang='lat' dir='ltr'><strong>extat</strong></span> <span class='ocrx_word' id='word_1_333' title='bbox 310 2706 367 2739; x_wconf 79' lang='grc' dir='ltr'><strong>καὶ</strong></span> <span class='ocrx_word' id='word_1_334' title='bbox 389 2707 448 2739; x_wconf 79' lang='grc' dir='ltr'><strong>τῶ.</strong></span> 
     </span>
    </p>

    <p class='ocr_par' dir='ltr' id='par_1_10' title="bbox 115 2750 854 2884">
     <span class='ocr_line' id='line_1_41' title="bbox 157 2750 854 2792; baseline 0.003 -10"><span class='ocrx_word' id='word_1_335' title='bbox 157 2750 209 2784; x_wconf 80' lang='lat'><strong>27.</strong></span> <span class='ocrx_word' id='word_1_336' title='bbox 237 2753 283 2783; x_wconf 86' lang='lat' dir='ltr'><strong>Ita</strong></span> <span class='ocrx_word' id='word_1_337' title='bbox 307 2753 518 2791; x_wconf 73' lang='lat' dir='ltr'><strong>corriyendum</strong></span> <span class='ocrx_word' id='word_1_338' title='bbox 542 2756 624 2791; x_wconf 77' lang='lat' dir='ltr'><strong>erat,</strong></span> <span class='ocrx_word' id='word_1_339' title='bbox 658 2762 711 2783; x_wconf 78' lang='lat' dir='ltr'><strong>nec</strong></span> <span class='ocrx_word' id='word_1_340' title='bbox 732 2756 854 2792; x_wconf 79' lang='lat' dir='ltr'><strong>praeter</strong></span> 
     </span>
     <span class='ocr_line' id='line_1_42' title="bbox 115 2797 850 2837; baseline 0.004 -12"><span class='ocrx_word' id='word_1_341' title='bbox 115 2798 324 2827; x_wconf 73' lang='lat' dir='ltr'><strong>auctoritatem</strong></span> <span class='ocrx_word' id='word_1_342' title='bbox 344 2799 403 2828; x_wconf 78' lang='lat' dir='ltr'><strong>Vet.</strong></span> <span class='ocrx_word' id='word_1_343' title='bbox 422 2799 604 2837; x_wconf 75' lang='lat' dir='ltr'><strong>1nterpretz&#39;s,</strong></span> <span class='ocrx_word' id='word_1_344' title='bbox 623 2800 675 2837; x_wconf 80' lang='lat' dir='ltr'><strong>qui</strong></span> <span class='ocrx_word' id='word_1_345' title='bbox 691 2800 779 2828; x_wconf 80' lang='lat' dir='ltr'><strong>vertit</strong></span> <span class='ocrx_word' id='word_1_346' title='bbox 798 2797 850 2828; x_wconf 85' lang='lat' dir='ltr'><strong>di-</strong></span> 
     </span>
     <span class='ocr_line' id='line_1_43' title="bbox 119 2838 571 2884; baseline 0.014 -15"><span class='ocrx_word' id='word_1_347' title='bbox 119 2838 171 2870; x_wconf 88' lang='lat' dir='ltr'><strong>cit.</strong></span> <span class='ocrx_word' id='word_1_348' title='bbox 217 2842 302 2873; x_wconf 79' lang='lat' dir='ltr'><strong>Libri</strong></span> <span class='ocrx_word' id='word_1_349' title='bbox 325 2843 434 2873; x_wconf 81' lang='lat' dir='ltr'><strong>habent</strong></span> <span class='ocrx_word' id='word_1_350' title='bbox 457 2841 571 2884; x_wconf 78' lang='grc' dir='ltr'>λέγειν.</span> 
     </span>
    </p>

    <p class='ocr_par' dir='ltr' id='par_1_11' title="bbox 113 2884 854 3065">
     <span class='ocr_line' id='line_1_44' title="bbox 159 2884 853 2940; baseline 0.004 -24.013"><span class='ocrx_word' id='word_1_351' title='bbox 159 2884 211 2916; x_wconf 76' lang='grc'><strong>28.</strong></span> <span class='ocrx_word' id='word_1_352' title='bbox 235 2888 281 2917; x_wconf 84' lang='lat' dir='ltr'><strong>lta</strong></span> <span class='ocrx_word' id='word_1_353' title='bbox 299 2888 431 2918; x_wconf 84' lang='lat' dir='ltr'><strong>Pseudo-</strong></span> <span class='ocrx_word' id='word_1_354' title='bbox 439 2889 660 2940; x_wconf 71' lang='lat' dir='ltr'><strong>Oriyenes.1n</strong></span> <span class='ocrx_word' id='word_1_355' title='bbox 679 2890 763 2919; x_wconf 85' lang='lat' dir='ltr'><strong>libris</strong></span> <span class='ocrx_word' id='word_1_356' title='bbox 780 2890 853 2928; x_wconf 80' lang='lat' dir='ltr'><strong>Epi-</strong></span> 
     </span>
     <span class='ocr_line' id='line_1_45' title="bbox 113 2927 853 2974; baseline 0.008 -15"><span class='ocrx_word' id='word_1_357' title='bbox 113 2930 220 2968; x_wconf 79' lang='lat' dir='ltr'><strong>phanii</strong></span> <span class='ocrx_word' id='word_1_358' title='bbox 235 2934 384 2970; x_wconf 74' lang='lat' dir='ltr'><strong>reperitur</strong></span> <span class='ocrx_word' id='word_1_359' title='bbox 399 2929 502 2970; x_wconf 85' lang='grc' dir='ltr'><strong>κάτω,</strong></span> <span class='ocrx_word' id='word_1_360' title='bbox 519 2927 536 2966; x_wconf 76' lang='grc' dir='ltr'><em>ἓ</em></span> <span class='ocrx_word' id='word_1_361' title='bbox 550 2931 764 2974; x_wconf 80' lang='grc' dir='ltr'>γραμμάτων.</span> <span class='ocrx_word' id='word_1_362' title='bbox 794 2935 853 2965; x_wconf 83' lang='lat' dir='ltr'><strong>De-</strong></span> 
     </span>
     <span class='ocr_line' id='line_1_46' title="bbox 115 2971 854 3018; baseline 0.009 -15"><span class='ocrx_word' id='word_1_363' title='bbox 115 2975 173 3004; x_wconf 78' lang='lat' dir='ltr'><strong>levi</strong></span> <span class='ocrx_word' id='word_1_364' title='bbox 194 2971 300 3007; x_wconf 86' lang='lat' dir='ltr'><strong>illud</strong></span> <span class='ocrx_word' id='word_1_365' title='bbox 293 2988 329 3018; x_wconf 89' lang='lat'><strong>0,</strong></span> <span class='ocrx_word' id='word_1_366' title='bbox 365 2979 446 3016; x_wconf 74' lang='lat' dir='ltr'><strong>quod</strong></span> <span class='ocrx_word' id='word_1_367' title='bbox 466 2987 520 3009; x_wconf 78' lang='lat' dir='ltr'><strong>nec</strong></span> <span class='ocrx_word' id='word_1_368' title='bbox 546 2979 774 3018; x_wconf 72' lang='lat' dir='ltr'><strong>tez.1nterpres</strong></span> <span class='ocrx_word' id='word_1_369' title='bbox 793 2989 854 3010; x_wconf 79' lang='lat' dir='ltr'><strong>non</strong></span> 
     </span>
     <span class='ocr_line' id='line_1_47' title="bbox 116 3023 853 3065; baseline 0.007 -15"><span class='ocrx_word' id='word_1_370' title='bbox 116 3023 271 3060; x_wconf 68' lang='grc' dir='ltr'><strong><em>αρηοεσῐι,</em></strong></span> <span class='ocrx_word' id='word_1_371' title='bbox 302 3031 370 3053; x_wconf 84' lang='lat' dir='ltr'><strong>cum</strong></span> <span class='ocrx_word' id='word_1_372' title='bbox 391 3024 522 3062; x_wconf 75' lang='lat' dir='ltr'><strong>Grebia,</strong></span> <span class='ocrx_word' id='word_1_373' title='bbox 554 3024 706 3055; x_wconf 81' lang='lat' dir='ltr'><strong>Massueto</strong></span> <span class='ocrx_word' id='word_1_374' title='bbox 726 3025 853 3065; x_wconf 79' lang='lat' dir='ltr'><strong>aliisque</strong></span> 
     </span>
    </p>
   </div>
   <div class='ocr_carea' id='block_1_8' title="bbox 896 2487 1643 2970">
    <p class='ocr_par' dir='ltr' id='par_1_12' title="bbox 896 2487 1642 2571">
     <span class='ocr_line' id='line_1_48' title="bbox 896 2487 1642 2527; baseline 0.001 -11"><span class='ocrx_word' id='word_1_375' title='bbox 896 2489 979 2524; x_wconf 81' lang='lat' dir='ltr'><strong>prete</strong></span> <span class='ocrx_word' id='word_1_376' title='bbox 999 2488 1121 2526; x_wconf 77' lang='lat' dir='ltr'><strong>reposui</strong></span> <span class='ocrx_word' id='word_1_377' title='bbox 1145 2498 1190 2518; x_wconf 83' lang='grc' dir='ltr'><strong>ων</strong></span> <span class='ocrx_word' id='word_1_378' title='bbox 1211 2497 1266 2526; x_wconf 80' lang='lat' dir='ltr'><strong>pro</strong></span> <span class='ocrx_word' id='word_1_379' title='bbox 1291 2498 1348 2527; x_wconf 80' lang='grc' dir='ltr'><strong>ου,</strong></span> <span class='ocrx_word' id='word_1_380' title='bbox 1372 2487 1453 2526; x_wconf 82' lang='lat' dir='ltr'><strong>quod</strong></span> <span class='ocrx_word' id='word_1_381' title='bbox 1476 2488 1568 2526; x_wconf 87' lang='lat' dir='ltr'><strong>vul9o</strong></span> <span class='ocrx_word' id='word_1_382' title='bbox 1589 2496 1642 2517; x_wconf 75' lang='lat' dir='ltr'><strong>ex-</strong></span> 
     </span>
     <span class='ocr_line' id='line_1_49' title="bbox 898 2533 1307 2571; baseline 0.005 -10"><span class='ocrx_word' id='word_1_383' title='bbox 898 2534 942 2561; x_wconf 80' lang='lat' dir='ltr'><strong>tat</strong></span> <span class='ocrx_word' id='word_1_384' title='bbox 966 2533 997 2563; x_wconf 83' lang='lat' dir='ltr'><strong>in</strong></span> <span class='ocrx_word' id='word_1_385' title='bbox 1021 2533 1190 2571; x_wconf 75' lang='lat' dir='ltr'><strong>Epiphanii</strong></span> <span class='ocrx_word' id='word_1_386' title='bbox 1213 2534 1307 2563; x_wconf 82' lang='lat' dir='ltr'><strong>libris</strong></span> 
     </span>
    </p>

    <p class='ocr_par' dir='ltr' id='par_1_13' title="bbox 943 2577 1424 2618">
     <span class='ocr_line' id='line_1_50' title="bbox 943 2577 1424 2618; baseline 0.004 -12"><span class='ocrx_word' id='word_1_387' title='bbox 943 2577 1004 2608; x_wconf 50' lang='lat' dir='ltr'><strong>iit!</strong></span> <span class='ocrx_word' id='word_1_388' title='bbox 1021 2588 1086 2618; x_wconf 80' lang='grc' dir='ltr'><strong>μην</strong></span> <span class='ocrx_word' id='word_1_389' title='bbox 1111 2578 1231 2609; x_wconf 77' lang='lat' dir='ltr'><strong>Pseudo</strong></span> <span class='ocrx_word' id='word_1_390' title='bbox 1244 2595 1255 2600; x_wconf 90' lang='lat'>-</span> <span class='ocrx_word' id='word_1_391' title='bbox 1271 2579 1424 2616; x_wconf 69' lang='lat' dir='ltr'><strong>Oriyenes.</strong></span> 
     </span>
    </p>

    <p class='ocr_par' dir='ltr' id='par_1_14' title="bbox 897 2619 1642 2708">
     <span class='ocr_line' id='line_1_51' title="bbox 943 2619 1642 2665; baseline 0.004 -13"><span class='ocrx_word' id='word_1_392' title='bbox 943 2621 995 2652; x_wconf 74' lang='lat'><strong>31.</strong></span> <span class='ocrx_word' id='word_1_393' title='bbox 1026 2619 1082 2655; x_wconf 75' lang='grc' dir='ltr'><strong>διὰ</strong></span> <span class='ocrx_word' id='word_1_394' title='bbox 1116 2622 1180 2655; x_wconf 75' lang='grc' dir='ltr'><strong>τῶν</strong></span> <span class='ocrx_word' id='word_1_395' title='bbox 1213 2620 1418 2665; x_wconf 81' lang='grc' dir='ltr'>γραμμάτων</span> <span class='ocrx_word' id='word_1_396' title='bbox 1461 2621 1642 2665; x_wconf 81' lang='grc' dir='ltr'>γραφέντος</span> 
     </span>
     <span class='ocr_line' id='line_1_52' title="bbox 897 2668 1207 2708; baseline 0.01 -12"><span class='ocrx_word' id='word_1_397' title='bbox 897 2668 1017 2698; x_wconf 86' lang='lat' dir='ltr'><strong>Pseudo</strong></span> <span class='ocrx_word' id='word_1_398' title='bbox 1030 2685 1041 2690; x_wconf 93' lang='lat'><em>-</em></span> <span class='ocrx_word' id='word_1_399' title='bbox 1055 2669 1207 2708; x_wconf 69' lang='lat' dir='ltr'><strong>Origenes.</strong></span> 
     </span>
    </p>

    <p class='ocr_par' dir='ltr' id='par_1_15' title="bbox 897 2711 1642 2798">
     <span class='ocr_line' id='line_1_53' title="bbox 943 2711 1642 2753; baseline 0.006 -12"><span class='ocrx_word' id='word_1_400' title='bbox 943 2711 1018 2742; x_wconf 73' lang='lat' dir='ltr'><strong>CAP.</strong></span> <span class='ocrx_word' id='word_1_401' title='bbox 1040 2713 1078 2743; x_wconf 93' lang='lat' dir='ltr'><strong>V.</strong></span> <span class='ocrx_word' id='word_1_402' title='bbox 1111 2732 1154 2737; x_wconf 87' lang='lat'><strong>—-</strong></span> <span class='ocrx_word' id='word_1_403' title='bbox 1191 2715 1218 2745; x_wconf 90' lang='lat' dir='ltr'><strong>l.</strong></span> <span class='ocrx_word' id='word_1_404' title='bbox 1252 2724 1288 2747; x_wconf 86' lang='grc' dir='ltr'><strong>τε</strong></span> <span class='ocrx_word' id='word_1_405' title='bbox 1311 2715 1465 2753; x_wconf 69' lang='lat' dir='ltr'><strong>corriyunt</strong></span> <span class='ocrx_word' id='word_1_406' title='bbox 1487 2715 1642 2752; x_wconf 72' lang='lat' dir='ltr'><strong>petavius,</strong></span> 
     </span>
     <span class='ocr_line' id='line_1_54' title="bbox 897 2758 1176 2798; baseline 0.011 -11"><span class='ocrx_word' id='word_1_407' title='bbox 897 2758 1030 2788; x_wconf 80' lang='lat' dir='ltr'><strong>Grabius</strong></span> <span class='ocrx_word' id='word_1_408' title='bbox 1053 2760 1176 2798; x_wconf 78' lang='lat' dir='ltr'><strong>aliique.</strong></span> 
     </span>
    </p>

    <p class='ocr_par' dir='ltr' id='par_1_16' title="bbox 897 2801 1643 2970">
     <span class='ocr_line' id='line_1_55' title="bbox 941 2801 1641 2845; baseline 0.004 -13"><span class='ocrx_word' id='word_1_409' title='bbox 941 2804 973 2833; x_wconf 56' lang='grc' dir='ltr'><strong>ζ’.</strong></span> <span class='ocrx_word' id='word_1_410' title='bbox 997 2801 1178 2845; x_wconf 76' lang='grc' dir='ltr'>γράμματα</span> <span class='ocrx_word' id='word_1_411' title='bbox 1206 2815 1265 2836; x_wconf 77' lang='lat' dir='ltr'><strong>non</strong></span> <span class='ocrx_word' id='word_1_412' title='bbox 1291 2807 1373 2836; x_wconf 73' lang='lat' dir='ltr'><strong>extat</strong></span> <span class='ocrx_word' id='word_1_413' title='bbox 1397 2806 1429 2835; x_wconf 82' lang='lat' dir='ltr'><strong>in</strong></span> <span class='ocrx_word' id='word_1_414' title='bbox 1453 2805 1525 2835; x_wconf 83' lang='lat' dir='ltr'><strong>edit.</strong></span> <span class='ocrx_word' id='word_1_415' title='bbox 1542 2806 1641 2843; x_wconf 79' lang='lat' dir='ltr'><strong>princ.</strong></span> 
     </span>
     <span class='ocr_line' id='line_1_56' title="bbox 897 2848 1641 2886; baseline 0.005 -10"><span class='ocrx_word' id='word_1_416' title='bbox 897 2848 1014 2878; x_wconf 80' lang='lat' dir='ltr'><strong>Adiecit</strong></span> <span class='ocrx_word' id='word_1_417' title='bbox 1041 2851 1177 2886; x_wconf 76' lang='lat' dir='ltr'><strong>primum</strong></span> <span class='ocrx_word' id='word_1_418' title='bbox 1208 2851 1355 2882; x_wconf 80' lang='lat' dir='ltr'><strong>Petavius</strong></span> <span class='ocrx_word' id='word_1_419' title='bbox 1387 2851 1423 2880; x_wconf 87' lang='lat' dir='ltr'><strong>de</strong></span> <span class='ocrx_word' id='word_1_420' title='bbox 1453 2850 1519 2880; x_wconf 81' lang='lat' dir='ltr'><strong>cod.</strong></span> <span class='ocrx_word' id='word_1_421' title='bbox 1546 2850 1641 2880; x_wconf 83' lang='lat' dir='ltr'><strong>Vatic.</strong></span> 
     </span>
     <span class='ocr_line' id='line_1_57' title="bbox 897 2893 1643 2937; baseline 0.004 -15"><span class='ocrx_word' id='word_1_422' title='bbox 897 2893 1056 2930; x_wconf 77' lang='lat' dir='ltr'><strong>Reperitur</strong></span> <span class='ocrx_word' id='word_1_423' title='bbox 1080 2896 1171 2925; x_wconf 83' lang='lat' dir='ltr'><strong>etiam</strong></span> <span class='ocrx_word' id='word_1_424' title='bbox 1193 2897 1225 2926; x_wconf 82' lang='lat' dir='ltr'><strong>in</strong></span> <span class='ocrx_word' id='word_1_425' title='bbox 1249 2896 1538 2937; x_wconf 60' lang='lat' dir='ltr'><strong>f‘seudQ-Oriyene</strong></span> <span class='ocrx_word' id='word_1_426' title='bbox 1562 2898 1589 2926; x_wconf 81' lang='lat' dir='ltr'><strong>et</strong></span> <span class='ocrx_word' id='word_1_427' title='bbox 1612 2897 1643 2926; x_wconf 84' lang='lat' dir='ltr'><strong>in</strong></span> 
     </span>
     <span class='ocr_line' id='line_1_58' title="bbox 898 2938 1103 2970; baseline 0.015 -3"><span class='ocrx_word' id='word_1_428' title='bbox 898 2938 964 2967; x_wconf 88' lang='lat' dir='ltr'><strong>cod.</strong></span> <span class='ocrx_word' id='word_1_429' title='bbox 986 2938 1103 2970; x_wconf 76' lang='lat' dir='ltr'><strong>Veneto.</strong></span> 
     </span>
    </p>
   </div>
   <div class='ocr_carea' id='block_1_9' title="bbox 942 2981 1256 3021">
    <p class='ocr_par' dir='ltr' id='par_1_17' title="bbox 942 2981 1256 3021">
     <span class='ocr_line' id='line_1_59' title="bbox 942 2981 1256 3021; baseline 0.013 -7"><span class='ocrx_word' id='word_1_430' title='bbox 942 2982 972 3014; x_wconf 81' lang='lat'><strong>3.</strong></span> <span class='ocrx_word' id='word_1_431' title='bbox 998 2981 1044 3021; x_wconf 82' lang='grc' dir='ltr'><strong>εἰς</strong></span> <span class='ocrx_word' id='word_1_432' title='bbox 1067 2985 1134 3016; x_wconf 85' lang='lat' dir='ltr'><strong>cod.</strong></span> <span class='ocrx_word' id='word_1_433' title='bbox 1159 2987 1256 3019; x_wconf 70' lang='lat' dir='ltr'><strong>t&#39;enet.</strong></span> 
     </span>
    </p>
   </div>
   <div class='ocr_carea' id='block_1_10' title="bbox 1724 747 1753 774">
    <p class='ocr_par' dir='ltr' id='par_1_18' title="bbox 1724 747 1753 774">
     <span class='ocr_line' id='line_1_60' title="bbox 1724 747 1753 774; baseline -0.034 0"><span class='ocrx_word' id='word_1_434' title='bbox 1724 747 1753 774; x_wconf 77' lang='lat' dir='ltr'><strong>lo</strong></span> 
     </span>
    </p>
   </div>
   <div class='ocr_carea' id='block_1_11' title="bbox 1671 1935 1813 1979">
    <p class='ocr_par' dir='ltr' id='par_1_19' title="bbox 1671 1935 1813 1979">
     <span class='ocr_line' id='line_1_61' title="bbox 1671 1935 1813 1979; baseline -0.007 -12"><span class='ocrx_word' id='word_1_435' title='bbox 1671 1935 1747 1979; x_wconf 84' lang='lat' dir='ltr'><strong>Cap.</strong></span> <span class='ocrx_word' id='word_1_436' title='bbox 1773 1935 1813 1967; x_wconf 89' lang='lat' dir='ltr'><strong>V.</strong></span> 
     </span>
    </p>
   </div>
  </div>
 </body>
</html>
