2034 3267
459 176 634 208 PANAnu
658 176 757 208 Anv.
781 175 1002 207 fflssanses
1027 176 1107 207 ΜΒ.
1129 177 1154 207 1.
1178 175 1282 207 ToM.
1303 176 1326 206 1.
1594 167 1645 206 87

134 262 284 296 rarunt.
346 254 566 306 Quinetiam
601 256 675 294 sato
702 261 740 293 et
768 253 1024 293 astronomiae
1056 254 1254 307 plurimum
1278 242 1508 292 tribuebant,
1570 252 1645 292 Ar-

132 330 312 377 gumento
339 329 399 361 est
423 323 519 374 quod
545 320 694 361 Graeca
715 321 842 360 omnia
864 320 1049 360 vocabula
1068 320 1300 360 vanissimae
1323 320 1421 359 illius
1443 320 1535 358 artis
1558 332 1643 372 pro-

134 390 215 444 pria
241 389 398 428 totidem
423 388 468 427 ab
492 389 538 428 iis
564 387 763 427 Hebraicis
791 395 881 426 sunt
902 387 1047 427 reddita
1069 388 1243 427 vocibus.
1305 385 1482 439 Exempli
1508 399 1644 426 caussa

134 455 202 496 Sol
231 455 394 496 Hamma
422 463 461 495 et
483 455 621 495 Semes
655 455 701 493 ab
728 453 776 492 iis
806 453 1037 506 appellatur,
1069 452 1182 493 Luna
1208 453 1318 494 lerce
1346 461 1383 493 et
1407 453 1641 503 Hallebana3

130 524 231 564 unde
255 531 293 563 et
316 522 432 562 Mene
456 531 631 562 vocatur.
691 519 792 560 Nam
822 518 931 559 leree
957 520 1123 569 mensis,
1156 527 1193 559 et
1216 519 1328 560 Luna
1349 519 1467 561 Mene
1490 520 1641 569 dieitur,

130 605 175 630 ac
198 591 355 644 perinde
381 597 420 629 ut
442 589 538 643 apud
566 587 740 628 Graecos
765 599 786 624 a
809 599 942 625 mense
970 586 1134 625 nominis
1160 587 1450 640 appellationem
1477 588 1640 627 derivat.

135 657 322 711 Sequitur
345 655 477 706 Mars,
519 668 626 708 quem
657 651 812 693 Cochab
845 650 982 692 Ocmol
1015 652 1238 702 nominant3
1282 652 1518 694 Mercurium
1550 668 1643 694 vero

135 724 291 764 Cocliab
316 722 512 772 Oclimod,
545 719 674 760 lovem
702 716 858 759 Cochab
881 717 999 767 Baal,
1033 718 1226 758 Venerem
1252 717 1392 768 Serua,
1425 723 1486 761 vel
1510 721 1641 771 Lucd3

136 791 328 832 Saturnus
361 790 521 842 denique
558 784 714 826 Cochab
746 783 890 825 Sabeth
924 792 1101 825 vocatur.
1162 783 1263 825 Sunt
1294 793 1332 826 et
1361 787 1510 827 illorum
1547 790 1642 828 aliae

134 858 466 903 nomenclaturae,
500 867 592 906 quas
622 859 801 892 accurate
830 852 1033 906 concipere
1063 852 1218 892 minime
1241 853 1446 906 potuimus.
1506 853 1644 908 Neque

134 926 181 964 iis
211 923 380 964 contenti
409 921 521 961 etiam
548 919 731 959 coelestia
753 919 815 958 illa
841 919 973 971 signa,
1008 932 1105 972 quae
1128 919 1399 972 quadrifariam
1425 934 1558 961 errore
1579 937 1644 962 va-

135 992 292 1032 nissimo
320 1003 386 1044 pro
411 987 688 1027 elementorum
714 1000 874 1026 numero
899 986 1179 1026 distribuuntur
1210 986 1352 1038 (Zodia
1379 987 1493 1040 vulgo
1524 991 1644 1028 nomi-

135 1059 266 1109 nant),
297 1070 319 1096 a
341 1054 476 1108 quibus
504 1053 710 1107 impietatis
735 1053 773 1093 in
796 1054 974 1093 mundum
1000 1060 1208 1107 propagata
1236 1060 1325 1093 sunt
1352 1054 1521 1104 semina,
1555 1056 1642 1105 ista,

134 1126 307 1178 inquam,
339 1121 390 1160 illi
418 1120 606 1160 Hebraice
632 1121 685 1161 ita
707 1121 978 1161 reddiderunt:
1012 1120 1152 1171 Telaa,
1186 1118 1278 1170 Sor,
1314 1119 1490 1171 Tomim,
1526 1120 1643 1162 Sara-

132 1200 230 1240 tam,
261 1189 350 1238 Ari,
382 1186 561 1237 Bethula,
593 1186 803 1238 Mozenae,
836 1187 983 1237 Acrab,
1015 1185 1160 1238 Reset,
1196 1185 1315 1237 Gadi,
1344 1186 1507 1239 Dalmii,
1543 1187 1645 1243 Deg-

131 1259 221 1313 gim.
282 1254 395 1295 Hunc
425 1255 462 1294 in
497 1255 650 1295 modum
677 1253 879 1295 Pharisaei
903 1254 1141 1295 Graecorum
1167 1255 1332 1308 vestigia
1359 1256 1550 1309 persecuti
1583 1270 1645 1295 ea—

132 1326 215 1365 dem
247 1323 293 1363 ab
326 1323 384 1363 his
419 1329 602 1376 usurpata
633 1322 819 1362 vocabula
843 1321 1048 1362 Hebraicis
1078 1322 1236 1362 vocibus
1266 1322 1508 1376 interpretati
1537 1332 1640 1364 sunt.

129 1391 231 1432 Nam
257 1391 374 1430 Aries
396 1390 428 1429 is
451 1396 511 1429 est
537 1403 647 1442 quem
670 1388 791 1429 Telaa
816 1397 1050 1442 nuncupant,
1081 1388 1234 1430 Taurus
1256 1386 1348 1439 Sor,
1383 1388 1536 1430 Gemini
1562 1390 1643 1430 To-

129 1459 243 1509 mim,
287 1455 440 1499 Cancer
472 1455 637 1507 Sarata,
679 1455 764 1496 Leo
793 1455 889 1506 Ari,
931 1455 1052 1509 Virgo
1082 1455 1271 1506 Bethula,
1312 1454 1432 1496 Libra
1456 1455 1640 1508 Mozane,

130 1524 316 1580 Scorpius
346 1524 500 1573 Acrab,
535 1522 765 1578 Sagittarius
791 1522 936 1575 Reset,
976 1521 1236 1578 Capricornus
1270 1522 1416 1575 Gaddi,
1448 1524 1644 1578 Aquarius

129 1592 239 1644 Bali,
272 1590 406 1632 Pisces
436 1590 596 1645 Deggim
627 1591 879 1645 appellantur.

242 1658 319 1700 Sed
345 1659 439 1699 haec
469 1659 595 1698 omnia
625 1672 860 1712 nequaquam
894 1659 940 1698 ad
963 1658 1149 1698 lectorum
1177 1659 1384 1712 perniciem
1412 1672 1643 1699 commemo-

129 1741 216 1767 rare
239 1726 476 1776 studuimus,
513 1739 636 1779 neque
661 1726 704 1764 ad
732 1739 862 1765 eorum
889 1724 1095 1765 vanitatem
1121 1726 1460 1766 commendandam
1485 1726 1547 1780 qui
1567 1734 1645 1766 sto-

130 1795 241 1835 lidam
270 1802 308 1834 ct
334 1795 501 1849 ineptam
533 1793 792 1833 astronomiae
819 1792 1017 1832 scientiam
1048 1793 1085 1832 in
1117 1793 1311 1833 hominum
1337 1793 1452 1832 vitam
1482 1794 1645 1834 invexe-

130 1869 236 1902 runt.
296 1860 401 1902 Satis
427 1862 527 1901 illam
554 1861 611 1901 vis
642 1861 720 1914 ipsa
745 1860 918 1900 veritatis
951 1867 1170 1914 expugnat,
1203 1866 1242 1900 et
1274 1860 1356 1900 eius
1385 1874 1556 1900 errorem
1586 1862 1645 1901 in-

131 1929 462 1982 constantiamque
491 1928 677 1981 coarguit.
740 1928 798 1967 Ae
828 1941 911 1967 cnm
942 1941 1012 1967 nos
1039 1927 1134 1967 alias
1162 1927 1331 1981 pluribus
1361 1928 1546 1969 adversus
1578 1942 1645 1969 eos

131 1996 427 2050 disputavimus,
461 1996 522 2049 qui
547 1995 785 2035 nativitatem
814 2008 858 2034 ac
889 1995 1006 2034 satum
1034 1995 1306 2045 adstruebant,
1340 2002 1415 2035 tum
1446 1996 1484 2036 in
1517 1997 1645 2051 operis

130 2063 242 2104 huius
274 2063 437 2103 exordio
470 2063 630 2102 eundem
665 2075 836 2101 errorem
865 2061 972 2101 brevi
996 2062 1297 2116 reprehensione
1328 2063 1640 2116 perstrinximus,

131 2129 210 2172 Sed
243 2144 291 2170 ne
319 2131 402 2184 quis
430 2144 499 2185 per
529 2129 754 2170 calumniam
786 2129 982 2169 incessere
1014 2143 1084 2169 nos
1119 2130 1331 2184 quempiam
1365 2138 1538 2183 putaret,
1573 2145 1643 2170 nee

132 2211 230 2251 quae
255 2205 362 2237 certo
390 2212 412 2237 a
435 2197 545 2238 nobis
575 2203 732 2250 accepta
762 2197 1037 2251 explorataque
1064 2204 1196 2237 essent
1223 2197 1260 2237 in
1293 2197 1456 2237 medium
1486 2198 1641 2247 afferre,

131 2265 354 2305 nominatim
383 2265 446 2305 illa
477 2264 739 2319 percensenda
763 2263 956 2304 duximus.
1016 2263 1090 2304 Est
1113 2264 1202 2304 illud
1226 2278 1320 2305 vero
1351 2271 1549 2304 extremae
1578 2278 1645 2304 cu-

131 2332 278 2372 iusdam
302 2333 531 2386 imperitiae,
566 2345 612 2371 ne
635 2331 756 2370 dicam
779 2331 984 2381 amentiae,
1018 2346 1101 2371 cum
1126 2333 1451 2372 resurrectionem
1475 2339 1645 2371 mortuo-

131 2413 215 2438 rum
240 2413 327 2439 esse
352 2402 519 2449 fateare,
554 2413 598 2438 ac
621 2398 869 2438 iustissimum
888 2399 934 2438 (le
958 2398 1141 2453 cuiusque
1169 2399 1278 2439 factis
1301 2398 1479 2438 iudicium
1502 2399 1645 2439 consti-

133 2473 277 2517 tutum,
312 2468 430 2506 fatum
452 2466 697 2506 nibilominus
723 2479 809 2506 esse
832 2466 946 2506 ullum
969 2480 1163 2507 asserere.
1226 2465 1303 2519 Qui
1334 2466 1434 2506 enim
1467 2467 1541 2506 duo
1571 2466 1645 2506 ista

175 2554 226 2588 18.
251 2551 449 2599 ἇριὲεβουὶὰ
473 2558 537 2588 cod.
562 2557 660 2586 venet.
951 2555 1005 2588 26.
1032 2555 1165 2598 σαράτω
1189 2558 1254 2588 cod.
1278 2558 1375 2587 Vener.

177 2598 225 2632 19.
249 2602 297 2632 Ita
318 2611 420 2632 omnes
442 2604 530 2639 libri,
565 2603 687 2640 praeter
714 2602 784 2632 edit.
805 2603 863 2633 Pe·
952 2600 1005 2634 27.
1029 2597 1104 2642 ἄρτι
1127 2603 1191 2633 cod.
1214 2603 1341 2640 Rhediy.
1365 2605 1392 2632 et
1413 2603 1483 2632 edit.
1503 2603 1601 2640 princ.

130 2649 213 2683 mv„
237 2648 268 2676 in
290 2656 351 2685 qua
375 2643 535 2685 Μωζανή.
953 2644 1006 2677 25.
1031 2642 1162 2689 οἷκραάβ
1199 2648 1263 2677 cod.
1300 2647 1398 2677 Venet.
1461 2642 1544 2687 ἅκρο
1578 2647 1642 2678 cod.

173 2691 226 2722 20.
250 2686 383 2733 οἶκραάβ
406 2692 471 2721 cod.
498 2692 595 2721 tenet.
909 2692 1036 2731 Rhediy.
1062 2695 1087 2722 et
1111 2693 1181 2722 edit.
1204 2694 1302 2729 princ.

174 2734 226 2766 21.
251 2734 308 2767 καὶ
331 2734 388 2767 σὲτ
411 2737 477 2766 cod.
503 2737 602 2765 Venet.
953 2738 1007 2767 29.
1034 2735 1127 2769 δαλλὶ
1149 2738 1213 2767 cod.
1242 2738 1338 2767 tenet.

174 2778 227 2810 22.
251 2778 373 2821 δαδμιΐ
403 2781 472 2811 edit.
507 2783 603 2818 princ.
667 2778 760 2813 δαλλὶ
796 2783 862 2813 cod.
957 2780 1031 2811 (λιι).
1053 2782 1109 2811 111.
1132 2798 1176 2804 —
1227 2781 1251 2811 1.
1280 2783 1373 2819 VuI90
1397 2776 1547 2822 ἤλεκται,
1571 2790 1645 2821 quo—

135 2825 230 2855 Venet.
277 2823 374 2857 δαδ).ὶ
397 2826 462 2855 cod.
485 2825 612 2863 Rhedigy.
910 2827 1000 2857 modo
1023 2828 1115 2856 eliam
1137 2827 1202 2856 cod.
1225 2827 1351 2864 Rhediy.

173 2866 227 2900 23.
250 2871 366 2910 διγγῖμ
389 2870 455 2900 cod.
478 2871 575 2900 Venec.
955 2873 984 2901 ζ).
1013 2872 1093 2901 Libri
1115 2872 1187 2901 editi·
1211 2871 1318 2901 habene
1343 2869 1553 2912 εἱμαρμένην,
1580 2872 1642 2900 ubi-

173 2909 226 2943 24.
250 2912 348 2946 τελλά
372 2915 437 2944 cod.
462 2915 558 2944 Vener.
911 2925 977 2955 que.

173 2954 228 2989 25.
253 2954 316 3000 σῆρ
342 2959 407 2990 cod.
434 2960 530 2990 Venet.

1668 1665 1744 1708 Cap⁴
1768 1668 1819 1698 lll.
