2034 3267
468 152 644 184 PANAau
669 152 750 184 Lm.
769 152 794 185 t.
818 152 926 185 ΤοΜ.
945 152 999 184 111.
1023 150 1152 182 HAER.
1169 150 1274 182 xm.
1553 140 1631 180 603

221 229 356 271 Refut.
381 228 541 272 XXIII.
587 229 685 272 Cum
711 232 769 272 dei
797 232 895 272 filius
918 232 1079 286 ipsamet
1100 230 1244 270 veritas
1268 236 1395 279 esset,
1441 227 1630 268 neminem

114 312 245 339 eorum
269 299 330 353 qui
353 311 396 338 se
417 299 462 338 de
485 299 562 338 vita
585 299 853 353 consequenda
873 299 1173 352 interrogarent,
1210 296 1358 336 fefellit.
1420 293 1462 336 Si
1484 296 1632 349 quidem

110 373 151 407 ut
172 366 288 407 vitam
314 365 479 407 humano
505 368 639 420 generi
668 367 912 416 conciliaret,
957 366 1126 405 advenit.
1188 363 1320 418 Quare
1348 379 1431 404 cum
1464 371 1501 403 et
1532 364 1632 403 vitae

110 440 266 474 nostrae
299 448 428 474 curam
461 436 649 488 gesserit,
693 442 732 474 et
764 434 798 474 ei
834 434 894 488 qui
924 434 1046 487 legem
1081 440 1257 473 servaret
1287 432 1487 472 affuturam
1516 431 1631 472 vitam

109 501 342 552 ostenderit,
384 503 452 542 sed
484 510 521 543 et
552 517 635 543 eum
670 503 731 556 qui
765 516 848 541 cum
876 502 961 554 lege
988 501 1070 555 ipsa
1095 507 1355 540 consentanee
1381 500 1635 554 responderat

108 569 307 624 praeclare
338 569 485 610 dixisse
520 577 683 610 testatus
716 570 851 619 fuerit,
878 569 980 623 ·quis
1013 568 1086 608 erit
1115 575 1189 607 tam
1222 581 1359 607 vecors
1391 581 1433 607 ac
1461 567 1633 621 stupidus

108 635 303 677 Marcioni
330 645 369 677 ut
399 637 619 687 inhaereat,
663 637 724 691 qui
752 637 823 677 deo
846 636 898 676 illi
922 636 1145 685 maledicat,
1189 650 1209 675 a
1232 650 1305 689 quo
1330 650 1405 675 non
1431 635 1543 674 modo
1570 636 1630 674 lex

107 704 145 744 in
168 704 365 755 homines,
400 706 466 745 sed
492 713 530 745 et
553 705 744 758 evangelii
769 711 828 744 est
849 704 970 757 gratia
994 703 1189 753 derivata,
1224 710 1263 742 ut
1284 717 1324 743 se
1350 703 1512 742 hominis
1530 702 1632 742 illius

107 772 304 812 erroribus
332 773 506 824 addicat,
553 773 613 826 qui
645 786 768 826 neque
795 786 844 811 ex
874 770 957 825 lege
984 785 1107 824 neque
1131 784 1180 810 ex
1203 770 1340 825 spiritu
1361 777 1493 811 sancto
1519 770 1630 810 ullam

107 840 304 880 doctrinae
335 854 428 880 suae
460 840 685 894 particulam
718 839 983 894 expresserit?

217 907 349 948 Schol.
375 906 534 948 XXIV.
580 911 632 946 Et
654 910 773 955 demit,
820 910 909 957 Quis·
934 915 1093 946 vestrum
1119 908 1269 946 habebit
1287 909 1464 954 cumeum,
1506 914 1544 945 et
1565 908 1631 945 ibit
1648 913 1719 940 Luc.
1737 915 1777 947 11,
1792 916 1816 941 5.

105 980 154 1016 ad
178 980 280 1016 illum
306 979 422 1016 media
440 983 567 1022 nocte,
598 977 794 1027 postulans
816 983 891 1013 tres
911 979 1058 1027 panes?
1116 975 1176 1015 Ac
1199 974 1402 1029 deinceps,
1435 977 1564 1021 Petite,
1598 982 1634 1011 et

105 1047 267 1084 dabitur.
333 1047 422 1094 Quis
452 1047 545 1082 em'm
575 1058 623 1082 ex
652 1044 752 1081 vobis
783 1051 840 1081 esc
863 1051 993 1095 pater,
1037 1057 1059 1081 (ι
1092 1058 1162 1095 qno
1179 1045 1292 1095 filius
1313 1050 1418 1094 petat
1432 1045 1570 1094 peis-cem
1598 1050 1633 1079 e!
1654 1046 1725 1075 ibid·
1745 1050 1784 1076 ll-

100 1128 170 1165 pro
189 1116 293 1165 pisce
313 1119 516 1163 serpentem
542 1112 646 1150 dabit
671 1113 757 1149 illi?
795 1119 863 1150 (ιιιῑ
880 1126 953 1163 pro
978 1126 1043 1150 ovo
1069 1114 1327 1162 scorpionem?
1385 1113 1432 1149 Si
1454 1125 1543 1161 ergo
1571 1125 1633 1148 vos

104 1195 184 1219 eum
215 1183 297 1219 sitis
327 1182 419 1219 mali
443 1183 560 1218 nostis
592 1181 684 1218 bona
715 1182 823 1226 data,
858 1187 995 1231 quanto
1025 1183 1144 1230 magis
1167 1184 1308 1230 pater?

214 1246 347 1288 Refut.
371 1245 533 1288 XXIV.
581 1245 643 1286 Ex
668 1246 738 1286 hoc
763 1247 847 1286 loco
875 1247 972 1286 val'ri
997 1247 1159 1287 hominis
1184 1247 1452 1301 superstitiosa
1478 1253 1513 1286 et
1539 1247 1630 1286 affe-

102 1323 202 1357 ctata
227 1315 362 1370 religio
391 1314 647 1355 convincitur.
709 1313 800 1354 Non
831 1314 930 1354 enim
957 1315 1121 1369 optimae
1144 1314 1303 1354 alicuius
1328 1315 1516 1355 mercedis
1543 1329 1632 1368 gra-

102 1384 177 1435 tia,
211 1392 273 1425 aut
301 1398 368 1439 spe
394 1383 689 1436 consequendae
713 1382 1011 1422 immortalitatis
1036 1383 1236 1432 inductus,
1270 1383 1334 1422 sed
1363 1396 1414 1422 ex
1438 1383 1630 1437 impietate

102 1466 145 1493 ac
169 1452 375 1507 pestiferae
400 1450 591 1506 opinionis
614 1450 780 1490 falsitate
803 1450 972 1490 ciborum
996 1450 1285 1504 temperantiam
1308 1450 1491 1490 adhibuit.
1533 1451 1630 1490 Ani-

102 1521 212 1560 matis
236 1519 335 1560 enim
359 1519 467 1559 vesci
492 1518 682 1573 prohibet,
717 1531 760 1558 ac
783 1532 870 1558 reos
897 1532 983 1558 esse
1006 1519 1147 1558 iudicio
1171 1525 1275 1573 putat
1297 1518 1382 1558 illos
1408 1519 1468 1572 qui
1493 1533 1629 1558 carnes

102 1589 328 1641 degustent,
374 1594 552 1641 tanquam
578 1586 726 1626 animas
755 1587 972 1626 comedant.
1037 1584 1150 1638 Quod
1182 1587 1330 1640 quidem
1367 1587 1540 1640 inprimis
1573 1593 1632 1626 est

101 1656 322 1696 absurdum.
375 1653 513 1708 Neque
536 1654 636 1694 enim
656 1668 747 1694 caro
769 1661 842 1704 est,
877 1655 942 1693 sed
967 1653 1004 1693 in
1027 1655 1206 1694 carnibus
1230 1655 1331 1694 inest
1351 1655 1492 1694 anima.
1547 1653 1629 1694 Nc-

104 1737 175 1778 que
204 1737 299 1763 vero
329 1723 530 1763 brutorum
559 1722 723 1762 animam
756 1722 912 1776 perinde
943 1729 1056 1776 atque
1088 1723 1281 1762 hominum
1308 1722 1514 1776 pretiosam
1542 1736 1630 1762 esse

103 1792 285 1842 dicimus,
329 1791 394 1831 sed
423 1792 467 1830 ad
495 1790 611 1830 vitam
635 1791 821 1830 duntaxat
843 1789 1070 1830 animalibus
1097 1804 1338 1830 concessam.
1399 1791 1452 1830 At
1474 1790 1536 1830 ille
1563 1789 1631 1829 mi-

103 1860 288 1901 serrimus
313 1873 397 1899 cum
417 1857 673 1898 sectatoribus
693 1858 773 1897 suis
793 1858 952 1898 eandem
975 1858 1167 1898 hominum
1189 1872 1276 1898 esse
1299 1872 1394 1912 quae
1415 1859 1452 1898 in
1473 1858 1630 1912 reliquis

103 1927 358 1969 animantibus
390 1927 562 1966 cernitur
593 1925 756 1965 animam
784 1926 996 1966 existimat.
1060 1924 1171 1979 Quod
1207 1926 1241 1965 ei
1275 1927 1410 1980 dogma
1438 1927 1630 1981 plerisque

104 2011 186 2036 cum
214 1995 300 2035 aliis
327 2002 385 2034 est
410 1994 633 2034 haeresibus
659 2007 874 2033 commune.
936 1992 1038 2034 Nam
1064 2001 1101 2034 et
1123 1993 1354 2035 Valentinus
1379 2002 1415 2034 et
1439 1992 1627 2035 Colorba-

102 2078 167 2105 sus
190 2071 227 2104 et
252 2062 429 2104 Gnostici
453 2075 585 2101 omnes
611 2076 654 2101 ac
678 2060 899 2101 Manichaei
924 2062 1185 2102 traductiones
1211 2064 1391 2116 quasdam
1415 2063 1626 2102 animarum

103 2139 216 2186 atque
243 2132 282 2171 in
309 2131 416 2170 varia
443 2144 606 2184 corpora
627 2129 812 2169 transitus
838 2144 923 2170 esse
951 2131 1156 2180 definiunt3
1191 2132 1288 2185 quod
1316 2134 1359 2170 ad
1384 2145 1451 2171 eos
1478 2131 1626 2185 quidem

102 2200 278 2240 homines
301 2199 436 2239 attinet
455 2198 517 2252 qui
541 2198 579 2237 in
599 2198 839 2251 ignoratione
861 2206 1082 2239 versantur.
1124 2198 1182 2238 De
1206 2199 1341 2253 quibus
1365 2199 1495 2239 nescio
1515 2213 1625 2253 quam

104 2267 271 2308 fabulam
303 2265 508 2306 commenti
542 2272 653 2316 sunt,
698 2266 823 2306 redire
853 2266 1032 2307 videlicet
1062 2267 1248 2316 animam,
1293 2282 1336 2307 ac
1369 2281 1411 2306 se
1440 2267 1479 2306 in
1512 2281 1625 2307 unum

104 2336 279 2390 quodque
308 2335 554 2375 animantium
581 2334 764 2384 induere,
809 2334 930 2374 donec
953 2335 1210 2389 cognitionem
1235 2335 1370 2390 adepta
1398 2335 1471 2385 sit,
1515 2342 1627 2388 atque

102 2405 155 2444 ita
181 2410 344 2459 purgata
370 2402 630 2456 dissolutaque
662 2401 699 2441 in
725 2402 908 2442 coelestia
939 2403 1021 2442 loca
1048 2403 1286 2456 commigret.
1350 2401 1428 2443 Sed
1454 2403 1626 2457 inprimis

103 2486 242 2512 vanum
267 2471 358 2511 illud
381 2471 569 2510 somnium
592 2470 694 2510 nullo
719 2471 873 2524 negotio
893 2471 1148 2511 convincitur.
1211 2469 1364 2510 Etenim
1391 2469 1478 2524 quid
1500 2471 1626 2525 reipsa

103 2547 262 2595 geratur
292 2539 393 2579 scire
425 2552 536 2578 nemo
567 2538 702 2578 melius
734 2545 858 2593 potest
885 2553 994 2593 quam
1021 2536 1132 2579 Iesus
1156 2536 1335 2579 Christus
1361 2539 1535 2578 dominus
1559 2553 1627 2579 no-

104 2615 198 2657 ster,
234 2607 297 2661 qui
317 2606 604 2661 recuperandae
628 2606 711 2647 ovis
733 2607 901 2659 perditae
922 2607 1045 2661 gratia
1066 2607 1277 2656 deseendit,
1314 2606 1384 2646 hoc
1405 2614 1464 2646 est
1486 2614 1527 2647 ut
1547 2607 1628 2646 ani—

104 2689 184 2715 mas
214 2676 398 2716 liberaret
427 2675 644 2725 hominum,
687 2688 846 2728 quorum
875 2675 1093 2717 utilitatiac
1115 2674 1326 2714 rationibus
1352 2674 1528 2715 serviens
1552 2682 1624 2715 tam

104 2743 178 2784 illis
204 2758 297 2798 quas
321 2743 401 2783 dixi
426 2757 535 2797 quam
560 2742 784 2796 corporibus
805 2742 898 2797 ipsis
919 2743 1128 2784 remedium
1152 2742 1300 2792 attulit3
1335 2749 1466 2798 utpote
1491 2757 1626 2797 corpo-

105 2878 213 2900 rarum
233 2871 309 2901 inter
329 2870 403 2900 haec
426 2870 487 2900 duo
505 2869 656 2900 vocabula
674 2877 772 2900 vacuo
795 2878 840 2900 re·
887 2870 993 2901 Petov.
1040 2866 1076 2902 τὸ
1101 2866 1202 2909 κρέας
1225 2869 1296 2899 edit.
1315 2870 1413 2907 princ.

106 2916 185 2946 licto.
931 2913 980 2947 ΤΞ).
1011 2916 1148 2945 Fortasse
1179 2915 1390 2953 corrigendum
1425 2916 1466 2945 est
1498 2909 1625 2954 οἷνῖτρώ·

150 2956 203 2992 74.
226 2958 266 2993 τὰ
291 2959 371 3002 κρέα
395 2961 460 2992 cod.
482 2961 597 2999 Vatia,
630 2962 657 2991 et
679 2960 750 2991 inde
771 2960 841 2992 edit.
886 2970 975 3002 πων,
1002 2956 1049 2997 ὥς
1073 2955 1166 2992 αὐτοί
1190 2969 1293 3000 φασι,
1317 2957 1373 2992 καὶ
1397 2955 1482 2992 κατὰ
1506 2962 1570 2991 cett.
