2034 3267
485 183 662 216 PANARH
688 184 768 216 [ΑΒ.
787 185 813 216 1.
837 185 944 216 ΤοΜ.
964 185 1004 215 11.
1030 184 1157 216 HAER.
1179 185 1294 216 xxx.
1567 175 1645 213 277

132 263 344 304 transferre
370 276 446 302 non
481 261 727 302 erubescunt.
789 260 1026 316 Quamquam
1056 262 1229 302 dominus
1257 262 1408 302 illorum
1439 260 1643 315 nequitiam

130 330 334 370 manifeste
362 329 580 383 redarguit,
623 343 708 368 cum
739 329 784 369 ad
807 328 916 369 Petri
943 330 1128 370 lavandos
1161 330 1277 384 pedes
1300 329 1488 369 accedens
1512 343 1558 369 eo
1589 328 1644 368 di-

132 404 265 447 cente,
296 399 382 436 Non
410 398 548 435 lavabis
571 399 663 435 milei
681 399 793 448 pedes
818 399 854 435 in
885 404 1096 444 aeternum,
1130 397 1293 437 subiecit
1315 397 1442 447 illico,
1483 399 1572 435 Nz'sz'
1589 398 1643 434 la·
1656 407 1756 435 loann.
1769 407 1842 442 1³‚6.

131 479 216 503 vero
236 467 347 516 pedes
372 472 473 511 tuos,
508 479 579 503 71on
600 465 748 502 habebis
767 470 911 514 par-lem
936 477 1086 501 mecum.
1148 463 1209 503 Ad
1233 478 1327 517 qnae
1346 462 1464 504 Petro
1487 478 1646 519 respon-

133 532 270 582 dente,
303 534 387 570 Non
407 534 523 570 solum
540 533 667 583 pedes,
700 533 766 568 sed
780 537 817 568 et
838 537 961 580 caput,
996 529 1170 569 dominus
1194 530 1354 581 adiecit,
1388 534 1462 581 Qui
1477 534 1572 570 lotus
1593 539 1649 570 est

131 601 265 646 semel,
300 613 371 637 non
395 613 484 650 opus
508 606 584 644 est,
628 605 668 636 ut
700 603 812 647 capnt
838 598 953 642 lavet,
995 599 1061 634 sed
1084 599 1196 647 pedes
1218 600 1425 646 duntuoeat5
1467 607 1524 637 est
1553 602 1645 638 enim

130 669 286 705 mundus
319 674 429 704 totus.
493 664 641 718 Quibus
675 663 803 702 verbis
837 663 1046 702 declaravit
1085 663 1341 703 lavationibus
1381 665 1565 705 eiusmodi
1600 680 1645 706 ac

131 732 431 786 supervacaneis
460 731 618 780 ritibus,
660 729 928 782 hominumque
960 729 1147 769 mandatis
1176 744 1220 770 ac
1249 731 1433 772 doctrinis
1468 733 1521 772 uti
1553 732 1647 773 nihil

133 800 313 840 attinere.
376 797 448 839 Cui
478 797 626 851 quidem
661 803 924 836 consentanea
957 803 1045 836 sunt
1081 810 1177 850 quae
1213 810 1233 835 a
1265 798 1426 850 quodam
1460 800 1645 853 propheta

133 867 332 907 dicuntur:
380 867 536 917 Populus
563 867 631 902 iste
663 865 771 902 labiis
803 878 858 902 me
879 865 1057 911 honorat,
1099 878 1165 902 eor·
1194 872 1313 903 autem
1345 868 1506 916 zpsorum
1536 868 1643 917 longe
1655 876 1786 911 Esai.29‚
1806 877 1845 905 13.

133 943 190 973 est
211 949 232 973 α
255 949 334 981 me,-
364 935 518 986 flustra
540 945 623 969 vero
644 933 773 969 colunt
788 945 864 977 me,
898 933 1067 969 docentes
1085 933 1297 979 doctrinas,
1331 935 1502 971 mandata
1531 935 1646 972 llonzz'-
1682 911 1790 979 {biiii}

133 1017 232 1041 num.
296 998 393 1053 Quid
415 1006 474 1038 est
500 999 600 1038 enim
621 998 719 1051 quod
740 995 975 1038 Pharisaeos
1007 1012 1052 1038 ac
1082 998 1229 1038 scribas
1252 999 1437 1052 arguebat
1459 1000 1557 1053 quod
1579 1000 1645 1040 ba-

133 1069 290 1124 ptismos
324 1065 546 1107 adhiberent
574 1078 778 1105 urceorum
815 1071 853 1104 et
885 1065 1068 1116 calicum,
1112 1079 1155 1105 ac
1191 1073 1409 1106 ceterorum
1439 1067 1474 1106 id
1506 1081 1644 1120 genus,

136 1143 175 1175 et
199 1134 332 1175 crebro
356 1146 487 1172 manus
516 1133 742 1173 abluerent?
782 1147 866 1172 cum
888 1131 941 1172 ita
962 1133 1111 1173 demum
1136 1134 1378 1187 pronuntiat,
1421 1137 1543 1174 Illotis
1571 1149 1646 1174 ma-

133 1204 239 1242 nibus
266 1203 487 1240 manducare
518 1215 590 1239 non
617 1202 812 1252 inquinare
833 1202 1025 1239 hominem.
1090 1199 1222 1252 Quare
1255 1216 1331 1241 non
1368 1215 1500 1242 eorum
1533 1202 1645 1242 modo

132 1269 294 1309 lotiones
319 1267 526 1317 damnavit,
551 1267 618 1307 sed
643 1274 679 1307 et
701 1281 835 1308 manus
859 1267 1015 1307 abluere
1041 1281 1369 1322 supervacaneum
1393 1283 1479 1310 esse
1497 1269 1640 1321 docuit,

130 1349 253 1389 neque
285 1334 405 1375 fraudi
436 1335 610 1388 cuiqnam
641 1348 750 1386 esse,
785 1335 883 1388 quod
914 1349 1049 1376 manus
1080 1335 1175 1376 nolit
1205 1336 1350 1377 eluere.

241 1457 321 1499 lam
348 1459 447 1513 quod
467 1459 513 1498 ad
532 1473 641 1499 usum
668 1459 838 1500 carnium
861 1466 1023 1515 spectat,
1057 1474 1184 1501 nonne
1208 1475 1341 1501 eorum
1364 1462 1490 1502 statim
1515 1475 1645 1502 amen·
1701 1474 1778 1515 Cap.

129 1527 183 1568 tia
206 1527 473 1567 convincitur?
513 1525 683 1566 Primum
714 1528 811 1581 quod
835 1527 1008 1568 dominus
1034 1526 1260 1568 ludaeorum
1298 1529 1438 1583 pascha
1468 1530 1645 1570 comede·
1686 1519 1799 1550 XXH·

130 1595 195 1635 rit.
258 1592 473 1635 Constabat
504 1601 629 1634 autem
666 1595 804 1650 pascha
833 1593 1060 1635 Iudaeorum
1096 1610 1219 1649 agno,
1265 1611 1310 1636 ac
1343 1596 1426 1637 sine
1456 1598 1644 1637 fermento

131 1661 301 1703 subactis
324 1661 500 1716 panibuS.
562 1662 665 1715 Agni
688 1677 802 1716 porro
825 1662 1003 1702 carnibus
1028 1664 1134 1703 vesci
1165 1678 1247 1704 mos
1273 1671 1356 1704 erat
1380 1664 1518 1704 assatis
1548 1664 1644 1716 igni,

132 1730 231 1784 quod
253 1737 291 1769 et
316 1729 477 1784 apostoli
503 1729 574 1783 ipsi
599 1737 800 1770 testantur.
849 1732 920 1769 Ubi
939 1733 1006 1777 vis,
1040 1731 1230 1785 inquiunt,
1259 1746 1435 1783 paremus
1459 1733 1529 1770 tibi
1550 1746 1646 1770 eom·
1681 1741 1792 1787 araim.

131 1801 237 1837 edere
259 1799 430 1849 paseha?
478 1794 626 1849 Quibus
651 1797 825 1837 dominus
847 1798 1065 1852 respondit,
1107 1801 1163 1837 Ite
1186 1802 1223 1838 in
1245 1803 1451 1847 civitatem,
1485 1807 1521 1838 et
1549 1802 1647 1837 inve·
1692 1777 1735 1810 ιδ’
1757 1776 1795 1802 17.

131 1868 240 1904 nz'etz's
261 1867 439 1903 hominem
463 1867 673 1916 amphoram
699 1879 814 1916 aquae
833 1873 1065 1916 portantem:
1107 1870 1305 1918 sequimini
1320 1882 1399 1906 eum
1425 1881 1649 1919 quocumque

133 1936 238 1980 ierit,
272 1940 308 1971 et
333 1935 443 1971 dicite
460 1934 741 1984 pah·g'fatlee'le'11s,
780 1934 851 1972 Ubi
868 1941 925 1972 est
946 1936 1186 1972 diversorimn
1199 1965 1209 1981 ‚
1245 1936 1310 1973 ubi
1318 1937 1459 1986 pascha
1485 1949 1564 1973 cum
1591 1936 1647 1972 de·-

133 2002 287 2052 scipulis
309 2003 396 2038 meis
404 2001 581 2053 faciam?
636 2002 687 2038 Et
716 2003 881 2039 ostendet
915 1998 1013 2039 v'obz's
1041 2004 1277 2040 coenaculum
1307 2010 1488 2049 stratum,
1532 2010 1568 2040 et
1596 2003 1651 2040 ibe·

130 2075 277 2119 parate.
341 2066 560 2120 lterumque
595 2067 795 2118 dominus,
834 2071 1044 2116 Desiderio,
1079 2069 1156 2119 ait,
1189 2072 1395 2108 desideravi
1423 2072 1491 2108 lzoc
1509 2072 1650 2121 pascha

134 2137 356 2174 manducare
379 2136 574 2173 vobiscum.
608 2133 748 2188 Neque
772 2135 910 2189 pascha
931 2136 1155 2190 simpliciter
1175 2136 1287 2185 dixit,
1312 2138 1378 2176 sed
1401 2139 1468 2175 hoe
1481 2139 1645 2188 pascha,-

136 2216 183 2242 ne
209 2202 292 2256 quis
317 2202 457 2241 dictum
483 2202 572 2242 illud
600 2202 757 2242 subdole
782 2203 827 2242 ad
850 2203 1067 2257 opinionem
1089 2217 1197 2244 suam
1222 2205 1544 2244 accommodaret.
1588 2204 1648 2242 Ac

136 2269 274 2322 pascha
301 2269 389 2309 iliud
413 2283 549 2309 carnes
576 2276 709 2320 erant,
743 2270 795 2309 uti
820 2270 1008 2320 diximus,
1038 2270 1116 2324 igni
1143 2278 1290 2321 tostae,
1334 2285 1418 2311 cum
1449 2271 1534 2311 aliis
1565 2270 1647 2324 qui-

135 2337 309 2376 busdam.
370 2337 424 2376 At
453 2337 504 2376 ilii
531 2336 705 2376 veritatis
731 2337 831 2377 serie
859 2352 908 2377 ex
932 2338 1088 2391 ingenio
1113 2338 1259 2378 sublata
1289 2339 1404 2378 verba
1436 2338 1498 2378 illa
1528 2345 1650 2377 muta-

135 2411 247 2453 runt,
292 2405 391 2457 quod
429 2411 488 2444 est
527 2418 578 2444 ex
619 2404 831 2445 coniunctis
873 2405 1102 2446 dictionibus
1144 2406 1348 2459 unicuique
1390 2406 1646 2460 perspicuum.

138 2469 269 2524 Quare
292 2471 499 2525 discipulos
520 2473 570 2511 ita
594 2472 794 2524 loquentes
818 2472 981 2512 faciunt:
1020 2474 1091 2512 Ubi
1109 2476 1161 2511 vis
1182 2488 1355 2524 paremus
1377 2475 1447 2512 tibi
1466 2476 1652 2512 comedere

130 2541 304 2590 paseha?
353 2536 547 2579 Christum
576 2552 670 2578 vero
696 2539 741 2578 ad
763 2553 806 2578 ea
827 2541 1144 2593 respondentem:
1176 2543 1366 2592 Numquid
1387 2543 1565 2579 desiderio
1591 2543 1652 2578 de-

136 2608 300 2644 sideravi
317 2609 502 2645 comedere
522 2620 668 2644 caruem
691 2608 758 2645 hoc
779 2609 920 2658 pascha
944 2609 1155 2646 vobiscum?
1212 2607 1329 2661 Atqui
1356 2607 1465 2648 facile
1489 2617 1548 2647 est
1568 2620 1652 2647 sce-

139 2673 299 2713 leratam
332 2673 427 2712 hanc
459 2673 610 2713 illorum
654 2674 822 2713 fraudem
857 2675 1063 2728 detegere,
1106 2689 1190 2715 cum
1223 2689 1268 2714 ea
1303 2688 1400 2728 quae
1441 2681 1654 2728 sequnntur

141 2747 272 2794 aperte
305 2740 524 2790 clamitent,
569 2740 679 2780 ambo
716 2753 802 2781 esse
833 2742 1020 2782 elementa
1059 2756 1257 2796 perperam
1287 2742 1436 2792 addita,
1478 2742 1656 2783 videlicet

141 2811 166 2856 εἰ
191 2813 230 2846 et
254 2812 295 2858 ἧ.
355 2806 456 2848 Nam
481 2822 548 2860 pro
577 2821 623 2847 eo
653 2808 750 2860 quod
777 2815 859 2858 est,
902 2812 1093 2848 Desiderio
1118 2812 1343 2856 desiderum,
1376 2809 1464 2860 isti,
1504 2806 1580 2860 μὴ,
1620 2809 1655 2848 id

143 2881 222 2924 est,
254 2889 363 2922 num,
398 2874 616 2914 adverbium
640 2875 910 2916 adiunxerunt.
974 2874 1151 2917 Christus
1177 2890 1291 2930 porro
1313 2877 1516 2917 verissime
1543 2877 1655 2926 dixit,

143 2963 198 2994 τοῦ
224 2965 271 2994 ed.
291 2966 397 2996 petav.
445 2961 542 2997 otiis*
572 2965 637 2995 cod.
659 2965 786 3004 Rhediy.
964 2965 995 2998 3.
1019 2965 1119 3007 κρέας
1133 2967 1199 2999 οοά.
1214 2968 1307 2999 Vatic.
1328 2971 1354 2998 et
1375 2969 1539 3000 adpetat:
1577 2965 1658 3008 κρέα

188 3008 219 3038 ’2.
245 3006 418 3050 emanata-2
442 3011 507 3040 cod.
533 3011 658 3048 Rhediff.
921 3013 986 3042 cod.
1008 3013 1132 3049 Rhediq.
1154 3015 1180 3042 et
1202 3013 1247 3043 ed.
1267 3015 1364 3051 princ.
