2034 3267
475 188 652 221 PANARn
676 188 758 221 ΜΒ.
774 190 799 221 1.
825 189 932 222 TOM.
953 190 1007 221 nr.
1029 189 1158 222 HAER.
1176 189 1296 222 XLVI.
1565 181 1644 221 713

125 267 379 323 reperiemus.
440 267 496 309 lta
532 283 607 309 non
633 268 707 309 iam
735 268 850 309 multa
878 266 1096 324 Principia,
1138 269 1204 309 sed
1232 282 1348 309 unum
1380 268 1475 319 erit,
1519 283 1541 309 a
1572 282 1646 322 quo

127 342 257 376 cetera
280 336 517 391 dependent,
551 344 590 376 et
609 337 653 376 ad
677 337 788 376 unius
814 336 1011 390 imperium
1038 336 1220 377 universa
1243 338 1483 386 referentur,
1515 336 1647 389 sicque

125 403 246 444 fallax
272 418 316 444 ac
342 405 471 445 fucosa
493 404 593 445 illius
616 405 739 444 oratio
759 404 956 453 concidet,
991 404 1082 444 nihil
1107 405 1189 459 ipsa
1210 404 1360 458 quidem
1383 403 1558 444 veritatis
1582 403 1647 442 ha-

124 471 242 521 bens,
283 485 327 511 ac
357 473 418 512 vel
449 472 551 512 omni
576 471 842 526 probabilitate
870 471 1067 512 destituta.
1131 470 1256 512 Stulta
1286 472 1421 526 quippe
1449 478 1528 511 tota
1553 470 1647 511 haec

126 547 185 580 est
215 540 356 595 opinio.
416 538 519 580 Nam
550 539 582 580 si
612 540 783 580 Adamus
807 540 968 579 salutem
995 539 1150 579 minime
1183 547 1240 579 est
1267 540 1448 593 adeptus,
1493 539 1564 579 hoc
1589 546 1648 579 est

125 607 208 662 ipsa
239 608 516 661 quodammodo
547 607 702 661 generis
733 621 881 656 massa,
926 621 996 647 nec
1030 607 1102 647 ulla
1136 621 1287 647 massae
1320 607 1430 647 huius
1461 606 1645 661 particula

124 676 272 716 servari
297 675 450 730 poterit.
511 673 554 716 Si
577 675 677 715 enim
702 675 762 729 qui
787 675 929 730 primus
954 675 1120 715 omnium
1143 675 1318 716 conditus
1343 681 1421 725 est,
1455 682 1494 715 et
1517 688 1566 714 ex
1588 674 1646 713 in-

125 749 232 797 tegra
263 743 385 783 adhuc
417 750 520 783 terra
549 744 756 793 formatus,
801 743 935 783 salutis
959 743 1113 783 minime
1138 751 1197 784 est
1221 742 1434 798 particeps,
1480 755 1576 796 quae
1600 741 1645 781 ab

125 811 258 851 eodem
291 817 375 851 orta
406 817 495 850 sunt
523 825 596 864 quo
629 811 779 850 tandem
811 818 922 864 pacto
954 811 1116 851 salutem
1147 810 1400 851 obtinebunt?

236 877 495 932 Quamobrem
519 878 666 918 duobus
688 879 809 919 modis
833 893 962 919 secum
991 880 1073 934 ipse
1094 887 1256 933 pugnat,
1301 879 1398 933 quod
1431 885 1468 918 et
1492 877 1643 932 nuptias

124 946 271 988 auctori
291 947 361 986 deo
381 945 601 986 tribuendas
623 954 751 1000 negat,
786 960 926 1001 easque
948 946 1130 1000 flagitium
1152 955 1190 987 et
1210 947 1436 987 adulterium
1458 946 1643 996 nominat,

123 1022 162 1055 et
182 1015 350 1069 seipsum
370 1014 616 1054 nihilominus
640 1028 660 1054 e
684 1015 841 1054 muliere
863 1022 1090 1069 prognatum
1116 1023 1229 1069 atque
1250 1029 1302 1055 ex
1327 1015 1427 1055 virili
1452 1022 1537 1055 satu
1560 1028 1646 1069 pro-

123 1090 292 1123 creatum
325 1081 474 1123 servari
506 1095 619 1135 posse
651 1082 819 1122 confidit.
883 1080 970 1135 Qua
995 1082 1145 1136 quidem
1167 1084 1314 1123 ratione
1338 1083 1503 1138 priorem
1526 1082 1643 1131 illam,

122 1164 233 1205 quam
260 1150 401 1204 nuptiis
427 1149 686 1204 imposuerat,
729 1150 999 1190 contumeliam
1031 1150 1203 1191 rescidit.
1267 1149 1308 1192 Si
1340 1150 1440 1191 enim
1473 1151 1535 1190 ille
1564 1150 1646 1204 ipse

122 1218 310 1273 originem
336 1217 491 1257 trahens
516 1232 535 1258 e
561 1218 702 1273 nuptiis
725 1218 887 1258 salutem
910 1219 1180 1273 consequitur,
1216 1234 1291 1259 non
1318 1219 1433 1272 igitur
1455 1219 1647 1258 detestan-

121 1286 192 1328 dae
227 1293 317 1327 sunt
350 1286 524 1340 nuptiae,
571 1300 666 1340 quae
698 1300 766 1326 eos
802 1287 982 1340 gignant,
1030 1287 1165 1340 quibus
1200 1287 1302 1327 salus
1340 1286 1539 1326 tribuenda
1580 1285 1645 1336 sit,

120 1367 396 1410 quamcumque
427 1355 577 1394 demum
611 1362 755 1409 partem
790 1354 945 1408 eligant.
1010 1352 1121 1407 Quod
1153 1356 1184 1394 si
1221 1369 1311 1395 vera
1344 1354 1393 1395 sit
1426 1354 1646 1394 eorumdem

121 1423 332 1472 sententia,
375 1430 415 1462 ut
437 1422 591 1463 illicitae
615 1422 693 1462 sint
717 1423 893 1477 nuptiae,
939 1430 1044 1463 tanto
1071 1424 1192 1477 magis
1219 1423 1407 1463 Adamum
1433 1422 1554 1476 ipsum
1580 1436 1648 1476 par

122 1497 182 1532 est
202 1490 335 1531 salutis
359 1497 572 1545 compotem
597 1490 702 1540 fieri,
736 1491 796 1544 qui
822 1491 934 1531 nullis
960 1498 1189 1546 propagatus
1212 1490 1353 1546 nuptiis
1374 1490 1491 1543 patris
1517 1504 1560 1530 ac
1584 1489 1647 1529 filii

120 1566 159 1600 et
180 1558 338 1614 spiritus
364 1558 483 1598 sancti
508 1571 620 1597 manu
643 1565 702 1598 cst
722 1559 881 1609 effictus,
915 1559 1231 1613 quemadmodum
1256 1558 1444 1613 scriptura
1468 1565 1646 1608 testatur,

1670 887 1748 931 Cap.
1774 887 1830 918 111.

122 1641 205 1668 cum
244 1626 295 1666 ita
327 1633 436 1680 pater
468 1626 582 1666 filium
613 1626 812 1680 alloquens
842 1627 1118 1668 introducitur:
1164 1630 1359 1666 Faciamus
1390 1630 1566 1666 hominem
1596 1628 1646 1664 ad
1662 1637 1737 1664 Gen.
1752 1637 1777 1671 1,
1792 1637 1834 1664 26.

121 1698 336 1746 imaginem,
381 1702 418 1733 et
441 1696 714 1733 similitudinem
740 1702 917 1734 nostram.
982 1693 1057 1747 Qui
1085 1709 1200 1750 porro
1229 1695 1410 1735 convenit
1436 1695 1642 1746 Adamum,

122 1776 232 1818 quem
257 1776 325 1817 pro
348 1762 551 1816 desperato
572 1762 712 1812 habes,
747 1777 766 1801 a
787 1763 910 1803 salute
933 1763 1098 1803 alienum
1123 1777 1225 1813 esse,
1259 1778 1343 1804 eum
1368 1763 1541 1804 dominus
1564 1764 1646 1818 ipse

119 1829 231 1872 Iesus
257 1828 435 1871 Christus
467 1830 502 1870 in
530 1830 630 1871 hunc
657 1831 835 1871 mundum
860 1831 1020 1872 veniens
1046 1832 1123 1871 vita
1148 1832 1221 1871 iam
1249 1832 1447 1871 defunctos
1473 1831 1645 1872 homines
1665 1842 1765 1869 loann.
1783 1842 1824 1869 11.

121 1912 283 1954 corpore
302 1900 385 1953 ipso
407 1898 618 1949 suscitarit,
652 1899 703 1939 uti
728 1897 940 1948 Lazarum,
973 1914 1017 1938 ac
1040 1899 1177 1940 viduae
1201 1899 1330 1948 lilium,
1364 1907 1400 1939 et
1423 1913 1646 1954 synagogae

122 1966 303 2022 principis
335 1966 463 2006 filiam.
525 1964 627 2006 Nam
656 1967 686 2006 si
715 1967 745 2006 is
769 1981 1005 2022 nequaquam
1032 1967 1218 2008 Adamum
1242 1967 1349 2007 initio
1373 1968 1417 2007 de
1442 1975 1544 2008 terra
1571 1969 1646 2008 sor-

120 2041 286 2084 masset,
330 2048 399 2074 cur
427 2034 464 2074 in
492 2034 643 2074 liumum
667 2035 856 2089 despuens
887 2037 1005 2076 lutum
1031 2037 1172 2076 faceret
1189 2068 1198 2084 ‚
1241 2037 1399 2089 eiusque
1425 2036 1487 2089 qui
1509 2049 1647 2076 caecus

124 2110 238 2144 natus
266 2104 392 2144 fuerat
414 2103 534 2142 oculis
556 2102 745 2153 illineret‚
780 2103 889 2158 eique
913 2104 1035 2144 visum
1058 2104 1261 2144 redderet?
1322 2102 1409 2157 Quo
1435 2105 1535 2143 facto
1557 2118 1646 2144 con-

122 2171 282 2212 ditorem
305 2184 347 2210 se
367 2184 454 2211 esse
474 2185 557 2211 cum
579 2178 686 2225 patre
708 2184 753 2211 ac
773 2172 908 2226 spiritu
929 2180 1062 2212 sancto
1085 2173 1286 2213 manifeste
1310 2171 1534 2223 declaravit,
1561 2186 1645 2212 cum

122 2246 267 2295 partem
292 2238 415 2289 illam,
448 2253 545 2293 quae
571 2253 685 2280 caeco
712 2247 800 2280 nato
827 2240 979 2290 deerat,
1015 2241 1197 2296 adsperso
1227 2241 1328 2291 luto,
1363 2240 1534 2280 mutilato
1561 2254 1645 2281 cor-

122 2307 226 2363 poris
256 2306 428 2347 membro
457 2307 638 2348 restituit.
702 2305 754 2348 Ut
784 2309 884 2348 enim
911 2323 1086 2349 mancum
1114 2308 1214 2349 istud
1239 2308 1447 2349 membrum
1475 2309 1646 2363 corrige-

122 2382 206 2427 ret,
250 2375 322 2415 hoc
346 2374 472 2428 egisse
496 2376 663 2416 videtur.
725 2374 806 2416 lam
833 2391 927 2417 vero
953 2377 984 2417 si
1010 2377 1198 2417 Adamum
1224 2376 1398 2417 dominus
1424 2376 1507 2431 ipse
1532 2377 1646 2418 fabri-

123 2444 246 2494 cavit,
279 2456 323 2483 ac
346 2443 506 2498 primum
529 2443 618 2484 illud
645 2458 755 2484 snum
779 2459 873 2500 opus
900 2445 1145 2485 nibilominus
1168 2444 1417 2495 exterminat,
1451 2446 1537 2485 dnm
1557 2446 1647 2486 reli-

123 2526 219 2566 quos
240 2511 394 2570 interim
420 2519 574 2563 servat,
608 2520 747 2567 quanta
771 2513 885 2564 haec,
921 2512 1111 2562 Tatianc,
1146 2512 1305 2552 stultitia
1329 2513 1415 2552 est?
1473 2511 1646 2554 Imbecil-

121 2579 266 2620 litatem
291 2579 390 2619 enim
415 2579 584 2631 domino,
612 2588 793 2634 quantum
816 2580 854 2621 in
878 2588 913 2621 te
937 2588 1009 2629 est,
1037 2580 1208 2634 affingist,
1242 2581 1304 2634 qui
1327 2594 1410 2620 cum
1437 2581 1642 2633 hominem,

123 2661 233 2701 quem
256 2654 345 2688 ante
368 2661 501 2689 omnes
523 2649 747 2698 effinxerat,
782 2649 828 2688 ob
853 2649 1001 2689 unicum
1023 2648 1152 2688 violati
1177 2648 1343 2691 mandati
1366 2648 1509 2690 crimen
1531 2663 1551 2690 e
1571 2648 1645 2690 Pa-

123 2715 252 2756 radiso
275 2716 495 2770 depulsum,
530 2730 601 2756 nec
627 2715 810 2756 mediocri
835 2716 1168 2757 animadversione
1194 2717 1444 2769 castigatum,
1477 2724 1516 2757 ut
1540 2725 1644 2759 aeta-

122 2819 211 2857 alque
237 2819 357 2850 Pelavii
385 2819 624 2850 emendationem
653 2821 771 2850 secutus
799 2828 858 2851 non
902 2821 982 2851 ratio
1002 2822 1189 2857 structurae,
1221 2820 1324 2850 literae
1347 2821 1362 2851 ἒ
1386 2822 1413 2850 et
1436 2821 1451 2851 ῐ
1477 2823 1504 2851 el
1525 2823 1553 2862 μῗ
1568 2822 1643 2852 lale-

123 2862 262 2894 dubitavi
284 2865 316 2895 in
340 2862 507 2904 εἰρημένον
531 2866 660 2894 mutare.
903 2866 975 2896 bant
1005 2866 1035 2894 in
1058 2865 1177 2902 syllaba
1202 2865 1246 2896 ε”.ᾞ
1273 2866 1356 2895 verbi
1384 2866 1465 2903 quod
1488 2868 1643 2904 praecedit

167 2905 197 2938 3.
221 2908 305 2939 Libri
328 2910 436 2939 habent
457 2907 595 2951 βλέπειν,
619 2906 672 2940 ἵνα
691 2911 756 2940 cett.
799 2910 857 2941 Re·
904 2908 1050 2952 βλέπειν,
1084 2912 1111 2939 et
1139 2910 1258 2940 literam
1281 2912 1303 2951 ῆ
1334 2911 1485 2949 absorpsit
1511 2912 1599 2943 litera
1624 2914 1639 2943 ἶ

121 2953 210 2991 posui
234 2951 378 2995 βλέπειν,
413 2951 442 2985 εἰ
467 2951 512 2994 μή
538 2951 590 2984 ἵνα
613 2956 677 2984 cett.
729 2955 857 2985 Vocula-
901 2955 1042 2986 vocabuli
1063 2952 1136 2995 ἵνα,
1161 2954 1243 2994 quod
1265 2957 1408 2994 sequitur.

122 3005 191 3028 rum
213 2998 351 3030 videlicet
380 2996 409 3031 εἰ
432 2995 500 3040 μή,
535 3007 612 3037 quas
635 2998 683 3030 hic
705 2999 858 3031 desiderat

1665 1886 1735 1914 Luc.
1755 1887 1781 1914 7.

1667 1932 1761 1960 Marc.
1780 1932 1805 1959 5.
