2034 3267
432 189 607 220 PANARH
634 189 713 221 [ΑΒ.
735 190 759 221 Ι.
784 190 888 222 ΤΟΜ.
909 191 945 221 ΙΙ.
984 191 1110 223 HAER.
1136 192 1278 223 XXVII.
1533 186 1609 225 205]

98 270 298 319 legitimum
322 275 395 314 est,
430 267 464 306 id
491 268 588 321 quod
612 266 754 308 Paulus
778 268 972 322 apostolus
1002 270 1169 310 tradidit.
1230 268 1423 324 Siquidem
1452 279 1607 326 propter

95 335 347 375 abominanda
369 334 538 389 ipsorum
560 336 672 386 facta,
706 350 855 376 merces
877 337 949 375 illis
974 344 1232 377 consentanea
1259 338 1453 378 reddetur.
1501 338 1604 379 Nam

95 416 177 442 cum
201 401 366 442 animum
392 416 501 442 suum
524 403 602 457 rapi
625 403 789 443 libidinis
812 404 954 456 impetu
976 417 1020 442 ac
1043 405 1172 444 furore
1197 405 1454 458 permiserint,
1487 406 1604 446 in·in-

93 470 197 510 linita
221 483 308 509 sese
334 469 567 523 voluptatum
594 484 736 523 genera
759 470 987 524 praecipites
1013 472 1266 511 committunt.
1329 471 1386 513 lta
1406 474 1504 513 euim
1529 474 1604 514 dis-

92 544 246 591 putant,
280 550 376 590 quae
407 537 452 576 ab
487 537 700 577 hominibus
727 537 822 576 mala
849 537 1085 587 iudicantur,
1120 552 1162 577 ea
1187 539 1339 580 minime
1371 542 1466 581 mala
1498 555 1601 592 esse,

92 604 158 644 sed
184 604 343 644 honesta
368 612 518 644 natura.
562 603 669 644 Nihil
689 604 787 643 enim
813 610 945 643 natura
969 604 1106 643 malum
1131 612 1203 655 est,
1232 608 1297 646 sed
1322 607 1368 646 ab
1391 608 1603 651 hominibus

91 671 276 711 duntaxat
299 686 416 724 prava
440 678 658 711 censentur.
721 668 831 722 Quae
856 671 887 709 si
913 671 995 723 quis
1016 671 1139 710 omnia
1164 672 1201 710 in
1224 672 1290 712 hac
1315 688 1388 714 nna
1411 677 1603 728 praesenti

88 738 168 778 vita
189 740 407 793 perfecerit,
442 740 524 779 eius
546 738 667 778 anima
689 751 764 776 non
786 738 946 791 amplius
967 738 1005 776 in
1026 738 1099 777 alia
1122 752 1284 792 corpora
1307 743 1598 794 transfunditur,

89 813 131 845 ut
154 805 191 845 in
214 806 310 845 hauc
331 807 451 846 lucem
482 807 605 845 denuo
634 811 878 857 procreetur,
913 805 979 844 sed
1007 804 1107 844 omni
1133 805 1322 846 actionum
1350 821 1491 860 genere
1515 825 1601 864 per-

89 874 213 913 functa
235 873 351 912 libera
374 880 486 926 atque
509 871 685 911 immunis
710 872 905 922 abscedet,
936 885 1019 911 eum
1042 871 1180 911 nullius
1202 873 1323 913 adhue
1344 875 1380 913 in
1402 875 1471 915 hoc
1492 890 1599 917 mun-

88 940 134 980 do
170 940 294 980 debito
325 939 485 979 actionis
514 938 718 990 obligetur.
782 936 1004 979 Cuiusmodi
1034 953 1128 978 vero
1161 940 1348 980 actionem
1386 941 1600 996 intelligant

86 1021 236 1047 rursum
260 1007 453 1061 explicare
482 1019 644 1054 vereor,
679 1019 727 1045 ne
751 1006 856 1046 velut
882 1013 1053 1060 opertum
1078 1020 1260 1057 coenum,
1294 1009 1345 1047 ita
1371 1011 1599 1062 graveolen-

87 1081 162 1114 tem
188 1074 285 1114 lianc
310 1073 475 1113 cloacam
509 1072 699 1126 aperiam,
734 1087 778 1113 ac
806 1075 1013 1127 pestiferae
1044 1074 1238 1114 cuiusdam
1267 1075 1522 1117 exhalationis
1553 1092 1598 1118 ac

90 1141 251 1181 foetoris
273 1140 514 1181 occasionem
538 1140 760 1193 quibusdam
782 1140 916 1180 videar
936 1140 1175 1195 praebuisse.
1237 1140 1312 1183 Sed
1336 1144 1596 1196 nihilominus,

90 1222 173 1248 cum
199 1222 258 1248 me
284 1206 428 1248 veritas
451 1206 532 1261 ipsa
555 1207 829 1260 quodammodo
859 1216 992 1261 cogat,
1025 1216 1066 1248 ut
1089 1209 1159 1248 hoc
1189 1223 1322 1249 errore
1344 1210 1598 1253 laborantium

88 1275 280 1314 hominum
305 1288 444 1314 arcana
469 1275 716 1328 patefaciam,
747 1289 830 1315 eam
853 1275 943 1314 mibi
966 1275 1231 1315 necessitatem
1255 1277 1465 1331 imponam,
1499 1287 1541 1319 ut
1562 1287 1601 1320 et

87 1342 368 1382 honestioribus
391 1356 435 1382 ea
456 1341 586 1382 verbis
611 1356 805 1392 enarrem,
838 1350 876 1382 et
897 1356 916 1381 a
941 1343 995 1382 rei
1018 1343 1179 1384 veritate.
1202 1357 1436 1398 nequaquam
1462 1346 1598 1387 abhor-

85 1422 204 1449 ream.
266 1408 366 1462 Quid
389 1409 506 1462 igitur
529 1410 589 1449 isti
615 1409 712 1449 aliud
739 1417 892 1463 praeter
913 1411 1168 1450 execrandum
1193 1411 1281 1450 illud
1306 1426 1350 1451 ac
1374 1413 1598 1455 detestabile

84 1475 265 1529 flagitium
290 1477 544 1527 committunt,
578 1477 675 1530 quod
701 1490 747 1516 ne
773 1491 950 1516 sermone
976 1477 1124 1530 quidem
1150 1478 1368 1532 exprimere
1389 1480 1492 1531 licet,
1526 1482 1597 1522 boc

83 1550 141 1583 est
175 1551 458 1598 praeposteram
492 1543 651 1583 marium
684 1544 1019 1594 consuetudinem,
1054 1552 1118 1584 aut
1147 1545 1478 1588 libidinosissimos
1511 1563 1596 1589 cum

84 1610 236 1651 feminis
263 1611 429 1665 qualibet
451 1612 623 1665 corporis
650 1618 755 1664 parte
780 1611 1025 1661 concubitus,
1061 1619 1136 1652 tum
1161 1613 1330 1667 magicas
1355 1615 1512 1669 insuper
1533 1630 1596 1657 ar-

84 1685 141 1718 tes
170 1693 212 1718 ae
237 1679 446 1729 veneficia,
479 1679 740 1732 idolorumque
771 1679 908 1718 cultus,
969 1678 1097 1732 Atque
1132 1680 1229 1720 hanc
1263 1680 1592 1723 dissolvendorum

81 1746 254 1800 corporis
287 1746 498 1786 debitorum
527 1747 713 1786 rationem
750 1759 835 1785 esse
863 1746 1110 1795 confirmant,
1143 1761 1191 1787 ne
1222 1749 1401 1802 appellari
1432 1751 1593 1804 amplius

81 1813 252 1867 possint,
285 1820 349 1852 aut
379 1813 424 1852 ab
452 1813 499 1853 iis
530 1813 622 1867 ipsis
655 1828 747 1867 opus
779 1813 927 1866 aliquod
955 1821 1173 1867 repetatur,
1207 1828 1329 1868 eoque
1360 1817 1471 1857 modo
1502 1818 1592 1858 illud

81 1880 268 1931 obtineri,
299 1887 340 1920 ut
364 1894 412 1920 ne
436 1888 680 1934 posteaquam
706 1881 792 1920 hinc
816 1881 1029 1920 excesserit
1055 1882 1179 1921 anima
1208 1884 1332 1924 denuo
1356 1891 1589 1936 revertatur,

81 1954 119 1987 et
140 1948 185 1987 ad
207 1948 291 1987 illos
315 1948 436 1987 aliena
461 1948 498 1987 iu
524 1962 686 2002 corpora
709 1948 891 1987 transitus
914 1961 957 1987 ae
980 1948 1228 2002 migrationes
1252 1964 1339 1991 sese
1363 1952 1519 1992 referat.

191 2013 390 2054 Eiusmodi
415 2015 514 2054 enim
543 2016 690 2055 illorum
720 2019 961 2054 monumenta
987 2022 1096 2065 sunt,
1131 2024 1172 2056 ut
1192 2018 1223 2057 si
1245 2019 1327 2071 quis
1359 2032 1403 2058 ea
1434 2019 1588 2073 sapiens

79 2080 230 2135 legerit,
260 2082 508 2122 vehementer
527 2083 785 2135 obstupescat,
812 2083 954 2136 vixque
977 2083 1023 2122 ab
1042 2083 1256 2124 hominibus
1277 2085 1358 2125 fieri
1381 2086 1453 2127 ista
1475 2102 1589 2142 posse

77 2149 149 2188 sibi
174 2149 423 2203 persuadeat,
457 2164 532 2189 non
557 2150 667 2188 modo
697 2149 744 2189 iis
774 2150 894 2189 nostri
920 2151 1074 2203 generis
1099 2151 1334 2202 hominibus,
1369 2154 1431 2207 qui
1457 2154 1496 2194 in
1525 2169 1587 2195 re-

77 2216 226 2270 publica
251 2223 480 2266 versantur,
514 2217 580 2256 sed
602 2217 714 2256 etiam
745 2216 793 2256 iis
816 2217 877 2270 qui
899 2218 937 2256 in
961 2218 1085 2257 medio
1109 2219 1276 2259 ferarum
1307 2221 1510 2261 earundem
1541 2235 1585 2262 ac

76 2284 260 2338 pecudum
284 2283 428 2324 similes
452 2285 615 2337 degunt,
650 2284 786 2337 quique
808 2299 890 2324 cum
918 2285 1074 2326 canibus
1098 2300 1142 2326 ac
1164 2286 1295 2326 suibus
1320 2287 1424 2341 paria
1449 2302 1585 2344 prope-

75 2351 226 2390 modum
260 2357 493 2405 perpetrant.
555 2349 748 2404 Siquidem
779 2351 947 2406 experiri
980 2352 1105 2393 omnia
1138 2360 1314 2407 oportere
1345 2354 1494 2406 dicunt,
1535 2370 1584 2397 ne

78 2430 260 2470 egressae
285 2419 397 2458 istinc
425 2418 594 2467 animae,
629 2432 743 2471 opere
766 2419 887 2473 aliquo
912 2420 1206 2473 praetermisso,
1241 2420 1287 2460 oh
1314 2420 1350 2460 id
1380 2436 1512 2463 rursus
1543 2424 1581 2464 in

73 2498 235 2538 corpora
271 2486 585 2540 compingandum
621 2486 830 2538 perficiant.
890 2486 975 2526 Hoc
1003 2500 1095 2526 vero
1121 2489 1241 2542 ipsum
1271 2501 1380 2539 esse,
1414 2491 1512 2542 quod
1540 2491 1578 2531 in

75 2552 274 2605 evangelio
309 2551 417 2592 Iesus
452 2553 520 2592 hac
556 2552 734 2606 parabola
767 2553 978 2607 significat:
1024 2557 1139 2602 Esto,
1172 2555 1315 2608 inquit,
1348 2561 1574 2597 consentiens

71 2621 284 2658 adversario
305 2628 386 2667 tuo,
420 2623 504 2658 dum
527 2622 644 2658 adlzztc
668 2634 706 2658 es
730 2623 766 2658 in
786 2624 844 2659 m'a
867 2636 946 2660 cam
971 2624 1070 2672 ipso,
1104 2630 1143 2660 et
1158 2625 1203 2661 da
1231 2637 1376 2673 operam
1402 2632 1445 2662 ut
1466 2626 1512 2662 ab
1535 2640 1576 2664 eo

75 2686 262 2734 libereris,
296 2702 340 2726 ne
363 2689 463 2739 forte
488 2690 612 2725 tradat
636 2695 669 2725 te
689 2690 921 2727 adversarias
944 2692 1077 2736 iuda-l,
1112 2698 1150 2728 et
1176 2693 1288 2728 iudex
1308 2693 1434 2729 tradat
1454 2700 1488 2730 te
1510 2696 1576 2731 mi-

75 2755 210 2801 metro,
244 2762 280 2793 et
301 2758 466 2793 minister
487 2757 523 2792 ia
548 2769 731 2793 carcerem
754 2762 788 2793 te
806 2759 937 2795 mittat.
998 2761 1131 2804 Amen,
1165 2772 1267 2795 amen
1287 2760 1367 2796 dico
1392 2760 1469 2805 te'bz',
1502 2774 1574 2798 non

74 2822 171 2857 arces
194 2824 297 2868 inde,
331 2825 443 2861 donec
463 2825 595 2860 reddas
617 2825 847 2861 noves-simam
869 2826 1120 2875 quadrantem.
1186 2821 1257 2864 Cui
1282 2825 1430 2877 quidem
1457 2826 1575 2866 iuter-

121 2928 194 2961 Cn.
209 2932 248 2964 V.
273 2951 316 2956 —
353 2933 378 2965 1.
404 2932 547 2966 ἐπίλυσιν
569 2935 710 2974 rescripsi
730 2934 803 2964 Cor·
846 2945 938 2974 quam
970 2937 1092 2975 firmare
1122 2939 1241 2968 videtur
1272 2938 1337 2968 cod.
1364 2939 1511 2978 Rhedtq„
1543 2941 1575 2970 in

77 2975 157 3003 narii
191 2979 217 3006 et
247 2978 366 3009 Petavii
400 2980 636 3010 emendationem
674 2981 801 3017 secutus,
845 2989 903 3019 quo
923 2982 1031 3019 leqilnr
1050 2980 1151 3014 ἐπίλῦ.
1191 2983 1286 3021 I'ulgyo
1307 2986 1388 3013 extat
1409 2981 1571 3024 ἐπίληψιν.

144 3026 255 3062 Corpus
275 3030 448 3058 Haereseol.
469 3031 504 3059 tl.
1259 3042 1305 3079 14

1614 2026 1691 2071 Cap.
1715 2029 1752 2060 V.

1608 2565 1718 2594 Matth.

1623 2601 1648 2634 5,
1666 2602 1707 2629 25.
