2034 3267
542 189 715 220 rammi
742 189 824 220 Lm.
846 190 867 219 t.
893 190 999 222 TOM.
1026 190 1064 221 u.
1091 191 1218 221 men.
1239 190 1372 221 xxxi.
1642 181 1712 219 331

308 268 378 309 His
412 269 462 308 ita
498 269 715 309 constitutis
752 269 910 324 primum
947 270 1049 309 illum
1083 268 1288 310 Parentem
1325 269 1371 310 ab
1407 267 1586 323 Unigena
1618 268 1718 319 soto,
1748 279 1823 322 Cap.
1848 280 1924 311 ΧΗ.

196 351 305 392 quem
333 337 364 377 is
388 336 592 391 produxit,
638 337 699 390 qui
723 337 821 376 idem
851 344 887 376 et
912 336 997 376 Nus
1022 337 1181 387 dicitur,
1224 338 1404 391 cognosci
1428 337 1632 388 deliniunt3
1677 336 1722 376 ab

196 405 354 459 reliquis
387 405 561 445 omnibus
593 419 716 459 neque
748 405 866 445 videri
903 418 1038 458 posse,
1084 418 1208 459 neque
1238 406 1364 445 auimo
1390 405 1721 458 intelligentiaque

195 473 480 528 comprehendi.
552 472 810 526 Quamobrem
851 486 935 512 cum
971 471 1147 512 Parentis
1178 474 1499 526 contemplatione
1534 487 1621 513 sese
1659 473 1722 512 ille

195 555 293 581 uuus
317 542 541 590 oblectaret,
576 548 689 595 atque
711 541 894 580 immensa
914 539 1013 579 illius
1037 540 1296 594 magnitudine.
1318 541 1587 594 cognoscenda
1608 541 1724 581 velie--

195 616 346 649 menter
367 610 573 658 exultaret,
597 609 778 648 statuisse
801 607 960 660 reliquis
982 608 1182 647 Aeonibus
1206 606 1382 648 Parentis
1404 610 1554 662 aperire
1577 608 1724 662 magni-

195 677 387 727 tudinem,
433 683 595 731 quantus
623 676 704 725 hic,
748 689 935 729 quamque
958 675 1193 715 admirabilis
1220 677 1341 726 foret,
1385 683 1500 730 utque
1523 684 1560 716 et
1582 676 1721 730 princi-

194 745 292 800 cipio
315 751 489 795 careret,
521 750 559 783 et
584 743 685 783 nullo
707 744 830 798 spatio
856 757 899 782 ac
924 743 1145 794 cognitione
1171 743 1251 797 capi
1274 750 1419 797 posset.
1483 742 1560 784 Sed
1584 745 1618 783 id
1647 759 1720 797 quo

195 814 319 853 minus
345 818 578 867 praestaret,
625 809 743 864 Sigen
770 811 814 850 de
839 809 1017 850 Parentis
1043 811 1278 864 repressisse
1306 811 1491 860 consilio,
1535 813 1633 865 quod
1659 812 1722 851 illc

193 881 354 921 Aeones
383 893 515 920 omnes
541 878 676 918 summi
703 879 747 918 ad
772 876 951 918 Parentis
978 878 1151 918 notitiam
1178 878 1487 932 desideriumque
1511 881 1722 933 perducere

194 949 396 988 niteretur.
447 948 504 987 Ac
528 946 645 986 ceteri
670 946 818 1000 quidem
839 960 888 986 ex
912 946 1091 986 Aeonum
1115 960 1233 1000 grege
1258 954 1454 987 auctorem
1477 954 1721 1001 satoremque

194 1030 328 1066 suum,
372 1015 442 1054 hoc
473 1021 530 1054 est
562 1014 718 1068 stirpem
753 1014 853 1054 illam
880 1013 1124 1068 radicemque
1150 1014 1322 1069 principii
1348 1022 1549 1069 expertem
1579 1015 1719 1065 omnis,

194 1097 308 1124 nosse
339 1082 501 1122 comiter
530 1096 574 1122 ac
602 1082 797 1122 moderate
824 1082 1042 1136 cupiebant.
1105 1080 1182 1123 Sed
1209 1081 1408 1138 Sapientia
1432 1082 1588 1123 ultimus
1612 1090 1722 1122 natu-

193 1165 264 1206 que
291 1150 466 1190 minimus
493 1149 606 1190 Aeon
633 1164 683 1190 ex
711 1149 773 1190 illa
803 1149 1032 1200 Dodecade,
1077 1164 1174 1204 quae
1201 1150 1247 1190 ab
1274 1150 1441 1191 Homine
1466 1150 1721 1205 Ecclesiaque

192 1224 398 1273 propagata
431 1225 511 1268 est,
557 1218 671 1272 louge
706 1218 846 1258 ceteris
879 1219 1195 1273 intemperantius
1235 1233 1322 1260 sese
1361 1220 1514 1259 extulit.
1588 1217 1721 1273 ltaque

191 1287 273 1327 sine
293 1285 446 1326 Theleti
470 1286 647 1340 coniugis
670 1287 909 1341 copulatione
930 1286 1171 1326 affectionem
1194 1288 1231 1327 in
1255 1301 1296 1327 56
1323 1288 1510 1342 quandam
1535 1288 1719 1342 suscepit,

191 1368 287 1408 quae
310 1354 347 1394 in
369 1352 505 1394 Mente
527 1369 570 1394 ac
596 1353 771 1394 Veritate
795 1362 930 1409 coepta
951 1355 1055 1410 prius
1076 1355 1112 1394 in
1137 1355 1328 1395 infelicem
1350 1356 1452 1395 illum
1477 1363 1515 1396 et
1537 1357 1721 1396 aberrau—

190 1430 266 1462 tem
292 1423 467 1462 Aeonem
494 1422 687 1473 incubuit,
723 1436 819 1476 quae
840 1423 968 1477 speeie
991 1423 1140 1476 quidem
1165 1424 1335 1464 caritatis
1358 1425 1548 1475 excitata,
1583 1438 1722 1466 revera

192 1490 420 1531 temeritatis
446 1498 559 1545 atque
585 1490 766 1530 audaciae
793 1491 881 1541 fuit,
917 1491 1014 1545 quod
1048 1506 1131 1530 cum
1162 1493 1333 1545 perlecto
1357 1490 1526 1533 Parente
1552 1507 1722 1533 commu-

190 1560 316 1599 nicata
342 1559 496 1599 minime
524 1560 660 1599 fuerat.
724 1557 820 1599 Erat
847 1566 973 1599 autem
1002 1559 1096 1599 haec
1123 1560 1238 1599 aniini
1267 1561 1494 1612 commotio,
1540 1559 1721 1601 Parentis

187 1627 405 1681 inquirendi
429 1627 617 1678 studium,
652 1627 758 1667 cuius
775 1659 784 1677 ,
821 1635 859 1667 ut
884 1627 1013 1678 aiunt,
1047 1628 1348 1682 magnitudinem
1372 1629 1592 1683 cognitione
1615 1643 1722 1669 asse-

190 1695 251 1749 qui
283 1695 554 1736 contendebat.
619 1694 762 1735 Verum
795 1697 936 1736 frustra
960 1695 1180 1746 laborabat,
1225 1698 1323 1750 quod
1356 1711 1438 1738 eam
1470 1711 1549 1737 rem
1579 1711 1720 1737 coucu-

190 1763 362 1818 piverat,
408 1777 504 1817 quae
541 1763 704 1803 obtineri
736 1764 838 1803 nullo
872 1765 984 1804 modo
1015 1771 1161 1818 posset.
1226 1763 1355 1818 ltaque
1389 1780 1472 1805 etun
1504 1765 1542 1805 in
1574 1779 1722 1806 summa

190 1831 438 1871 contentione
462 1838 501 1871 et
526 1832 723 1872 anxietate
746 1839 993 1882 versaretur,
1028 1846 1071 1872 ac
1098 1839 1255 1887 propter
1280 1840 1317 1873 et
1342 1833 1527 1873 infinitam
1554 1833 1721 1874 altitudi-

189 1913 276 1939 nem
310 1906 345 1938 et
371 1898 548 1939 Parentis
582 1907 756 1939 naturam
790 1900 998 1950 eiusmodi,
1042 1907 1083 1941 ut
1109 1901 1153 1940 ad
1184 1915 1266 1941 eam
1292 1901 1405 1942 nullis
1432 1901 1608 1955 vestigiis
1636 1916 1722 1956 per-

188 1968 363 2017 veniret,
399 1975 436 2007 et
463 1968 508 2007 ob
534 1982 640 2008 suam
665 1967 702 2007 in
729 1968 830 2008 illum
857 1967 1020 2022 (lenique
1046 1969 1271 2019 caritatem,
1307 1983 1399 2024 prae
1424 1970 1507 2009 eius
1531 1971 1720 2011 suavitate

188 2049 342 2090 semper
372 2035 470 2075 ultra
502 2042 772 2090 procurreret,
818 2043 1012 2090 postremo
1037 2037 1128 2076 nihil
1149 2050 1236 2077 6556
1258 2037 1414 2092 propius
1442 2039 1580 2078 factum
1609 2053 1720 2092 quam

187 2110 229 2144 ut.
249 2103 287 2143 in
309 2103 530 2144 universam
554 2104 735 2158 absorpta
758 2111 933 2144 naturam
956 2119 1000 2144 ac
1019 2106 1190 2145 resoluta
1210 2112 1456 2156 vanesceret,
1484 2106 1555 2146 nisi
1578 2106 1616 2146 in
1636 2121 1719 2147 eam

187 2170 383 2212 Virtutem
423 2171 625 2212 incidisset
662 2172 721 2212 cui
761 2172 1135 2213 corroborandorum
1176 2180 1214 2213 et
1251 2173 1559 2228 inexplicabilem
1606 2182 1719 2215 extra

188 2240 488 2294 magnitudinem
509 2240 863 2280 conservandorum
882 2241 1050 2280 omnium
1071 2255 1207 2281 munus
1229 2249 1313 2281 erat
1334 2241 1574 2281 attributum.
1620 2241 1717 2282 Eam

186 2322 302 2362 porro
323 2306 519 2349 Virtutum
541 2308 617 2348 alio
640 2308 793 2348 nomine
811 2307 958 2348 Horum
979 2309 1185 2364 appellant.
1233 2309 1293 2350 Ab
1314 2309 1382 2350 liae
1403 2310 1606 2350 cohibitam
1628 2325 1718 2351 con-

187 2377 450 2431 firmatamque
484 2374 722 2431 Sapientiam
755 2390 871 2430 aegre
903 2378 948 2417 ad
979 2378 1229 2432 semetipsum
1260 2378 1446 2428 rediisse,
1492 2379 1718 2434 demumque

187 2458 411 2498 persuasum
442 2444 643 2484 habentem
678 2459 752 2484 non
786 2459 898 2500 posse
923 2443 1131 2486 Parentem
1163 2460 1272 2487 suum
1303 2447 1523 2500 cognitione
1547 2461 1720 2502 compre-

186 2513 321 2563 hendi,
368 2513 533 2567 priorem
560 2513 831 2566 cogitationem
865 2528 947 2553 eum
981 2515 1185 2569 posteriori
1215 2515 1494 2565 commotione,
1541 2529 1636 2569 quae
1669 2530 1718 2556 cx

182 2588 339 2636 stupore
370 2581 435 2620 illo
468 2588 504 2620 et
537 2580 796 2621 admiratione
828 2588 915 2622 nata
950 2583 1095 2633 fuerat,
1131 2583 1303 2623 exuisse.

293 2647 370 2689 Sed
394 2649 554 2689 istorum
583 2649 733 2702 quidam
757 2649 858 2689 illam
886 2648 1108 2704 Sapientiae
1131 2650 1458 2706 perturbationem
1486 2665 1530 2691 ae
1554 2652 1709 2693 restitu-
1729 2656 1914 2699 Cap.X1H-

180 2716 321 2757 tionem
347 2717 482 2771 quibus
510 2717 620 2771 nugis
647 2717 874 2758 involvunt?
933 2718 1126 2759 Nimirum
1153 2734 1236 2760 cum
1266 2719 1449 2759 eiusmodi
1479 2719 1619 2774 aliquid
1645 2735 1710 2775 ap-

188 2820 257 2851 Ven.
278 2821 366 2851 habet
383 2821 440 2853 τυῦ
464 2820 561 2862 ζυγοῦ
581 2818 708 2859 τούτου,
733 2822 842 2861 reliqui
861 2823 931 2853 libri
1022 2822 1098 2853 Cap.
1120 2822 1213 2852 Xtu.
1241 2841 1280 2844 —
1316 2820 1342 2852 1.
1369 2823 1639 2863 Interrogationem
1661 2825 1720 2855 Pe-

188 2864 244 2897 τοῦ
269 2865 366 2907 ζυγοῦ
391 2865 459 2898 τοῦ.
976 2869 1078 2899 tacius
1114 2869 1250 2898 restituit.
1298 2868 1416 2898 Irenaei
1449 2869 1598 2907 Interpres
1631 2870 1719 2900 habet

225 2908 256 2941 6.
282 2911 504 2943 κεκοινῶσξῐαι
528 2912 594 2942 cod.
622 2912 690 2942 t'en.
974 2911 1165 2944 huiusmodi.
1216 2914 1389 2951 scripserat
1411 2913 1554 2945 Irenaeus
1589 2915 1717 2953 fortasse

227 2952 257 2985 7.
281 2954 329 2998 τῷ
354 2956 420 2986 cod.
448 2958 517 2987 t'en.
973 2953 1079 2995 οὕτως
1102 2968 1172 2994 πως
1196 2967 1252 2996 pro
1277 2952 1386 2990 αὐτῶν
1410 2959 1492 2995 πῶς.

227 2998 257 3030 δ.
281 3010 318 3032 τε
342 3010 400 3031 om.
427 3002 491 3032 cod.
519 3002 590 3033 Ven.
1016 3003 1046 3034 2.
1070 3001 1130 3045 τήν
1154 3004 1220 3034 cod.
1246 3003 1316 3034 Ven.
