2034 3267
209 1600 273 1629 pag.
295 1592 335 1618 16.

348 218 397 254 52
905 220 1058 251 333}ch
1087 219 1303 251 ΕΡΙΡΗΛΝΠ

468 439 529 491 Τῷ
565 433 606 474 δὲ
641 429 744 486 αὐτῷ
773 428 905 485 τρόπῳ
943 428 1010 476 τάς
1038 429 1221 482 τέσσαρας
1250 427 1389 477 ταύτας
1419 431 1580 483 αἴρέσεις
1607 432 1860 486 ἀνατρεπτέον

353 503 417 547 διά
446 501 515 555 τήν
544 499 752 551 συντομίαν
779 501 849 549 τῆς
877 493 1139 550 ἀναγνώσεως.
1194 494 1398 537 Ἐντεῦθεν
1422 497 1486 537 καὶ
1513 496 1687 553 ἀνωτέρω
1709 499 1859 549 λοιπὸν,

354 570 406 620 ὥς
433 571 553 621 ἔφην,
592 565 768 618 ποιηταὶ,
809 561 1115 617 ἴστοριογράφοι,
1160 562 1442 618 1λογογράφοι,
1483 562 1707 618 ἀστρονόμοι
1733 583 1771 607 τε
1796 568 1859 608 καὶ

353 639 393 680 οἱ
418 634 464 677 τὰ
495 632 586 676 ἅλλα
613 637 683 686 τῆς
711 629 858 683 πλάνης
883 629 1190 684 εἰςηγησάμενοι,
1230 633 1269 672 οἵ
1291 630 1646 684 παρασκευάσαντες
1672 632 1738 674 τὸν
1766 638 1862 675 νοῦν

352 704 415 746 ἐπὶ
439 704 579 756 μυρίας
598 697 720 747 κακάς
746 700 869 746 αἰτίας
897 698 964 738 καὶ
987 695 1210 751 άναγωγάς,
1241 697 1456 739 ἐσκότωσαν
1481 699 1546 739 καὶ
1568 698 1765 741 ε’θόλωσαν
1792 698 1862 753 τὴν

351 775 420 824 τῆς
448 766 753 822 άνθρωπότητος
777 763 988 818 ὑπόληψιν.
1048 766 1127 805 Καὶ
1157 766 1307 819 γέγονεν
1337 764 1432 817 αὕτη
1459 764 1591 818 πρώτη
1621 765 1758 818 πλάνη,
1784 769 1861 808 ε’πί-

350 855 440 880 νοια
473 834 639 878 εἰδώλων
673 834 738 875 καὶ
772 834 1048 884 κακοδαιμονία
1079 834 1334 881 διδασκαλίας.
1383 827 1457 873 ῗΗν
1492 833 1532 874 δὲ
1566 831 1612 873 τά
1642 831 1768 873 πάντα
1801 851 1861 886 με-

353 905 579 960 μερισμένα,
616 899 861 954 Ἑλληνισμός
885 915 922 940 τε
946 900 1011 940 καὶ
1030 897 1281 952 Ἰουδαϊσμός.
1335 897 1574 952 Ἰουδαϊσμός
1597 897 1707 940 οὔπω
1731 899 1863 953 πρότε-

352 989 422 1028 ρον
453 969 712 1022 καλούμενος,
759 965 848 1008 άλλά
878 965 942 1007 διά
971 971 1040 1007 τοῦ
1069 964 1216 1020 Ἰσραὴλ
1249 964 1290 1008 τὸ
1324 965 1527 1019 ἐπώνυμον
1559 971 1625 1018 τῆς
1652 970 1866 1020 θεοσεβοῦς

352 1042 563 1094 θρησκείας
584 1035 891 1087 ἕπικεκλημένος,
915 1035 987 1082 ἕως
1008 1032 1070 1074 ὅτε
1091 1035 1265 1087 διαδοχαὶ
1286 1035 1536 1089 γεγέννηνται.
1577 1031 1620 1074 Ὁ
1639 1033 1709 1088 γάρ
1734 1038 1863 1075 Ναασ-

353 1106 432 1150 σιὸν
454 1104 477 1149 ὅ
498 1107 538 1148 ἒν
558 1108 603 1162 τῇ
627 1101 755 1159 ἐρήμῳ
778 1099 943 1157 γεγονώς
962 1100 1156 1154 φύλαρχος
1175 1106 1243 1154 τῆς
1265 1106 1390 1154 φυλῆς
1405 1099 1533 1142 Ἰούδα
1550 1106 1663 1158 γεννᾷ
1683 1100 1748 1142 τόν
1766 1106 1862 1142 Σαλ-

353 1173 458 1228 μών,
498 1170 665 1225 Σαλμών
689 1174 800 1225 γεννᾷ
824 1168 890 1210 τὸν
917 1167 1040 1218 Βοὸς,
1083 1167 1184 1216 Βοός
1206 1173 1320 1225 γεννᾷ
1341 1167 1407 1209 τὸν
1427 1166 1571 1220 Ὠβὴδ,
1607 1166 1731 1221 Ώβήδ
1751 1173 1864 1224 γεννᾷ

352 1241 420 1284 τὸν
438 1240 593 1289 Ἰεσσαὶ,
634 1243 654 1267 2
668 1238 730 1279 ἐπὶ
754 1241 830 1278 τῶν
848 1239 1046 1289 θεοσεβῶν
1065 1233 1304 1289 Ἰσραηλιτῶν
1323 1236 1577 1286 καλουμένων.
1631 1234 1765 1276 Ἰεσσαὶ
1786 1252 1863 1290 γεν-

354 1314 402 1365 νᾷ
432 1307 500 1350 τὸν
525 1307 653 1358 Δαβὶδ
682 1303 749 1346 τὸν
779 1305 954 1357 βασιλέα,
995 1302 1038 1351 ὃς
1065 1307 1218 1356 πρῶτος
1241 1304 1479 1354 ἐβασίλευσεν
1507 1303 1549 1343 ἐκ
1577 1308 1700 1355 φυλῆς
1719 1301 1862 1344 Ἰούδα·

355 1379 393 1426 ἐξ
415 1371 461 1418 οὗ
483 1372 619 1416 λοιπὸν
643 1374 684 1414 οἷ
700 1371 796 1413 κατά
815 1368 999 1422 διαδοχὴν
1022 1372 1187 1422 βασιλεῖς
1217 1370 1258 1410 ἐκ
1280 1374 1350 1410 τοῦ
1372 1370 1584 1423 σπέρματος
1602 1368 1742 1420 αὐτοῦ,
1780 1368 1865 1417 υἵὸς

354 1441 623 1495 διαδεχόμενος
650 1441 816 1492 πατέρα,
857 1440 1025 1489 καθεξῆς
1054 1435 1335 1489 συνεστήκασιν.
1384 1431 1457 1477 ςΗν
1484 1437 1524 1478 δὲ
1552 1436 1626 1490 πρὸ
1652 1435 1773 1478 αὐτοῦ
1795 1440 1865 1477 τοῦ

355 1513 485 1564 Δαβὶδ
511 1507 533 1551 ό
561 1507 675 1560 φύσει
704 1511 855 1562 πρῶτος
881 1503 1108 1558 βασιλεύσας
1138 1504 1178 1544 ἐν
1204 1501 1350 1557 Ἰσραὴλ
1375 1503 1522 1554 Σαούλ,
1560 1504 1645 1553 υἷὸς
1673 1505 1784 1554 Κεὶς,
1822 1505 1865 1545 ἐκ

354 1583 480 1631 φυλῆς
510 1578 701 1629 Βενιαμίν.
761 1574 840 1614 Καὶ
870 1570 997 1614 ούκέτι
1021 1569 1139 1612 αὐτόν
1159 1572 1348 1620 διεδέξατο
1377 1569 1479 1622 υἷός,
1517 1570 1607 1612 ἄλλά
1637 1573 1791 1624 μετέστη
1821 1569 1864 1612 τὸ

354 1650 546 1700 βασίλειον
567 1642 630 1684 διὰ
655 1643 783 1694 Δαβὶδ
804 1639 960 1695 πρώτου
983 1641 1035 1687 εἰς
1057 1637 1126 1691 τὴν
1144 1637 1270 1690 φυλὴν
1286 1636 1421 1680 Ἰούδα.
1481 1642 1643 1693 Πρῶτος
1665 1638 1735 1693 γάρ
1761 1637 1864 1696 αὐτῷ

355 1718 407 1770 τῷ
426 1710 566 1765 Ἰακώβ
586 1715 677 1759 παῖς
695 1711 838 1764 γίνεται
857 1706 1040 1760 Ῥουβὶμ,
1079 1705 1254 1756 δεύτερος
1273 1705 1454 1758 Συμεών,
1493 1709 1618 1760 τρίτος
1637 1709 1778 1757 Λευῒς,
1809 1708 1863 1747 τέ-

356 1797 491 1835 ταρτος
508 1777 674 1825 Ἰούδας·
714 1778 752 1826 ἐξ
780 1771 828 1817 οῦ
851 1779 1055 1816 καλοῦνται
1073 1771 1274 1822 Ἰουδαῖοι,
1314 1772 1377 1815 δια
1406 1771 1474 1826 τὴν
1499 1773 1625 1826 φυλὴν
1642 1772 1767 1815 Ἰούδα
1795 1778 1865 1815 τοῦ

358 1849 401 1890 ἐκ
440 1851 508 1889 τοῦ
537 1847 671 1901 γένους
700 1848 776 1885 τῶν
805 1844 1025 1894 θεοσεβῶν,
1070 1843 1109 1882 οἱ
1137 1843 1189 1889 εἰς
1219 1840 1259 1881 τό
1290 1839 1412 1893 ὄνομα
1438 1845 1550 1882 τοῦτο
1581 1840 1863 1894 μεταπεσόντες.

355 1918 582 1956 Ἐκαλοῦντο
612 1916 708 1967 γοῦν
737 1908 873 1966 πρώην
900 1907 1123 1963 Ἰσραηλίται
1153 1910 1191 1949 οἵ
1216 1910 1283 1950 καὶ
1308 1907 1495 1950 Ἰουδαῖοι.

458 2048 572 2097 ηΕως
601 2045 740 2088 τούτου
767 2049 836 2086 τοῦ
855 2043 996 2099 χρόνου
1017 2042 1274 2096 συνήφθησαν
1298 2045 1340 2084 αἱ
1356 2044 1527 2095 τέσσαρες
1550 2044 1670 2097 γενεαὶ
1699 2048 1767 2095 τῆς
1795 2048 1865 2098 γῆς

357 2121 434 2158 τῶν
468 2114 660 2168 τεσσάρων
694 2111 922 2166 τμημάτων,
964 2110 1111 2152 τούτων
1143 2112 1412 2164 διαιρεθέντων
1445 2110 1540 2151 κατά
1577 2109 1668 2158 τοῦς
1702 2110 1866 2164 χρόνους

361 2186 432 2232 ἕως
460 2188 529 2224 τοῦ
557 2186 694 2235 καιροῦ
724 2179 862 2221 τούτου
895 2183 963 2220 τοῦ
993 2176 1162 2219 ἐνταῦθα
1197 2195 1260 2230 μοι
1289 2179 1548 2231 δεδηλωμένου
1578 2179 1644 2217 καὶ
1674 2179 1863 2228 ἐπέκεινα,

361 2252 553 2293 τουτέστιν
583 2248 659 2290 άπὸ
682 2246 803 2300 Ἀδάμ
834 2248 905 2294 ἕως
932 2250 1002 2287 τοῦ
1034 2249 1124 2286 Νῶε
1151 2244 1439 2299 Βαρβαρισμός,
1475 2242 1550 2285 άπὸ
1581 2248 1649 2285 τοῦ
1676 2249 1766 2286 Νῶε
1795 2246 1866 2293 ἕως

363 2322 432 2360 τοῦ
461 2317 612 2372 πύργου
642 2317 706 2358 καὶ
734 2313 883 2369 Σερούχ
912 2311 1004 2366 μετά
1041 2311 1110 2353 δύο
1147 2311 1303 2367 1γενεάς
1340 2318 1408 2354 τοῦ
1439 2311 1588 2366 πύργου
1627 2309 1652 2364 ἡ
1683 2311 1864 2366 Σκυθική

363 2387 661 2437 δεισιδαιμονία,
701 2383 767 2424 καὶ
799 2383 993 2433 μετέπειτα
1024 2378 1101 2420 άπὸ
1132 2384 1199 2421 τοῦ
1227 2379 1376 2435 πύργου
1405 2380 1468 2420 καὶ
1489 2378 1635 2433 Σερούχ
1661 2380 1726 2420 καὶ
1746 2377 1866 2434 Ἀροῖμ

365 2454 438 2500 ἕως
460 2457 529 2493 τοῦ
549 2449 730 2505 ”Αβραάμ
749 2447 770 2491 ό
791 2446 1053 2501 Ἑλληνισμὸς,
1081 2445 1157 2488 απὸ
1180 2446 1320 2488 τούτου
1341 2448 1405 2488 καὶ
1428 2452 1502 2488 τῶν
1522 2447 1715 2498 μετέπειτα
1734 2448 1866 2488 θεοσέ-

365 2523 450 2573 βεια
475 2519 741 2571 συναπτομένη
766 2522 819 2574 τῷ
840 2514 943 2571 αύτῷ
962 2512 1160 2568 ΓΑβραιῑὶμ,
1201 2512 1275 2555 άπὸ
1297 2518 1365 2555 τοῦ
1386 2512 1480 2554 κατά
1501 2512 1680 2565 διαδοχὴν
1701 2514 1864 2567 σπέρμα-

365 2604 431 2635 τος
454 2584 593 2636 αὐτοῦ,
634 2586 802 2626 τουτέστι
830 2588 899 2624 τοῦ
922 2580 1070 2630 Ἰούδα,
1101 2579 1168 2631 εἴφ’
1193 2576 1311 2635 οὗπερ
1331 2579 1585 2634 Ἰουδαϊσμός·
1626 2578 1677 2628 ὦς
1699 2581 1752 2620 ἔτι
1773 2598 1865 2635 μαρ-

366 2659 474 2707 τυρεῖ
501 2670 566 2705 μοι
594 2650 616 2693 ὁ
644 2649 964 2704 πνευματοφόρος
994 2649 1059 2690 καὶ
1091 2648 1197 2702 ἅγιος
1231 2653 1300 2689 τοῦ
1328 2652 1424 2689 θεοῦ
1456 2647 1665 2696 άπόστολος
1697 2651 1865 2698 Παῦλος,

367 2716 443 2762 ὧδέ
469 2737 551 2768 πως
575 2720 713 2774 λέγων,
758 2718 834 2769 ὅτι,
877 2715 949 2757 Ἐν
975 2719 1126 2771 Χριστῷ
1147 2714 1270 2767 Ἰησοῦ
1292 2714 1337 2757 οὔ
1361 2715 1576 2771 βάρβαρος,
1619 2712 1666 2756 ού
1687 2712 1866 2767 Σκύθης,

369 2785 439 2840 ⁰¹32
453 2786 622 2839 “Ελλην,
665 2784 736 2827 οὐκ
762 2784 965 2834 Ἰουδαῖος,
1005 2781 1095 2823 ἄλλα
1126 2781 1241 2835 καινή
1274 2786 1411 2833 κτίσις,
1453 2780 1582 2834 ἐπειδή
1614 2783 1650 2830 ἐξ
1681 2779 1865 2835 ὑπαρχῆς,

369 2854 431 2896 ὅτε
454 2856 597 2895 ἔκτιστο
627 2852 653 2905 ἦ
678 2857 817 2903 κτίσις,
861 2849 976 2903 καινὴ
997 2844 1093 2891 οὖσα
1114 2847 1227 2891 οὐδέν
1248 2867 1284 2891 τι
1305 2849 1588 2904 διαφορώτερον
1610 2850 1711 2901 ἔσχεν
1730 2847 1864 2900 ὄνομα.

413 2956 488 2987 ΟΛ».
515 2958 538 2987 1.
567 2974 610 2980 -
648 2957 674 2987 1.
698 2952 898 2997 λογογράφαι
925 2955 998 2985 editi
1019 2954 1097 2983 libri.
1190 2951 1266 2983 Cn.
1291 2953 1328 2984 11.
1354 2970 1393 2975 —
1422 2952 1449 2984 ¹.
1475 2952 1568 2992 Vutyo
1591 2951 1714 2993 γενεᾶς.

411 3002 442 3034 2.
465 3003 530 3033 Non
549 3002 707 3040 defuerunt
728 3003 779 3039 qui
796 3001 1020 3039 suspicarentur
1043 2996 1099 3030 ἔτι.
