2034 3267
487 163 662 193 PANARH
689 163 769 194 [ΑΒ.
793 164 815 194 Ι.
841 164 944 195 ΤΟΜ.
966 165 1002 194 ll.
1043 164 1167 195 tiAtst‘..
1194 164 1326 195 XXXt‘.
1583 158 1653 195 35]

151 241 314 282 versari.
361 240 437 282 lam
459 254 553 282 vero
575 255 594 280 e
615 249 771 296 stupore
795 256 838 282 ac
857 243 1004 282 consilii
1025 243 1169 296 inopia,
1193 250 1369 296 tanquam
1392 257 1442 283 ex
1463 243 1665 297 ignobilio-

150 323 207 359 re,
229 323 427 363 corporea,
452 315 492 348 ut
510 316 598 349 ante
617 309 795 359 diximus,
820 309 946 348 mundi
965 309 1151 349 elementa
1176 311 1377 363 prodiisse.
1420 308 1475 350 lta
1497 324 1548 350 ex
1566 317 1664 350 atto-

150 376 251 417 nitae
275 377 413 416 mentis
437 384 536 416 statu
563 383 725 426 terram,
759 391 892 430 aquam
915 390 934 415 e
959 377 1139 431 lacrymis
1158 392 1251 430 quas
1274 385 1396 418 metus
1418 386 1660 429 excusserat,

149 458 278 484 aerem
302 458 353 484 ex
377 444 517 483 doloris
543 444 804 493 concretione,
838 443 964 496 ignem
992 444 1154 497 denique
1179 446 1353 486 omnibus
1377 446 1660 500 ingeneratum,

147 512 253 551 velut
285 519 443 551 mortem
477 519 588 565 atque
620 511 802 561 exitium,
846 511 1000 564 perinde
1029 518 1140 564 atque
1168 511 1287 551 tribus
1315 514 1662 566 perturbationibus

148 579 330 619 insertam
355 580 607 633 ignorantiam
632 580 782 619 docent.
846 578 903 617 Ad
928 577 1037 628 haec,
1070 578 1240 618 absoluta
1266 581 1391 620 mundi
1416 582 1572 632 fabrica,
1607 583 1662 622 lu-

149 655 249 687 teum
274 646 475 687 Hominem
505 661 524 686 a
552 646 761 688 Conditore
788 646 937 695 lictum,
982 660 1057 685 non
1084 660 1134 685 ex
1159 646 1261 686 sicca
1285 647 1348 687 illa
1379 655 1502 688 tamen
1530 650 1657 700 humo,

148 715 215 754 sed
247 729 298 755 cx
327 716 449 755 visum
483 716 650 768 fugiente
675 712 910 762 substantia,
957 727 1040 752 cum
1066 727 1115 753 ex
1143 714 1277 754 dill'usa
1302 715 1517 770 liquidaque
1543 724 1661 758 mate-

149 783 228 822 riae.
253 791 358 837 parte
386 784 634 838 sumpsisset,
678 788 714 820 et
742 781 777 820 in
802 794 886 820 eum
913 779 1113 821 Hominem
1140 781 1340 822 animalem
1364 783 1521 823 alterum
1544 785 1661 839 inspi-

148 858 286 891 rasset..
347 850 532 904 Huncque
559 850 654 889 adeo
683 848 803 902 ipsum
828 848 930 888 illum
963 862 1049 888 esse
1077 848 1137 902 qui
1165 849 1209 889 ad
1234 849 1437 903 imaginem
1462 866 1505 891 ac
1529 852 1661 892 simili-

149 918 313 958 tudinem
346 919 395 959 sit
427 930 649 972 expressus.
718 914 819 955 Nam
853 917 898 955 ad
928 916 1133 969 imaginem
1162 931 1245 957 eum
1278 932 1364 958 esse
1393 920 1553 970 sactum,
1598 921 1658 973 qni

148 985 302 1026 materia
326 991 496 1034 constat,
530 983 667 1037 quique
690 983 742 1023 ita
766 982 838 1023 Dei
864 984 999 1024 similis
1022 985 1093 1035 sit,
1128 992 1168 1024 ut
1191 985 1349 1025 eandem
1376 1001 1460 1026 cum
1484 987 1567 1041 ipso
1593 1002 1659 1027 na-

149 1062 269 1094 turam
300 1051 452 1093 minime
483 1051 685 1101 sortiatur,
729 1051 945 1091 Animalem
969 1065 1064 1092 vero
1095 1053 1140 1092 ad
1166 1052 1449 1094 similitudinem
1479 1056 1655 1104 effictum,

148 1121 245 1161 unde
271 1121 380 1160 etiam
407 1120 507 1159 vitae
533 1119 705 1174 spiritum
731 1119 813 1159 eius
839 1120 1018 1174 appellari
1042 1119 1317 1172 substantiam,
1351 1136 1446 1176 quae
1473 1136 1523 1162 ex
1546 1122 1657 1177 spiri-

148 1189 210 1228 tali
239 1188 396 1241 quadam
428 1187 596 1227 fluxione
625 1189 792 1241 profecta
818 1186 881 1227 sit.
943 1186 1145 1228 Postremo
1171 1189 1365 1243 pelliceam
1393 1191 1443 1230 illi
1473 1191 1655 1241 tunicam,

147 1257 217 1296 hoc
240 1263 298 1295 est
319 1268 471 1295 carnem
494 1255 593 1295 illam
617 1269 726 1308 quam
751 1254 958 1304 cernimus,
984 1270 1070 1296 esse
1093 1256 1378 1297 circumdatam.
1430 1257 1541 1311 Quod
1565 1272 1658 1299 vero

145 1324 190 1363 ad
213 1321 354 1362 Matris
377 1322 592 1362 Achamoth
618 1324 734 1362 fetum
757 1323 867 1363 alium
891 1323 1070 1378 pertinet,
1105 1338 1215 1378 quem
1238 1339 1287 1365 ex
1308 1325 1546 1380 Angelorum
1573 1326 1658 1368 Sal-

143 1391 285 1431 vatoris
310 1390 488 1431 comitum
513 1391 833 1444 contemplatione
859 1391 1027 1445 peperit,
1061 1399 1193 1445 estque
1215 1392 1397 1447 spiritalis
1419 1401 1530 1448 atque
1557 1396 1656 1435 eius-

144 1461 226 1500 dem
252 1473 334 1499 cum
361 1457 488 1498 Matre
512 1466 693 1509 naturae,
740 1459 853 1498 etiam
886 1459 983 1499 hunc
1014 1460 1182 1513 ignotum
1217 1461 1335 1502 fuisse
1362 1459 1562 1502 Conditori
1589 1478 1657 1517 pu-

143 1535 245 1577 tant,
288 1541 333 1567 ac
359 1526 454 1566 clam
478 1526 560 1580 ipso
590 1529 787 1567 nesciente
816 1526 852 1566 in
877 1527 1036 1567 eundem
1061 1527 1290 1579 demissum,
1335 1537 1374 1569 ut
1400 1544 1468 1585 per
1494 1531 1592 1571 liunc
1617 1532 1655 1572 in

143 1596 351 1650 profectam
381 1594 426 1633 ab
458 1608 503 1634 eo
535 1594 697 1634 animam
731 1609 966 1649 corpusque,
1010 1596 1107 1649 quod
1135 1610 1218 1636 cum
1248 1597 1408 1637 materia
1435 1606 1654 1639 concretum

143 1670 224 1714 est,
265 1669 414 1713 satum,
458 1662 503 1702 ab
530 1661 739 1716 iisdemque
770 1663 874 1703 velut
900 1670 1008 1702 utero
1032 1670 1222 1716 gestatum
1250 1671 1363 1718 atque
1392 1673 1567 1717 auctum,
1610 1668 1654 1707 ad

142 1731 178 1772 id
207 1731 304 1785 quod
332 1731 542 1785 perfectum
569 1738 628 1770 est
653 1729 910 1785 recipiendum
937 1731 1115 1770 idoneum
1140 1732 1380 1773 redderetur.
1444 1732 1567 1788 igitur
1590 1736 1655 1775 ad-

141 1798 303 1839 mirabili
333 1799 515 1853 quadam,
559 1799 684 1848 aiunt,
726 1797 962 1852 providentia
991 1799 1132 1839 factum
1167 1807 1225 1840 est
1256 1798 1450 1854 Spiritalis
1475 1809 1515 1842 ut
1543 1802 1653 1843 homo

143 1864 392 1908 Conditorem
415 1867 572 1914 lateret,
617 1880 700 1905 cum
726 1880 802 1906 una
823 1880 892 1920 per
915 1866 997 1906 eius
1018 1866 1180 1907 afflatum
1206 1882 1225 1907 a
1250 1866 1448 1923 Sapientia
1474 1884 1653 1912 consere—

141 1942 261 1976 retur.
322 1933 375 1975 Ut
399 1935 498 1975 enim
522 1934 650 1988 ignota
671 1933 723 1973 illi
744 1932 874 1974 Mater
897 1934 987 1984 fuit,
1031 1933 1087 1974 sic
1112 1936 1222 1975 etiam
1251 1936 1351 1977 fetus
1375 1937 1499 1990 illius,
1542 1954 1652 1993 quam

141 2001 356 2043 Ecclesiam
383 2009 544 2053 vocant,
578 2000 778 2042 Ecclesiae
806 2001 963 2042 alterius
990 2016 1034 2042 ac
1059 2003 1238 2043 coelestis
1261 2004 1465 2058 imaginem
1493 2020 1653 2062 expres-

141 2084 236 2110 sam.
298 2070 426 2123 Atque
458 2070 555 2110 hunc
585 2069 707 2124 ipsum
740 2069 928 2109 hominem
959 2070 1060 2110 illum
1094 2085 1180 2111 esse
1211 2079 1372 2112 censent
1401 2074 1463 2128 qui
1494 2075 1531 2114 in
1558 2075 1651 2130 ipsis

143 2138 299 2188 existat,
324 2138 419 2178 adeo
443 2145 483 2178 ut
506 2138 669 2177 animam
692 2134 907 2187 Conditori‚
937 2135 1088 2192 Corpus
1109 2138 1238 2190 humo,
1263 2137 1429 2181 Carnem
1451 2144 1648 2194 materiae,

143 2203 363 2260 Spiritalem
392 2205 596 2245 Hominem
627 2203 744 2244 Matri
775 2205 990 2246 Achamoth
1020 2214 1215 2261 acceptum
1247 2209 1432 2249 reserant.

251 2271 317 2313 Ex
339 2273 386 2314 iis
412 2274 530 2314 tribus
554 2273 652 2327 quod
674 2273 831 2313 materia
853 2281 1018 2325 constat,
1051 2274 1322 2329 sinistrumque
1343 2285 1517 2328 vocatur,
1552 2279 1650 2334 peri-

139 2355 183 2382 re
206 2341 427 2382 necessario
451 2341 685 2396 praedicant,
719 2347 846 2394 utpote
867 2342 965 2395 quod
992 2356 1039 2382 ne
1065 2341 1259 2382 minimum
1280 2343 1428 2397 quidem
1454 2346 1650 2388 immorta-

139 2409 256 2450 litatis
285 2409 448 2450 afflatum
479 2409 599 2464 possit
625 2407 822 2462 recipere3
855 2409 1033 2450 Animale
1058 2424 1174 2461 vero,
1207 2410 1290 2452 sive
1317 2412 1518 2464 dextrum,
1551 2416 1649 2469 quod

140 2476 302 2518 medium
339 2478 439 2517 inter
471 2476 639 2532 spiritale
669 2490 713 2516 ac
747 2476 905 2518 materia
938 2478 1151 2532 praeditum
1184 2478 1408 2532 interiacet,
1454 2480 1541 2522 illuc
1575 2498 1648 2537 quo

186 2646 236 2679 15.
260 2649 306 2679 Ita
326 2648 413 2678 codd.
435 2648 530 2678 Vatic.
551 2650 576 2678 et
599 2648 678 2686 Veri„
699 2650 724 2677 et
747 2648 806 2678 Vet.
824 2648 871 2679 ln·
918 2649 1037 2688 Reliqui
1060 2651 1130 2680 libri
1150 2651 1294 2688 praebent
1321 2647 1396 2683 τότε
1423 2647 1503 2684 εἶναι
1531 2651 1585 2686 τὸν
1615 2653 1647 2687 ἐν

141 2696 230 2732 tei-pr.
278 2693 372 2732 Vulgo
396 2687 587 2733 ch‘spm'mov.
916 2691 1028 2731 αὐτοῖς
1051 2690 1205 2733 ἀξιοῦσιν.

186 2736 236 2769 16.
259 2735 395 2778 δυνάμει
427 2735 484 2769 καὶ
517 2736 648 2780 προνοίᾳ
678 2741 872 2777 reposuerunt
964 2741 1012 2771 15.
1037 2741 1083 2770 Ila
1102 2740 1167 2770 cod.
1189 2740 1269 2778 Veri„
1286 2743 1374 2779 parte
1393 2742 1481 2773 codd.
1499 2752 1570 2774 mss.
1588 2746 1647 2775 Vel.

140 2783 247 2814 Bittius
268 2783 380 2821 aliique
401 2783 438 2813 de
461 2784 521 2813 Vet.
541 2784 710 2821 Interprele.
914 2785 1085 2823 Interpretz‘s
1105 2793 1220 2824 quoque
1239 2787 1444 2818 consentiente.
1492 2789 1584 2828 Vulgo
1606 2791 1647 2820 le-

186 2825 236 2861 17.
260 2828 306 2859 lta
333 2828 475 2865 rescripsi
493 2830 656 2866 praeeunte
676 2828 764 2858 Bittio
786 2829 870 2859 aliis·
913 2830 995 2868 9itur
1019 2826 1184 2869 σαρκικόν.

141 2880 215 2910 que,
244 2872 408 2903 secundum
434 2873 494 2903 Vet.
515 2874 685 2911 Interpretis
707 2875 870 2903 auctorita·
963 2872 1038 2905 Ciu).
1055 2874 1168 2905 XXII.
1189 2892 1230 2898 —
1253 2876 1280 2907 1.
1301 2876 1347 2906 Ita
1363 2877 1427 2907 cod.
1445 2878 1513 2910 Ven.
1553 2880 1646 2918 Vulgo

141 2918 210 2955 tem,
228 2919 254 2947 et
272 2918 338 2948 cod.
354 2918 463 2954 Veneti,
483 2919 536 2957 qui
553 2918 639 2948 habet
657 2915 714 2949 καὶ
732 2913 768 2949 τὸ
790 2913 871 2950 εἶναι
913 2916 1149 2958 ἐπιδείξασὲαι.

142 2957 195 2992 τὸν
226 2959 257 2994 ἐν
285 2964 352 2998 τοῖς
381 2957 493 2999 αὐτοῖς
518 2956 686 3003 ἅνξρωπον
716 2956 868 3000 ἀξιοῦσιν.

1699 2293 1765 2335 Cap

1683 2337 1768 2369 XX1

1770 2319 1797 2371 Ἰ.
