2034 3267
220 510 282 538 pag.
302 501 359 528 291.

236 2643 301 2670 pag.
320 2635 376 2662 292.

377 171 454 211 531
934 173 1093 206 SANCTI
1117 173 1341 206 EPIPHANH

379 251 619 307 ἕρπετώδους
644 249 771 292 αὐτῶν
795 252 835 293 ἐκ
856 251 993 305 γένους
1014 248 1189 291 ἀσπίδων
1208 255 1345 305 γονῆς,
1387 249 1447 302 ἐφ’
1471 253 1601 309 ἑτέραν
1622 253 1737 296 πάλιν
1759 255 1888 308 ι’ὤμεν,

379 319 586 374 ἀγαπητοὶ,
618 323 664 375 τῇ
695 317 791 375 αὐτῇ
823 317 1038 375 ἀκολουθίᾳ
1068 322 1136 371 τῆς
1166 320 1423 373 πραγματείας
1435 323 1468 359 2.

667 483 900 526 KATA
971 482 1605 540 APXONTIKQN‚

757 557 953 618 εἰκοστή,
990 577 1020 618 η
1055 560 1131 605 καὶ
1166 558 1512 622 τεσσαρακοστή.

491 656 744 711 Ἀρχοντικῶν
764 673 821 705 τις
842 659 987 711 αἵρεσις
1010 656 1161 705 τούτοις
1181 657 1329 707 ἕπεται,
1362 655 1434 698 οὐκ
1459 658 1499 698 ἐν
1521 662 1674 706 πολλοῖς
1696 657 1737 699 δὲ
1760 656 1896 707 τόποις

379 725 476 778 αὕτη
499 728 695 777 φαίνεται,
735 724 761 777 ἢ
784 723 906 778 μόνον
929 727 970 766 ἐν
991 729 1037 782 τῇ
1061 726 1328 766 Παλαιστίνων
1349 726 1522 781 ἐπαρχίᾳ.
1580 723 1832 780 Μετήνεγκαν
1854 726 1896 767 δὲ

380 792 447 835 τὸν
471 791 598 833 αὐτῶν
623 791 682 834 ι’ὁν
703 791 779 846 ἤδη
802 810 879 834 που
899 794 966 834 καὶ
986 795 1039 841 εἰς
1060 791 1129 845 τήν
1154 791 1318 847 μεγάλην
1335 790 1556 846 Ἀρμενίαν,
1587 791 1679 834 ἄλλα
1701 794 1766 834 καὶ
1790 794 1829 834 ἐν
1850 799 1896 850 τῇ

380 866 498 917 μικρᾷ
519 859 696 917 Ἀρμενίᾳ
727 866 840 902 τοῦτο
870 859 912 901 τό
935 860 1098 910 ζιζάνιον
1128 859 1202 913 ἤδη
1224 861 1407 914 ἔσπαρται
1429 858 1506 902 ’ὑπὸ
1530 858 1673 915 ἀνδρός
1693 877 1796 909 τινος
1816 862 1895 902 ἐπι-

380 928 622 982 δημήσαντος
648 933 694 985 τῇ
720 931 988 969 Παλαιστίνων
1018 933 1067 986 γῇ
1098 926 1174 969 οἷπό
1196 926 1415 982 Ἀρμενίας,
1456 929 1498 969 ἐν
1519 928 1671 984 χρόνοις
1695 933 1895 970 Κωνσταν-

381 1001 485 1047 τίου,
524 998 611 1050 περὶ
642 995 711 1048 τήν
735 994 856 1037 αὐτοῦ
877 995 1071 1048 τελευτὴν,
1113 994 1320 1037 Εὕτάκτου
1345 994 1524 1049 ὀνόματι,
1564 1002 1705 1050 μᾶλλον
1729 997 1770 1038 δὲ
1791 996 1897 1038 'Atei-

382 1082 476 1106 κτου
505 1063 571 1105 τόν
600 1063 764 1118 τρόπον,
808 1065 874 1105 καὶ
905 1062 1102 1116 μαθόντος
1132 1063 1203 1116 τὴν
1231 1065 1581 1106 κακοδιδασκαλίαν
1611 1063 1776 1117 ταύτην,
1821 1062 1900 1106 εἶτα

384 1130 666 1179 ἐπανελθόντος
696 1133 748 1179 εἰς
777 1131 823 1172 τοὶ
850 1133 972 1172 οἰκεῖα
995 1133 1060 1172 καὶ
1084 1130 1322 1180 διδάξαντος.
1382 1133 1582 1185 Μετέλαβε
1607 1132 1667 1183 δὲ,
1712 1130 1764 1180 ὥς
1786 1132 1899 1186 ἔφην,

385 1203 425 1242 ἐν
452 1202 687 1256 Παλαιστίνῃ
711 1198 763 1247 ὦς
790 1197 866 1240 ὑπὸ
892 1197 1054 1247 α’σπίδος
1077 1199 1134 1240 ἰόν
1159 1197 1235 1240 ἆπὸ
1263 1200 1417 1253 Πέτρου
1441 1198 1544 1249 τινὸς
1564 1202 1767 1255 γέροντος,
1808 1199 1898 1241 ἀνα·

384 1271 474 1317 ξίως
496 1269 649 1320 Πέτρου
673 1268 932 1319 καλουμένου,
964 1266 1007 1315 ὃς
1027 1265 1187 1323 κατῴκει
1211 1269 1251 1308 ἐν
1271 1271 1318 1324 τῇ
1341 1271 1408 1319 τῆς
1425 1265 1779 1323 Ἐλευθεροπόλεως
1808 1269 1901 1309 ικαὶ

378 1333 624 1389 Ἰερουσαλὴμ
649 1336 801 1390 ἐνορίςι,
833 1335 1007 1375 ἐπέκεινα
1032 1339 1099 1387 τῆς
1127 1333 1289 1388 Χεβρών
1313 1337 1485 1387 σημείοις
1508 1338 1623 1390 τρισί·
1659 1339 1902 1392 2Καφαρβα-

385 1402 470 1457 ριχοὶ
494 1400 562 1454 τήν
585 1401 721 1454 κώμην
740 1406 931 1443 καλοῦσιν.
997 1397 1121 1450 Οὗτος
1143 1400 1165 1443 ὁ
1186 1403 1307 1457 γέρων
1331 1401 1377 1443 τοὶ
1401 1407 1537 1457 πρῶτα
1557 1405 1700 1457 ἔνδυμα
1721 1402 1818 1457 εἶχεν
1842 1405 1900 1445 ἕκ-

384 1476 576 1523 πληκτον,
616 1469 856 1524 ὑποκρίσεως
885 1472 1012 1524 γέμον.
1059 1469 1238 1520 ’Έξωθεν
1268 1470 1335 1523 μὲν
1357 1469 1428 1525 γαρ
1455 1469 1614 1524 ἀληθῶς
1637 1471 1782 1514 κώδιον
1805 1489 1899 1527 προ·

386 1540 507 1595 βάτου
538 1538 747 1593 ἠμφίεστο,
788 1536 962 1593 ἠγνοεῖτο
995 1539 1036 1580 δὲ
1061 1540 1225 1580 ἔνδοθεν
1251 1537 1367 1587 λύκος
1390 1536 1574 1593 ὑπάρχων
1600 1538 1736 1595 ἅρπαξ.
1792 1538 1899 1582 Ἀνα-

385 1607 558 1663 χωρητής
586 1607 658 1662 γαρ
685 1605 809 1647 ἐδόκει
836 1604 951 1656 εἶναι,
991 1608 1032 1648 ἐν
1058 1610 1231 1663 σπηλαίῳ
1257 1607 1332 1648 τινὶ
1352 1606 1630 1660 καθεζόμενος,
1673 1607 1718 1656 ὃς
1737 1607 1903 1657 πολλοὺς

387 1680 509 1729 δῆθεν
531 1674 744 1729 συνήγαγεν
768 1676 822 1722 εἰς
844 1672 1048 1724 ἆπόταξιν·
1089 1676 1154 1715 καὶ
1178 1673 1304 1728 πατὴρ
1329 1676 1450 1727 δῆθεν
1475 1674 1539 1715 διά
1568 1692 1607 1716 τε
1627 1674 1669 1717 τό
1692 1681 1816 1731 γῆρας
1836 1677 1902 1718 καὶ

388 1743 429 1785 τὸ
450 1749 574 1796 σχῆμα
596 1745 783 1792 ἐκαλεῖτο,
814 1741 860 1782 τά
883 1759 921 1783 τε
943 1741 1063 1783 αὐτοῦ
1085 1740 1304 1797 ὑπάρχοντα
1323 1748 1485 1796 πτωχοῖς
1508 1743 1690 1796 διένειμε,
1720 1745 1786 1785 καὶ
1811 1743 1903 1785 καθ’

389 1810 539 1865 ἡμέραν
563 1809 818 1863 ἐλεημοσύνας
839 1811 969 1851 ἐποίει.
1026 1808 1088 1850 Ἐν
1113 1810 1153 1851 δὲ
1173 1816 1219 1868 τῇ
1242 1809 1375 1868 πρώτῃ
1400 1808 1527 1867 ἡλικίᾳ
1548 1809 1667 1852 αὐτοῦ
1689 1813 1729 1853 ἐν
1748 1817 1906 1861 πολλαῖς

389 1879 578 1931 αἱρέσεσιν
604 1876 814 1930 ἐξητάσθη·
861 1878 922 1918 ἐπὶ
950 1876 1095 1919 Ἀετίου
1126 1879 1166 1919 δὲ
1195 1883 1264 1920 τοῦ
1288 1877 1501 1920 ἐπισκόπου
1527 1881 1809 1934 κατηγορηθεὶς
1837 1881 1904 1921 καὶ

389 1947 578 2001 ἐλεγχθεὶς
608 1944 691 1986 τότε
720 1944 790 1997 τὴν
820 1950 896 1986 τῶν
920 1950 1148 1987 Γνωστικῶν
1172 1945 1311 1998 μετιών
1334 1948 1479 2001 αἵρεσιν
1500 1948 1712 2004 καθῃρέθη
1736 1945 1813 1988 ἆπὸ
1835 1952 1904 1989 τοῦ

389 2015 676 2067 πρεσβυτερίου.
730 2007 801 2053 ῗΗν
834 2011 905 2067 γάρ
939 2017 1192 2062 κατασταθείς
1223 2030 1316 2055 ποτε
1349 2013 1604 2069 πρεσβύτερος
1637 2019 1737 2056 3τοῦ
1767 2013 1902 2057 τόπου.

389 2080 505 2123 Meu}
528 2081 568 2122 δὲ
590 2079 656 2121 ‘cdv
676 2081 825 2134 ἔλεγχον
844 2079 920 2122 ὑπὸ
941 2080 1086 2123 Ἀετίου
1109 2081 1299 2135 ἐδιώχθη,
1329 2083 1394 2123 καὶ
1418 2080 1601 2124 ἀπελθών
1619 2081 1841 2139 κατῴκησεν
1863 2085 1905 2125 ἐν

389 2154 435 2206 τῇ
459 2148 620 2205 Ἀραβίᾳ
651 2149 690 2189 ἐν
717 2148 907 2206 Κωχάβῃ,
951 2151 1050 2190 ἔνθα
1082 2152 1124 2190 αἱ
1146 2155 1222 2191 τῶν
1243 2149 1480 2203 Ἐβιωναίων
1507 2166 1545 2191 τε
1573 2152 1638 2191 καὶ
1664 2154 1904 2206 Ναζωραίων

392 2220 490 2270 ῥίζαι
519 2215 744 2270 ἐνήρξαντο,
791 2214 843 2264 ὥς
871 2218 936 2257 καὶ
966 2219 1006 2258 ἐν
1031 2223 1187 2266 πολλαῖς
1212 2219 1377 2273 αἱρέσεσι
1406 2220 1494 2274 περὶ
1522 2223 1591 2260 τοῦ
1612 2217 1736 2260 τόπου
1761 2218 1903 2261 τούτου

392 2284 574 2337 ἐσήμανα.
619 2283 806 2338 Γ’Υστερον
828 2284 868 2325 δὲ
886 2282 938 2333 ὥς
960 2287 1243 2340 σωφρονισθεὶς
1262 2285 1361 2340 πρὸς
1378 2285 1420 2328 τὸ
1438 2291 1558 2342 γῆρας
1575 2284 1689 2328 πάλιν
1710 2288 1904 2340 ἐπανῆλθε

394 2354 523 2407 φέρων
544 2353 665 2408 ἑαυτῷ
683 2351 824 2405 ταύτην
843 2351 912 2405 τὴν
933 2354 1102 2406 ἰοβολίαν
1123 2353 1316 2408 κρύβδην,
1348 2356 1414 2396 καὶ
1434 2353 1539 2410 παροὶ
1560 2359 1676 2396 πᾶσιν
1696 2352 1902 2409 ἆγνοούμε-

393 2438 482 2470 νος,
524 2422 595 2469 ἕως
625 2419 686 2461 ὅτε
717 2422 770 2468 εἰς
799 2421 954 2473 ἔσχατον
983 2420 1049 2472 ἀφ’
1081 2416 1134 2463 ὧν
1163 2424 1215 2470 εἰς
1245 2417 1324 2464 ὦτά
1353 2440 1466 2464 τινων
1491 2422 1696 2477 ἐψιθύρισε
1721 2421 1904 2477 ῥημάτων

394 2490 583 2544 ἐλεγχθεὶς
600 2493 772 2537 τοιοῦτος
792 2486 859 2540 ὑφ’
876 2486 986 2541 ἡμῶν
1003 2487 1291 2543 οἷνεθεματίσθη
1311 2491 1375 2531 καὶ
1395 2490 1608 2546 ἐλήλεγκται
1627 2489 1690 2532 δια
1706 2494 1775 2544 τῆς
1793 2489 1905 2544 ἡμῶν

394 2558 640 2610 βραχύτητος.
683 2557 762 2596 Καὶ
783 2557 966 2598 ἐκάθισεν
988 2559 1028 2598 ἐν
1049 2561 1099 2613 τῷ
1121 2561 1292 2615 σπηλαίῳ
1311 2557 1448 2600 λοιπόν
1468 2559 1692 2612 βδελυχθεὶς
1711 2556 1788 2600 find
1807 2560 1904 2601 ποίν-

395 2642 491 2676 των,
533 2626 599 2666 καὶ
629 2625 822 2677 μονωθεὶς
850 2623 926 2665 dmi
958 2630 1026 2677 τῆς
1050 2623 1306 2679 ἄδελφότητος
1335 2627 1396 2668 καὶ
1429 2625 1505 2669 ἀπὸ
1530 2629 1713 2668 πλείστων
1733 2630 1811 2668 τῶν
1836 2632 1904 2681 τῆς

395 2698 491 2745 ζωῆς
520 2694 666 2734 ἑαυτῶν
694 2693 1009 2745 ἐπιμελουμένων.
1071 2692 1180 2746 Πρός
1209 2700 1346 2737 τοῦτον
1374 2693 1441 2736 τόν
1465 2695 1623 2750 γέροντα
1643 2696 1850 2749 καταχθεὶς
1879 2693 1903 2737 ὅ

395 2761 669 2815 προειρημένος
697 2759 919 2811 Εὔτακτος,
960 2762 1034 2815 εἷ’γε
1064 2760 1283 2813 Εὕτακτος,
1325 2761 1402 2804 «ind
1431 2767 1498 2816 τῆς
1526 2761 1730 2817 Αἰγύπτου
1760 2762 1902 2819 διερχό-

439 2886 469 2917 2.
489 2889 674 2926 Subscriptio
688 2889 818 2919 haeresis
831 2897 868 2919 ex
880 2888 945 2919 cod.
960 2888 1053 2918 Vatic.
1071 2897 1126 2920 an-
1171 2891 1332 2921 Petavium
1355 2892 1482 2921 secutus.

396 2935 499 2963 notata
522 2936 562 2963 est
585 2931 710 2964 ΚΑΤΑ
735 2930 999 2965 ΣΗΘΙΑΝΩΝ.
1213 2936 1243 2965 2.
1262 2934 1319 2967 καὶ
1338 2932 1524 2977 φαρβαριχὰ
1544 2934 1619 2975 (non
1633 2932 1837 2979 Βαρβαριχά,
1857 2938 1902 2967 uli

444 2976 517 3010 eff.
533 2978 556 3008 Ι.
576 2996 617 3001 -
643 2978 669 3009 1.
688 2976 744 3010 καὶ
762 2979 871 3009 addidi
887 2979 923 3009 de
942 2979 1124 3018 coniectura,
1167 2981 1199 3010 in
1215 2989 1313 3020 marg.
1334 2981 1379 3011 ed.
1399 2981 1520 3022 Petav.)
1539 2977 1600 3021 τήν
1619 2977 1735 3022 κώμην
1756 2982 1822 3013 cod.
1840 2982 1900 3012 Va-
