2034 3267
471 183 648 214 PANARH
674 184 772 215 Anv.
796 184 1020 216 HAERESES
1045 185 1126 216 Lis.
1146 186 1169 216 1.
1194 185 1299 217 ΤοΜ.
1318 187 1341 217 1.
1592 181 1668 220 103

151 261 301 309 dicant,
335 273 431 314 quae
452 260 552 300 illius
575 261 792 315 praestigiis
818 262 1053 312 afficiuntur,
1087 263 1265 304 nimirum
1289 262 1500 314 Ebionaei‚
1534 279 1578 305 ac
1601 281 1666 320 po-

150 328 334 367 steriores
357 326 574 377 Nazaraei,
609 325 774 378 Osseni,
808 329 870 382 qui
896 336 971 369 tam
995 337 1083 371 ante
1111 330 1214 371 illum
1235 345 1345 385 quam
1371 346 1455 372 cum
1481 332 1547 372 illo
1578 347 1665 388 pro-

149 395 322 439 dierunt,
365 402 402 434 et
435 394 655 444 Nazaraei,
699 396 744 435 de
776 396 910 448 quibus
941 403 1052 436 antea
1083 398 1287 452 disputavi.
1351 397 1556 440 Caeterum
1589 415 1663 440 una

148 469 208 502 est
229 462 322 502 haec
344 462 516 502 haeresis
545 476 596 502 ex
616 461 689 502 illis
713 469 857 515 septem
883 477 978 516 quae
1005 463 1286 519 Hierosolymis
1312 467 1525 507 extiterunt
1555 475 1590 507 et
1617 471 1661 508 ad

148 527 296 569 Christi
319 530 523 569 adventum
546 542 666 582 usque
692 537 923 582 propagatae
947 537 1051 579 sunt,
1084 545 1128 570 ac
1154 532 1335 587 deinceps
1361 534 1406 574 ab
1432 534 1543 575 huius
1568 543 1661 575 tem-

146 597 302 651 poribus
328 597 372 636 ad
389 596 776 650 Hierosolymitanum
801 596 1009 646 excidium,
1031 598 1129 650 quod
1151 597 1242 638 Tito
1265 601 1360 640 duce
1382 602 1556 654 contigit,
1583 601 1661 642 Do-

146 663 291 704 mitiani
320 666 461 714 fratre,
495 670 533 703 et
553 661 781 716 Vespasiani
810 662 1052 716 imperatoris
1075 664 1167 704 filio.
1228 664 1323 706 Post
1349 681 1487 708 eversa
1511 670 1658 709 demum

146 730 420 786 Hierosolyma
441 730 546 770 stetit
566 729 630 769 illa
652 728 760 768 brevi
782 735 952 782 tempore
973 744 1056 769 cum
1079 732 1244 771 caeteris
1267 748 1363 786 quae
1391 742 1467 775 tum
1489 737 1661 777 celebra-

145 798 282 839 bantur
304 799 435 848 seetis,
468 809 612 849 eaeque
634 796 790 835 fuerunt
814 794 1142 847 Sadducaeorum,
1167 798 1407 851 Scribarum,
1433 800 1660 844 Pharisaeo-

146 880 244 916 rum,
280 863 714 916 Hemerobaptistarum,
747 861 1061 914 Nazaraeorum,
1090 863 1331 906 Ossenoruni
1357 874 1395 907 et
1417 867 1660 910 Herodiano-

145 947 250 983 rum,
283 935 401 973 donec
425 944 493 970 sua
520 943 694 983 quaeque
725 930 1008 984 opportunitate
1040 946 1083 973 ac
1116 940 1286 987 tempore
1318 934 1499 989 dissipata
1529 937 1655 990 periit.

254 999 454 1040 Postremo
487 997 582 1036 satis
612 1010 700 1037 esse
729 998 843 1037 dehet
878 999 976 1051 quod
1019 1013 1069 1039 ex
1097 999 1260 1052 ipsamet
1296 1001 1446 1041 illorum
1478 1003 1652 1054 vesania,
1681 1015 1757 1056 Cap.
1783 1017 1834 1045 vt.

144 1068 309 1120 ipsisque
332 1066 427 1104 adeo
451 1063 633 1114 vocibuS‚
667 1064 801 1118 quibus
825 1066 1001 1118 dogmata
1023 1080 1090 1106 sua
1117 1067 1355 1119 praedicant,
1387 1076 1519 1109 contra
1546 1070 1659 1111 letale

143 1149 271 1174 eorum
294 1134 400 1172 virus
423 1131 638 1185 comparari
663 1133 871 1172 remedium
896 1140 1046 1187 potest,
1091 1134 1137 1173 ab
1161 1148 1207 1174 eo
1229 1136 1290 1189 qui
1314 1136 1513 1189 prudentia
1532 1137 1657 1191 aliqua

142 1201 191 1240 sit
213 1198 427 1253 praeditus,
461 1206 501 1238 ut
528 1199 640 1239 facile
674 1199 865 1240 sordidam
898 1200 1059 1240 istorum
1086 1201 1299 1242 doctrinam
1327 1209 1366 1242 et
1389 1203 1656 1256 loquacitatem

140 1267 380 1306 condemnet.
442 1265 656 1321 Praecipue
686 1281 738 1307 ex
765 1281 811 1307 eo
841 1269 938 1321 quod
964 1275 1039 1308 tam
1071 1269 1109 1308 in
1142 1269 1228 1322 lege
1254 1284 1363 1324 quam
1390 1271 1428 1309 in
1453 1272 1655 1325 evangelio

136 1333 186 1373 sit
206 1347 225 1372 a
254 1333 408 1373 domino
435 1334 573 1374 dictum
588 1365 598 1384 ,
643 1337 728 1373 Non
750 1336 899 1374 habebis
923 1338 1009 1374 deos
1034 1338 1129 1374 alios
1143 1347 1296 1387 praeter
1320 1352 1399 1376 me.-
1432 1341 1517 1378 Non
1542 1354 1652 1378 nsnr-
1671 1349 1760 1376 Esou.
1775 1348 1854 1376 ‘toa

131 1402 237 1452 pubis
263 1404 299 1440 in
321 1404 561 1440 iureiurando
582 1417 709 1441 nomen.
728 1404 899 1442 alter-ius.
962 1403 1017 1442 At
1038 1403 1074 1442 in
1100 1404 1303 1456 evangelio
1324 1405 1533 1459 praecipit,
1566 1409 1651 1446 Non
1687 1416 1788 1458 Manu

134 1472 280 1516 iurare,
314 1484 429 1521 neque
449 1472 608 1515 coelum,
648 1484 763 1521 neque
794 1478 954 1517 terram,
999 1485 1115 1522 neque
1141 1472 1247 1509 aliud
1270 1475 1546 1520 imim‘andum,
1591 1478 1657 1512 sed
1697 1454 1724 1487 5,
1744 1452 1783 1477 34,

133 1544 209 1575 esto
234 1538 334 1575 vobis
354 1540 604 1575 iurisiurandi
625 1541 757 1583 instar,
792 1540 930 1583 Etiam,
965 1541 1086 1584 etiam,
1120 1546 1159 1576 et
1175 1541 1274 1585 Non,
1309 1555 1405 1587 720723
1439 1543 1537 1592 quod
1559 1545 1652 1580 em‘m

133 1605 380 1643 abundantias
412 1606 457 1642 iis
479 1612 537 1642 est
555 1607 692 1643 amalo
717 1613 784 1642 esc.
848 1604 1034 1658 Equidem
1061 1605 1204 1644 idcireo
1226 1607 1419 1645 dominum
1453 1609 1497 1647 de
1532 1622 1576 1647 ea
1609 1623 1651 1647 re

133 1671 312 1712 sanxisse
340 1671 589 1721 crediderim,
624 1672 720 1725 quod
747 1671 919 1711 existere
945 1671 1041 1711 certi
1069 1672 1242 1712 homines
1270 1673 1454 1713 deberent
1486 1676 1547 1728 qui
1579 1676 1650 1714 alia

133 1752 318 1793 usurpare
338 1739 377 1778 in
397 1738 604 1778 deierando
628 1739 781 1778 nomina
803 1738 1026 1778 suaderent.
1073 1740 1134 1779 Ac
1157 1740 1317 1793 primum
1342 1742 1540 1789 statuisse,
1575 1757 1650 1781 non

132 1819 219 1846 esse
242 1806 443 1846 iurandum
470 1807 643 1860 penitus,
677 1820 724 1845 ne
750 1806 941 1846 dominum
968 1806 1118 1860 quidem
1141 1807 1287 1861 ipsum,
1322 1822 1446 1862 neque
1469 1809 1568 1849 aliud
1596 1810 1651 1848 nl-

130 1874 205 1913 lum
229 1873 440 1914 iusiurandi
472 1888 594 1927 genus
628 1873 932 1927 concipiendum.
992 1872 1089 1914 Mali
1112 1875 1212 1914 enim
1236 1883 1295 1915 est
1317 1877 1474 1916 omnino
1504 1877 1648 1917 iurare.

130 1940 298 1981 Proinde
322 1941 442 1982 malus
463 1948 523 1981 est
546 1941 606 1994 qui
631 1955 699 1995 per
721 1939 835 1980 Etxai
857 1941 1006 1981 locutus
1032 1949 1114 1992 est3
1147 1943 1210 1996 qui
1237 1957 1314 1982 non
1340 1944 1452 1984 modo
1474 1945 1650 1984 deierare

129 2023 198 2063 per
224 2009 334 2048 deum
359 2009 484 2062 cogit,
517 2022 649 2048 verum
674 2007 786 2048 etiam
814 2022 882 2063 per
903 2009 1045 2060 salem,
1079 2023 1232 2063 aquam,
1266 2011 1441 2061 aethera,
1474 2019 1647 2061 ventum,

130 2084 288 2124 terram,
323 2082 435 2129 atque
462 2076 626 2116 coelum.
687 2075 816 2129 Atque
840 2076 910 2116 hae
933 2073 1031 2116 duae
1052 2077 1222 2118 rationes
1250 2092 1273 2118 a
1293 2092 1354 2118 me
1378 2078 1502 2119 obiter
1527 2080 1650 2133 expli—

129 2150 239 2183 catae
262 2143 475 2194 sufficiunt,
509 2151 547 2183 ut
574 2150 705 2183 contra
729 2143 830 2183 illius
854 2157 1009 2184 errores
1031 2144 1213 2198 quilibet,
1247 2145 1310 2199 qui
1340 2146 1490 2199 quidem
1523 2147 1650 2186 curari

128 2211 236 2260 velit,
269 2219 439 2264 paratum
463 2210 674 2250 antidotum
700 2210 851 2252 habeat.
913 2209 1173 2265 Quamobrem
1200 2213 1311 2266 nugis
1334 2213 1446 2254 istius
1477 2213 1649 2253 haeresis

129 2293 175 2318 ac
196 2278 355 2318 subdola
388 2278 632 2318 cavillatione
661 2278 934 2332 praetermissa
967 2279 1014 2319 ad
1038 2277 1117 2320 Vll
1151 2293 1283 2320 earum
1311 2294 1408 2334 quae
1437 2288 1515 2320 tum
1550 2282 1647 2335 apud

128 2344 292 2387 ludaeos
313 2346 495 2400 vigebant
516 2345 819 2399 redarguendam
843 2360 904 2388 me
927 2347 1141 2388 conferam.
1203 2346 1263 2388 Ea
1286 2355 1345 2388 est
1368 2348 1571 2388 eiusmodi.

492 2505 822 2553 ADVERSUS
857 2506 1280 2555 HERODIANOS.

313 2585 431 2645 Quae
469 2589 535 2631 est
570 2584 761 2631 haeresis
795 2585 1005 2633 Iudaismi
1025 2587 1155 2645 VIL,
1191 2587 1342 2633 ordine
1369 2587 1470 2634 XX.

240 2693 412 2749 Septima
437 2702 522 2748 post
544 2695 763 2749 superiores
791 2696 874 2737 illas
897 2696 1205 2738 Herodianorum
1232 2698 1405 2737 haeresis
1430 2704 1503 2738 est.
1566 2697 1641 2751 Qui
1686 2707 1762 2746 Cap,
1783 2701 1803 2730 t.

129 2762 219 2802 nihil
255 2763 449 2802 diversum
489 2777 509 2802 a
540 2762 698 2816 reliquis
733 2763 945 2804 habuerunt
980 2772 1019 2805 et
1051 2763 1183 2805 ludaei
1219 2765 1313 2804 meri
1347 2772 1460 2814 sunt,
1502 2765 1647 2805 inertes

128 2828 241 2869 iidem
265 2843 310 2870 ac
331 2830 592 2870 simulatores.
655 2828 729 2882 Qui
756 2830 951 2872 Herodem
976 2831 1173 2874 Christum
1203 2833 1395 2873 dominum
1429 2847 1516 2873 esse
1545 2833 1644 2872 dicc-

129 2965 219 2995 etiam
238 2960 354 3005 Ἀρκεῖ
373 2965 457 3003 τέως
481 2963 517 2999 δὲ
543 2964 637 3008 ἔχειν.
