2034 3267
444 222 621 254 PANARn
647 223 727 255 [ΑΒ.
747 224 772 255 1.
796 225 903 257 ToM.
923 225 977 256 111.
1002 225 1129 257 HAER.
1148 226 1251 258 XLV.
1531 220 1608 260 705

92 307 279 354 tamquam
300 301 339 340 in
361 301 504 341 alveari
527 303 730 353 construit,
764 303 892 357 ibique
912 304 1060 345 semine
1080 305 1252 345 immisso
1276 306 1400 346 foetus
1421 307 1607 358 excludit,

91 368 158 409 sed
189 369 220 409 si
248 368 330 422 quis
356 369 481 410 viator
507 369 641 410 baculo
667 371 728 410 vel
754 371 859 425 virga
886 372 1016 423 savos,
1063 373 1114 412 uti
1137 373 1327 424 diximus,
1368 374 1608 425 demoliatur,

92 437 224 476 furens
243 436 344 476 illico
368 437 578 492 prorumpit
597 451 688 478 acer
708 438 770 478 ille
793 439 958 492 quidem,
993 441 1058 480 sed
1080 439 1292 481 imbecillus
1311 441 1464 482 crabro.
1511 441 1611 483 Tum

91 505 257 546 vicinum
286 505 436 559 aliquod
461 518 599 546 saxum
619 505 812 559 lignumve
838 513 973 547 nactus
1004 506 1061 547 ira
1084 515 1320 549 exaestuans
1351 523 1397 550 eo
1427 525 1512 552 cum
1542 512 1612 552 im-

91 579 180 627 petu
205 574 348 622 fertur,
381 587 424 613 ac
447 573 592 613 silicem
616 573 738 613 tundit
756 581 820 614 aut
842 574 1000 628 lignum.
1065 574 1214 629 Quibus
1237 591 1321 616 cum
1344 586 1482 619 noceat
1503 579 1611 631 nihil,

91 654 135 680 ac
163 654 210 681 ne
236 641 378 681 homini
402 641 549 695 quidem
567 673 576 691 ,
610 642 854 694 quantumvis
879 649 1041 696 pungat,
1079 643 1178 683 aliud
1203 652 1356 698 praeter
1376 646 1612 688 levissimum

92 709 261 748 dolorem
296 708 457 759 inferat,
500 722 634 749 saxum
671 722 764 750 vero
798 709 889 749 nibil
919 710 1115 762 oblaedat,
1159 712 1331 753 aculeum
1359 713 1431 754 sibi
1451 715 1612 755 interim

93 777 260 826 excutit,
293 776 420 830 itaque
444 775 619 816 moritur.
682 774 749 816 Sic
778 777 841 817 illa
869 777 1060 819 simillima
1092 780 1227 835 zopyri
1252 781 1451 822 crabronis
1481 782 1614 823 baere-

92 846 169 895 sis,
214 844 290 884 levi
316 845 446 884 dolore
469 843 611 884 inflicto
636 844 671 883 in
696 851 865 899 petram,
910 845 980 886 hoc
1004 853 1062 886 est
1086 848 1285 888 veritatem
1300 862 1322 900 ,Χ
1352 849 1554 892 incurrens
1579 859 1618 892 et

93 912 265 952 aculeum
294 911 509 966 infringens
536 912 774 952 enecabitur.
837 911 946 953 Hanc
972 913 1089 968 igitur
1110 922 1424 970 praetergressus
1452 919 1499 959 ad
1522 920 1616 960 alias

94 979 307 1020 orationem
341 980 558 1029 conferam,
603 987 709 1020 certa
742 980 801 1020 dei
831 981 970 1021 fiducia
998 983 1140 1034 fretus,
1182 983 1397 1026 institutum
1428 1000 1489 1027 me
1522 1001 1615 1041 opus

92 1048 138 1088 ad
169 1048 315 1089 exitum
348 1061 434 1088 esse
462 1047 747 1102 perducturum.

305 1331 689 1382 CONTRA
759 1332 1403 1397 SEVERIANOS,

395 1428 502 1474 quae
540 1416 606 1459 est
640 1411 835 1460 haeresis
863 1413 1031 1474 XXV.‚
1069 1415 1139 1463 vel
1165 1414 1305 1464 XLV.

206 1513 282 1568 Qui
303 1513 566 1569 superioribus
590 1513 664 1553 illis
687 1513 863 1568 proxime
884 1528 904 1553 a
924 1529 984 1555 me
1006 1515 1266 1557 subiiciendus
1289 1523 1364 1567 est,
1397 1518 1460 1558 vel
1479 1518 1613 1560 iisdem
1641 1531 1716 1575 Cap.
1742 1534 1765 1564 Ι.

94 1583 327 1637 temporibus
357 1582 477 1632 vixit,
524 1581 586 1621 vel
612 1582 774 1621 salutem
800 1589 859 1622 est
882 1590 1009 1624 aetate
1036 1598 1198 1638 suppar3
1245 1599 1370 1640 neque
1396 1587 1496 1626 enim
1523 1594 1617 1628 tem—

97 1665 167 1706 pus
189 1652 311 1706 ipsum
339 1657 516 1691 accurate
540 1663 841 1690 commemorare
864 1665 1035 1706 possum,
1069 1652 1141 1692 nisi
1167 1654 1266 1706 quod
1287 1653 1405 1694 vicini
1427 1654 1501 1695 sibi
1519 1655 1618 1697 invi-

94 1732 178 1760 cem
215 1718 444 1759 extiterunt.
513 1715 624 1770 Quae
661 1732 755 1758 vero
793 1719 838 1759 ad
873 1719 1096 1760 memoriam
1132 1728 1300 1761 nostram
1338 1732 1615 1777 pervenerunt,

95 1801 203 1841 quam
236 1786 456 1826 fidelissime
487 1786 734 1840 complectar.

208 1852 380 1895 Severus
414 1854 587 1908 quidam,
632 1867 652 1894 a
684 1868 757 1908 quo
785 1851 1011 1895 Severianis
1044 1870 1181 1896 nomen
1213 1856 1373 1897 inditum
1407 1866 1487 1910 est,
1532 1868 1620 1914 post

96 1922 272 1977 Apellem
293 1922 396 1963 illum
422 1922 576 1976 prodiit.
640 1919 760 1963 Cuius
786 1922 878 1963 baec
903 1931 994 1964 sunt
1016 1924 1152 1965 fabulis
1176 1938 1221 1964 ac
1243 1922 1452 1968 mendaciis
1475 1928 1618 1968 referta

95 1992 286 2046 dogmata.
345 1989 481 2031 Mundi
512 1989 698 2044 originem
728 1987 933 2046 Principiis
965 1992 1096 2033 nescio
1122 1992 1257 2047 quibus
1287 2007 1331 2034 ac
1355 1992 1618 2036 Potestatibus

95 2059 241 2100 tribuit.
302 2057 402 2099 Esse
425 2072 519 2099 vero
544 2065 746 2113 praeterea
769 2073 948 2114 supremo
970 2060 1008 2100 in
1036 2061 1145 2101 coelo
1168 2075 1211 2101 ac
1238 2062 1391 2113 seculo,
1425 2063 1523 2117 quod
1550 2077 1618 2104 no-

94 2128 231 2168 minari
259 2141 333 2167 non
361 2133 508 2181 potest,
553 2124 703 2167 Bonum
729 2128 914 2180 quendam
943 2129 1069 2169 deum.
1131 2127 1334 2170 Diabolum
1361 2131 1489 2184 magni
1515 2131 1619 2185 prin-

95 2195 188 2250 cipis
210 2195 322 2235 filium
345 2208 448 2244 esse,
483 2194 542 2248 qui
569 2193 830 2235 Potestatibus
854 2196 1059 2250 praesidet,
1093 2197 1200 2237 cuius
1222 2211 1359 2238 nomen
1385 2198 1519 2253 partim
1543 2197 1619 2238 Ial-

97 2263 282 2312 dabaoth,
328 2262 463 2317 partim
491 2260 662 2302 Sabaoth
688 2263 865 2317 appellat.
928 2263 963 2304 A
990 2279 1063 2319 quo
1089 2265 1242 2318 genitus
1266 2266 1328 2306 ille
1355 2279 1516 2321 serpens
1542 2266 1618 2321 pri-

96 2347 195 2373 mum
225 2332 312 2380 fuit,
356 2330 442 2370 inde
474 2329 520 2369 ab
548 2330 705 2371 coelesti
734 2329 884 2371 Virtute
910 2332 1080 2373 deiectus
1111 2333 1149 2372 in
1177 2340 1317 2373 terram
1350 2348 1394 2374 ac
1421 2334 1614 2388 delapsus,

96 2399 286 2455 serpentis
322 2399 465 2447 forma,
509 2397 674 2438 libidinis
706 2398 867 2439 stimulis
899 2401 1069 2454 percitus
1102 2415 1184 2441 cum
1217 2407 1321 2441 terra
1353 2415 1424 2442 ceu
1457 2402 1617 2442 muliere

96 2469 253 2522 quadam
279 2466 383 2507 coiit.
449 2463 536 2518 Quo
564 2479 616 2506 ex
639 2474 724 2506 satu
746 2467 835 2507 vitis
861 2468 1069 2521 pullulavit.
1131 2467 1242 2509 Unde
1270 2469 1314 2509 ad
1340 2469 1616 2510 conciliandam

97 2537 208 2590 nugis
239 2535 318 2575 suis
350 2534 458 2574 fidem
490 2534 668 2575 sinuosos
700 2533 832 2574 vitium
864 2535 987 2576 flexus
1018 2551 1061 2576 ac
1090 2537 1298 2587 rotundos,
1345 2545 1383 2578 et
1406 2537 1619 2578 cuiusmodi

96 2604 330 2660 serpentium
361 2602 486 2657 spirae
519 2609 630 2652 suut,
677 2601 874 2656 obliquos,
916 2604 961 2644 ad
993 2604 1083 2644 illud
1111 2604 1399 2658 significandum
1427 2608 1616 2646 referunt.

96 2730 210 2768 κιανῶ,
234 2731 281 2762 vel
302 2724 458 2760 Ἀπελλεί
478 2724 534 2759 καὶ
558 2727 742 2769 Αουκιανῷ.
878 2726 1009 2770 σπέρμα
1029 2738 1086 2768 pro
1107 2728 1164 2762 τοῦ
1190 2728 1377 2772 σπέρματος
1390 2755 1399 2772 ,
1424 2731 1506 2770 quod
1526 2732 1559 2762 in
1579 2732 1618 2762 11·-

141 2766 314 2814 3.'Scripsi
341 2770 379 2806 δὲ
399 2781 457 2812 pro
480 2783 535 2811 τε,
572 2773 653 2812 quod
687 2773 719 2803 in
751 2773 835 2805 libris
878 2775 941 2805 bris
963 2775 1102 2805 omnibus
1125 2776 1284 2813 reperitur.

97 2821 188 2860 vulgo
209 2821 368 2859 reperitur.
922 2816 955 2851 6.
978 2820 1214 2850 Rescribendum
1235 2820 1355 2852 indetur
1372 2817 1410 2854 τὸ
1432 2819 1495 2863 τῆς
1513 2815 1619 2862 οἷμπέ-

141 2865 172 2898 4.
193 2861 393 2908 όφιείκελλον
409 2863 456 2894 ed.
466 2864 578 2902 princ„
590 2863 740 2903 quomodo
752 2863 834 2895 haer.
880 2863 934 2897 λου
959 2867 1023 2896 cett.

97 2908 153 2950 51,
174 2908 226 2943 35.
250 2911 342 2941 etiam
366 2906 627 2950 μακροείκελλος.
924 2908 954 2941 7.
981 2906 1149 2942 σκαλεινόν
1171 2909 1280 2950 Ιερίιιιν
1303 2912 1336 2942 in
1358 2911 1455 2943 editis.

142 2955 172 2988 5.
191 2956 345 2987 Sententia
360 2954 536 2993 postulabat
553 2955 586 2984 ut
606 2953 783 2985 scriberetur
796 2949 833 2986 τὸ

167 3007 281 3044 Corpus
299 3006 474 3035 Haerescol.
493 3004 529 3033 11.
1294 3015 1346 3054 45
