2034 3267
410 215 587 247 PANARII
612 216 695 247 LIB.
714 217 738 248 1.
764 216 871 248 TOM.
889 217 946 248 111.
971 216 1099 248 HAER.
1120 217 1244 250 XLIII.
1511 209 1591 250 689

78 293 370 335 comminatione
398 294 643 349 perstringit:
687 297 760 345 Qui
784 310 856 334 nou
878 297 1103 347 honorificat
1116 298 1266 347 filium,
1302 304 1343 335 ut
1369 299 1736 349 honorgstcac10ann.5,
1749 308 1790 335 23.

73 370 237 414 patrem,
278 365 336 400 ira
371 365 432 401 dee·
459 366 495 402 in
529 357 593 401 illo
624 371 756 402 manet.
820 363 881 403 Ac
918 377 988 404 nos
1025 363 1217 418 plerisque
1252 364 1325 403 iam
1364 365 1593 406 testimoniis

78 430 315 470 ostendimus
350 445 463 470 unum
491 444 578 471 esse
607 431 717 471 deum
750 444 793 470 ac
820 437 965 485 patrem
993 431 1134 471 domini
1166 432 1286 472 nostri
1316 429 1406 472 Iesu
1430 430 1591 485 Christi,

77 498 137 552 qui
171 498 293 538 bonus
327 505 386 538 est
414 498 631 552 bonumque
663 498 819 552 genuit,
854 498 993 538 caritas
1021 499 1118 538 idem
1152 505 1211 539 est
1238 506 1276 538 et
1303 499 1500 540 caritatem
1526 514 1593 554 ge-

77 565 180 615 nuit,
216 567 300 606 fons
323 573 382 606 est
406 573 443 606 et
469 567 612 606 fontem
640 566 740 606 vitae
765 566 946 620 produxit
977 569 1108 619 (Apud
1127 575 1160 605 te
1183 570 1276 606 enim
1298 575 1354 606 est
1365 570 1459 621 sons
1480 571 1588 615 vilae,
1611 579 1659 607 Ps.
1677 580 1720 613 35,
1741 580 1779 608 ιο.

78 634 130 673 ait
153 634 379 689 scriptura):
414 635 511 675 idem
543 641 581 674 et
602 634 747 674 veritas
775 640 835 674 est
862 641 899 674 et
926 634 1125 675 veritatem
1159 635 1312 687 genuit,
1346 636 1596 690 similiterque

76 701 202 742 lumen
228 710 287 742 est
311 710 350 742 et
368 703 493 742 lumen
519 702 673 755 genuit,
707 702 784 741 vita
807 708 866 741 est
892 707 929 741 et
954 702 1068 742 vitam
1098 703 1344 756 propagavit,
1379 703 1488 757 idque
1512 704 1595 744 sine

77 769 154 809 ullo
178 770 379 825 principiO,
414 770 459 811 ab
484 777 658 820 aeterno,
693 769 862 823 citraque
887 776 1048 823 tempus.
1099 768 1186 823 Qua
1210 771 1359 810 ratione
1382 769 1596 812 Marcionis

79 851 190 878 error
221 839 344 878 omnis
376 837 578 878 evertitur.

191 904 301 958 Quae
331 920 414 946 cum
440 906 491 945 ita
522 919 564 946 se
594 905 780 956 habeant,
815 919 858 945 ac
887 905 1087 945 nebulonis
1111 905 1222 946 istius
1244 906 1371 946 multis
1397 914 1435 947 et
1461 907 1596 947 certis-

78 974 185 1014 simis
211 974 424 1014 rationibus
448 973 525 1014 sint
555 973 730 1013 convicta
761 973 982 1023 mendacia,
1023 987 1066 1013 ac
1098 974 1291 1026 negotium
1325 988 1437 1014 omne
1468 976 1597 1015 confe-

80 1049 204 1093 ctum,
237 1042 283 1082 ad
314 1041 388 1081 alia
414 1048 679 1091 transeamus,
713 1049 751 1081 et
781 1040 851 1080 hac
877 1041 982 1081 velut
1014 1041 1167 1081 immani
1194 1043 1351 1095 quadam
1378 1043 1508 1097 aspide
1531 1057 1596 1083 ve-

79 1110 240 1150 rissimis
263 1108 470 1150 salvatoris
495 1108 624 1149 verbis
648 1108 809 1159 obtrita,
843 1109 905 1163 qui
930 1109 1049 1159 dixit,
1083 1112 1180 1148 Dedi
1198 1111 1297 1148 vobis
1319 1112 1466 1150 calcare
1486 1126 1598 1163 super·
1611 1124 1683 1152 Luc.
1698 1124 1738 1160 ιο,
1755 1126 1794 1152 19.

78 1186 287 1230 serpentes,
321 1185 359 1216 et
384 1180 617 1229 scorpiones,
652 1185 688 1216 et
719 1192 830 1229 super
857 1192 994 1217 omnem
1015 1185 1231 1229 poteslatem
1260 1181 1417 1227 inimici,
1459 1179 1503 1219 ad
1536 1193 1598 1219 ce-

79 1253 249 1286 terorum
272 1259 344 1286 nos
369 1245 659 1300 contemplanda
684 1258 727 1285 ac
751 1246 951 1285 refutanda
975 1245 1107 1285 deliria
1132 1247 1362 1298 referamus,
1395 1247 1451 1287 sic
1476 1254 1516 1288 ut
1539 1248 1598 1289 dci

79 1313 117 1354 in
149 1314 325 1355 omnibus
356 1327 465 1369 opem
496 1327 540 1354 ac
570 1312 800 1368 praesidium
831 1313 1092 1368 imploremus.

488 1472 738 1522 CONTRA
772 1473 1200 1534 LUCIANISTAS,

350 1569 456 1615 quae
494 1558 560 1600 est
594 1553 788 1601 haeresis
823 1553 1022 1613 XXIII„
1057 1554 1127 1602 vel
1161 1553 1332 1603 XLIII.

190 1652 389 1694 Luciacus
411 1654 560 1708 quidam
585 1654 791 1708 antiquior,
825 1669 900 1695 non
923 1655 985 1695 ille
1010 1654 1071 1708 qui
1096 1661 1221 1695 aetate
1245 1661 1378 1695 nostra
1400 1654 1470 1696 sub
1492 1652 1596 1695 Con·
1621 1666 1698 1709 Cap.
1718 1667 1740 1699 I.

83 1721 252 1763 stantino
271 1721 426 1762 seniore
448 1722 561 1773 vixit,
596 1737 708 1776 quem
731 1723 867 1762 Ariani
892 1723 993 1762 inter
1016 1729 1207 1777 martyres
1228 1724 1462 1763 adscribunt.
1511 1721 1603 1763 Fuit

84 1790 185 1830 enim
220 1787 418 1830 Lucianus
452 1789 525 1830 iste
560 1789 688 1830 iunior
720 1790 954 1831 Arianorum
994 1789 1190 1830 erroribus
1223 1790 1407 1841 infectus,
1450 1791 1496 1831 de
1527 1806 1600 1845 quo

85 1865 242 1913 postea,
276 1872 359 1898 cum
385 1858 608 1898 refutandus
629 1858 724 1909 erit,
758 1859 880 1899 acturi
904 1872 1057 1899 sumus:
1090 1872 1191 1898 nunc
1213 1859 1399 1899 adversus
1420 1859 1603 1899 maiorem

85 1926 189 1966 illum
210 1924 424 1966 Lucianum
447 1926 689 1981 suscipienda
713 1926 823 1968 nobis
844 1934 902 1968 est
922 1926 1140 1982 disputatio.
1202 1925 1277 1967 Hic
1297 1927 1414 1981 igitur
1432 1926 1602 1968 Marcio-

85 1994 145 2035 nis
178 2001 266 2034 ante
302 2001 492 2045 sectator,
526 2001 612 2049 post
643 1994 689 2034 ab
723 1995 855 2035 eodem
889 1995 1082 2046 divulsus,
1123 1994 1312 2049 privatum
1344 1995 1415 2036 sibi
1445 2009 1601 2050 gregem

88 2062 321 2103 contrahens
352 2076 476 2103 novae
501 2070 631 2103 sectae
660 2063 781 2103 factus
813 2070 870 2103 est
900 2063 1097 2114 conditor,
1130 2063 1176 2103 ab
1210 2077 1332 2117 eoque
1355 2061 1606 2104 Lucianistae

86 2138 239 2172 veteres
272 2145 410 2170 nomen
447 2137 692 2185 acceperunt.
754 2129 877 2172 Porro
909 2130 1121 2172 Marcionis
1151 2131 1214 2171 ille
1248 2132 1423 2185 dogmata
1453 2131 1602 2186 penitus

88 2199 312 2253 complexus
343 2205 417 2239 est.
481 2197 629 2252 Quibus
661 2198 818 2254 perinde
846 2207 905 2241 est
936 2214 1051 2251 usus,
1092 2207 1132 2239 ut
1164 2199 1209 2239 ad
1243 2213 1313 2239 nos
1350 2200 1446 2239 fama
1478 2206 1536 2239 est
1566 2207 1604 2239 et

88 2267 282 2307 auditione
306 2267 507 2321 perlatum.
568 2265 670 2307 Nam
693 2282 777 2308 cum
798 2268 963 2322 antiquis
985 2268 1037 2308 illi
1061 2267 1296 2322 temporibus
1319 2267 1533 2318 extiterint,
1567 2275 1605 2308 et

89 2349 200 2390 quam
224 2333 408 2375 citissime
431 2335 604 2375 restincti
630 2335 727 2386 sint,
761 2335 976 2376 difficillima
999 2335 1131 2386 nohis,
1166 2342 1206 2375 ut
1229 2335 1388 2389 intelligi
1414 2336 1459 2376 ab
1484 2335 1604 2376 omni-

88 2403 158 2444 bus
182 2410 321 2458 potest,
355 2403 505 2444 illorum
527 2402 724 2457 inquisitio
750 2404 832 2444 suit.
893 2402 972 2445 Scd
993 2418 1089 2458 quac
1116 2404 1161 2444 de
1184 2403 1248 2444 illo
1275 2410 1478 2458 utcumque
1501 2418 1603 2444 coni-

89 2471 216 2526 perire
248 2471 461 2526 potuimus,
495 2478 584 2512 sunt
614 2471 816 2513 eiusmodi.

198 2538 300 2580 Nam
333 2545 578 2594 posteaquam
602 2539 700 2581 alius
730 2540 776 2580 ab
803 2553 849 2580 eo
873 2539 1103 2581 constitutus
1128 2547 1186 2581 est
1212 2537 1377 2580 Creator
1407 2553 1450 2580 ac
1481 2537 1603 2580 Iudex

91 2614 129 2648 et
149 2606 300 2658 lustus,
336 2605 468 2647 Bonus
491 2607 611 2659 alius,
644 2608 810 2662 itemque
831 2606 961 2649 Malus
983 2608 1142 2658 tertius,
1177 2608 1368 2648 nonnullis
1389 2606 1602 2648 Marcionis

92 2676 269 2730 exemplo
292 2674 521 2716 testimoniis
546 2674 677 2726 utitur,
711 2689 808 2730 quae
829 2690 880 2717 ex
904 2676 1171 2731 prophetarum
1197 2676 1348 2730 scriptis
1373 2676 1417 2716 ad
1440 2675 1601 2727 erroris,

91 2750 134 2782 ut
157 2743 243 2794 ille,
283 2743 340 2784 sui
373 2743 622 2798 patrocinium
657 2743 823 2784 adducit.
887 2742 1111 2786 Cuiusmodi
1142 2743 1241 2783 istud
1276 2750 1356 2784 est:
1399 2746 1521 2783 Vanus
1549 2752 1731 2794 est1s1a1.³‚
1748 2760 1776 2787 14

92 2813 158 2862 que·
183 2815 300 2851 servit
327 2814 483 2851 domino.
548 2808 668 2852 Item:
710 2815 937 2853 Restiterunt
965 2816 1051 2861 deo,
1085 2819 1123 2851 et
1144 2813 1236 2851 salve
1261 2813 1361 2864 sueti
1379 2820 1477 2851 sunt.
1539 2812 1600 2853 Ad

137 2899 168 2934 6.
191 2902 277 2934 Libri
296 2903 404 2935 habent
424 2900 727 2945 κατεργασαμένης,
747 2904 828 2944 quod
872 2906 992 2936 uncinis
1012 2905 1137 2936 notavit.

91 2949 200 2978 υίιὶιινη
224 2950 352 2979 correxi.
918 2949 995 2982 CAP.
1020 2951 1044 2980 1.
1071 2967 1112 2972 —
1148 2947 1175 2980 1.
1203 2949 1367 2980 Carnarius
1385 2951 1492 2980 vertit.-
1517 2947 1599 2987 Qui—

137 2991 167 3023 7.
200 2993 263 3023 Hoc
291 2995 378 3032 prius
401 2991 647 3035 ἐπικαλούμενοι
669 2995 827 3026 abundare
872 2994 931 3026 bus
966 2993 1063 3026 etiam
1105 2999 1238 3024 utuntur
1277 2992 1376 3035 ipsius
1415 2993 1598 3036 complices,

93 3039 193 3069 visum
214 3040 256 3068 est
280 3038 426 3069 Cornario
448 3041 474 3070 et
493 3039 639 3079 Ρεεαυίο,
671 3041 724 3080 qui
749 3041 828 3072 illud
872 3039 962 3072 velut
985 3039 1071 3072 fama
1094 3037 1135 3070 ad
1159 3048 1219 3070 nos
1242 3039 1385 3081 pertulit.

161 3090 275 3126 Corpus
292 3091 464 3120 flaereseol.
483 3090 520 3118 11.
1282 3100 1334 3137 44
