2034 3267
437 152 614 185 PANARn
638 153 719 185 Lm.
737 154 760 185 1.
784 153 888 185 ToM.
909 155 964 186 111.
987 154 1115 186 HAER.
1135 154 1300 186 xxxtx.
1547 147 1622 188 531

114 232 358 287 multiplicata
392 231 496 287 prole
526 239 781 287 perpetuaque
810 233 953 273 sobolis
982 234 1230 274 successione
1257 234 1421 288 quinque
1449 234 1488 274 in
1518 237 1630 276 terris

116 301 287 355 stirpium
319 306 408 340 sunt
438 300 535 339 sacta
568 300 745 340 divortia.

227 366 315 420 Quo
343 374 512 422 tempore
537 366 711 423 Babylon
742 368 779 408 in
802 367 966 422 Assyria
992 368 1037 408 ab
1062 369 1194 408 iisdem
1224 369 1297 409 illis
1327 377 1526 421 extructa,
1569 369 1631 424 qui
1656 376 1732 420 Cap.
1749 378 1831 409 Vttt.

116 444 154 476 et
174 435 328 476 Turrim
355 437 620 476 condiderunt.
684 435 879 490 Erantque
903 443 1001 485 tum,
1036 435 1087 475 nti
1112 437 1147 475 in
1174 437 1436 490 superioribus
1465 438 1634 478 haeresi-

116 504 186 545 bus
217 518 267 545 ex
290 503 580 558 generationum
614 517 635 543 a
660 503 768 543 nobis
794 503 965 543 instituta
987 504 1088 543 serie
1112 504 1410 544 demonstratum
1439 513 1518 555 est,
1566 506 1632 546 ho·
1652 511 1726 539 Gen.
1745 512 1785 539 1⁰-

117 571 238 614 mines
261 573 380 612 ferme
400 569 557 611 LXXll
579 570 750 625 stirpium
773 577 951 610 auctores
974 578 1013 611 et
1034 571 1173 625 capita.
1217 571 1407 612 Nimirum
1430 587 1480 614 ex
1499 571 1635 614 Chami

117 640 301 696 progenie
320 637 511 690 XXXll,
555 653 575 678 e
599 652 741 692 genere
762 637 852 678 Sem
875 636 977 688 XV,
1020 652 1040 678 e
1063 637 1210 692 laplieti
1234 654 1327 680 vero
1352 641 1470 695 stirpe
1494 639 1632 692 XXV,

119 723 201 749 cum
227 708 342 748 turris
367 708 428 748 illa
457 722 540 747 cum
564 704 763 760 Babylone
789 706 1034 746 conderetur.
1096 706 1157 745 Ab
1183 706 1239 746 his
1267 707 1305 747 in
1331 709 1551 749 universum
1575 723 1637 749 or-

118 776 201 817 bem
226 776 402 816 nationes
425 788 557 815 omnes
579 788 621 813 ac
641 774 792 827 linguae
814 774 1019 828 dissipatae
1042 781 1145 814 sunt.
1207 773 1461 830 Posteaquam
1485 785 1637 831 septua-

118 844 223 898 ginta
249 844 300 884 illi
329 844 425 894 duo,
459 843 519 897 qui
543 842 677 882 turrim
705 841 979 891 moliebantur,
1013 842 1184 883 confusis
1211 842 1350 896 linguis
1379 846 1449 884 huc
1475 845 1638 899 illucque

119 912 280 967 dispersi
306 918 416 962 sunt,
450 918 488 950 et
506 924 574 964 pro
599 923 672 949 una
696 923 806 963 quam
830 910 1020 949 callebant
1042 910 1138 950 alius
1160 911 1271 951 aliam
1294 925 1346 952 ex
1367 912 1491 952 afflatu
1513 913 1570 952 dei
1595 927 1639 952 ac

119 981 316 1022 voluntate
337 979 495 1019 sortitus
517 984 589 1018 est.
650 976 714 1017 Ex
737 992 810 1031 quo
833 978 878 1017 ad
901 978 994 1017 hanc
1018 992 1136 1032 usque
1159 979 1255 1018 diem
1278 980 1492 1032 linguarum
1517 981 1640 1020 omnis

120 1056 179 1090 est
199 1048 358 1088 conflata
381 1046 574 1096 varietas,
608 1059 766 1099 quarum
790 1046 1088 1100 uniuscuiusque
1114 1046 1205 1086 licet
1227 1055 1421 1088 auctorem
1448 1049 1549 1088 nullo
1575 1062 1642 1088 ne-

120 1116 224 1171 gotio
253 1114 554 1169 deprehendere.
616 1111 682 1154 Sic
708 1113 806 1153 euim
836 1112 951 1154 lavan
977 1114 1118 1154 Graeci
1148 1116 1338 1156 sermonis
1368 1117 1544 1171 princeps
1573 1130 1642 1157 ex-

121 1185 217 1235 titit,
250 1198 271 1223 a
296 1197 368 1237 quo
396 1188 485 1222 sunt
510 1179 622 1221 lones
645 1181 926 1235 cognominati,
961 1196 1077 1236 penes
1101 1198 1196 1237 quos
1217 1185 1360 1224 veteris
1384 1191 1444 1224 est
1467 1184 1643 1225 Graecae

121 1252 274 1306 liuguae
300 1250 512 1306 possessio.
573 1248 611 1289 A
635 1248 762 1289 Thera
790 1249 984 1290 Thracum
1010 1251 1136 1305 lingua
1163 1254 1333 1305 prolecta
1362 1260 1441 1303 est,
1486 1251 1643 1308 Mossy—

121 1334 327 1362 noecorum
353 1333 374 1359 a
395 1316 608 1368 Mosoclio,
642 1331 662 1356 a
690 1316 865 1358 Tliobele
890 1317 1184 1360 Thessalorum.
1248 1319 1344 1360 Elud
1373 1335 1485 1375 porro
1511 1319 1643 1376 Lydo-

120 1403 203 1430 rum
231 1386 421 1429 sermonis
451 1393 587 1426 auctor
618 1386 707 1436 fuit,
742 1385 794 1425 uti
823 1384 1116 1441 Gasphenorum
1147 1386 1326 1442 Gephar‚
1360 1389 1642 1444 Aegyptiorum

119 1455 323 1507 Mistrem,
356 1453 457 1495 Psus
486 1454 778 1505 Axumitarum,
811 1454 952 1494 Armot
975 1455 1147 1495 Arabum
1174 1470 1218 1496 ac
1245 1457 1447 1511 deinceps,
1491 1472 1539 1497 ne
1564 1456 1643 1497 sin-

119 1523 277 1579 gillatim
311 1536 585 1578 percenseam,
632 1536 725 1562 suae
756 1522 940 1576 cuiusque
976 1523 1127 1578 linguae
1167 1524 1324 1578 reliquis
1362 1532 1421 1565 est
1451 1525 1643 1580 impertita

121 1591 298 1633 scientia.
361 1591 488 1644 Atque
514 1590 566 1630 ita
594 1589 829 1644 singularum
856 1590 1052 1632 successio
1076 1599 1136 1632 est
1161 1593 1339 1647 paulatim
1369 1593 1404 1632 in
1434 1593 1526 1633 orbe
1550 1593 1643 1633 dila-

122 1667 201 1701 tata
230 1672 510 1715 progressaque
539 1658 706 1712 longius.

234 1725 343 1780 Quae
370 1741 454 1767 cum
476 1726 528 1766 ita
552 1726 649 1777 sint,
694 1726 815 1776 unde,
858 1741 1023 1781 quaeso,
1067 1725 1242 1768 Sethiani
1266 1729 1382 1769 falsas
1405 1729 1487 1770 illas
1512 1742 1642 1769 narra-
1667 1736 1744 1779 Cap.
1767 1737 1825 1768 IX.

123 1796 247 1837 tiones
269 1801 516 1849 acceperunt,
551 1794 636 1834 dum
658 1801 696 1834 et
721 1795 826 1835 fictas
849 1795 996 1835 fabulas
1019 1795 1239 1846 obtrudunt,
1275 1804 1312 1836 et
1335 1811 1432 1851 quae
1454 1811 1643 1852 nunqnam

124 1866 222 1905 facta
252 1870 342 1903 sunt
372 1877 440 1917 pro
471 1861 575 1903 veris
607 1862 712 1902 velut
741 1863 975 1903 somniantes
1002 1863 1201 1904 effutiunt?
1260 1862 1370 1918 Quae
1398 1872 1524 1906 autem
1551 1879 1644 1906 vera

123 1931 320 1986 solidaque
343 1938 452 1981 sunt,
486 1930 660 1984 procula
681 1930 760 1971 suis
789 1930 861 1986 ipsi
887 1931 1076 1972 mentibus
1104 1932 1296 1973 reiiciunt.
1361 1932 1438 1975 Sed
1466 1933 1642 1974 nimirum

122 2007 242 2041 totum
271 1999 370 2040 istud
398 2012 448 2039 ex
474 1998 561 2039 mali
588 1998 785 2039 voluntate
811 1999 1007 2040 daemonis
1035 2000 1236 2055 afflatuque
1262 2009 1485 2056 conceptum
1514 2003 1643 2043 liuma-

123 2068 182 2109 nis
216 2067 381 2122 ingeniis
417 2066 603 2107 adhaesit.
666 2064 752 2119 Qua
785 2067 824 2107 in
857 2081 899 2108 re
935 2082 1010 2108 non
1045 2069 1168 2109 miuus
1200 2070 1518 2110 considerandum
1551 2071 1642 2111 illud

124 2150 232 2191 quam
258 2135 517 2175 admirandum
540 2134 660 2184 venit,
694 2136 1004 2188 quemadmodum
1030 2137 1092 2177 ille
1112 2152 1195 2177 cum
1220 2138 1393 2178 homines
1417 2138 1455 2177 in
1479 2138 1644 2178 absurda

121 2204 352 2259 indignaque
374 2217 483 2257 quam
506 2203 665 2257 plurima
689 2204 950 2244 fraudulenter
970 2205 1188 2259 pellexerit,
1223 2213 1333 2260 atque
1354 2207 1390 2245 in
1411 2207 1536 2247 scelus
1558 2221 1644 2261 per-

125 2273 311 2322 traxerit,
355 2278 487 2326 stupra
513 2270 712 2321 videlicet,
753 2272 961 2324 adulteria,
1005 2273 1203 2324 libidines,
1247 2274 1433 2314 idolorum
1458 2275 1644 2329 supersti-

124 2341 250 2381 tiones
276 2354 320 2380 ac
340 2338 590 2394 praestigia8‚
625 2339 868 2393 profusiones
889 2342 1141 2393 sanguinum,
1175 2342 1327 2396 rapinas
1349 2349 1386 2382 et
1407 2342 1644 2383 insatiabiles

126 2409 372 2463 cupiditates,
406 2407 543 2457 aleam,
577 2407 841 2458 voracitatem,
875 2409 1024 2463 aliaque
1051 2410 1086 2449 id
1113 2424 1234 2464 genus
1261 2410 1418 2464 flagitia,
1453 2425 1644 2464 nunquam

128 2484 253 2517 tamen
278 2482 366 2516 aute
389 2473 535 2516 Christi
556 2475 767 2515 servatoris
790 2476 1016 2528 adventum,
1049 2479 1364 2518 contumeliosam
1386 2479 1424 2518 in
1451 2479 1643 2519 dominum

125 2559 234 2585 suum
264 2544 409 2584 iactare
438 2556 571 2583 vocem
604 2542 665 2582 vel
693 2543 880 2584 rebellare
913 2545 962 2585 sit
991 2560 1122 2586 ausus.
1183 2545 1428 2600 Expectabat
1458 2546 1643 2600 siquidem

126 2613 212 2653 dum
249 2610 427 2653 Christus
459 2609 679 2661 adveniret,
725 2617 766 2651 ut
798 2613 858 2652 vel
889 2612 971 2667 ipse
1006 2614 1204 2668 profitetur
1239 2614 1294 2654 his
1330 2614 1483 2655 verbis:
1526 2618 1582 2654 De
1613 2623 1646 2653 te
1663 2627 1734 2655 Luc.
1749 2628 1827 2662 4‚10.

125 2683 302 2732 scriptum
333 2688 408 2727 est,
451 2682 642 2731 quoniam,
681 2682 824 2730 angeles
853 2685 930 2720 suis
960 2683 1148 2721 mandabit
1173 2684 1215 2720 de
1249 2689 1301 2729 le,
1347 2690 1382 2721 et
1409 2686 1446 2721 in
1477 2684 1643 2723 manibus
1661 2673 1772 2742 ζῖἰᾶῐιΤ

121 2750 328 2800 portabunt
356 2756 402 2787 te.
469 2746 564 2787 tttnd
595 2746 695 2788 enim
726 2755 909 2802 perpetuo
940 2763 960 2790 a
991 2749 1184 2804 prophetis
1212 2749 1422 2790 nuntiatum
1454 2751 1642 2802 audierat,

128 2814 272 2857 Christi
298 2815 439 2856 domini
463 2814 720 2870 praesentiam
746 2829 876 2856 eorum
899 2817 1199 2872 redemptionem
1226 2818 1308 2857 sore
1334 2819 1394 2872 qui
1422 2828 1647 2873 peccassent

128 2898 171 2924 ac
201 2883 473 2938 poenitentiam
504 2883 759 2938 susciperent.
822 2883 951 2938 Quare
981 2893 1020 2926 et
1049 2886 1132 2940 ipse
1158 2883 1446 2926 misericordiae
1475 2886 1646 2926 nonnihil

130 2965 170 2992 se
194 2958 486 2993 consecuturum
509 2951 700 3006 sperabat.
764 2950 908 2993 Verum
933 2954 994 2994 ubi
1018 2968 1124 2994 suam
1148 2954 1193 2993 ad
1217 2952 1460 2994 obtinendam
1485 2955 1643 2995 salutem

1284 3020 1377 3063 34*
