2034 3267
487 191 663 223 PANARH
688 192 787 223 ADV.
812 191 1033 224 HAERESES
1057 193 1138 224 Lrss.
1160 194 1182 226 1.
1207 194 1311 226 ΤΟΜ.
1334 195 1358 225 1.
1629 189 1681 226 67

163 284 228 311 rae
259 277 418 311 exteras
452 270 497 310 ad
523 271 697 310 nationes
722 270 786 310 illo
810 277 981 325 tempore
1009 272 1302 325 pervenissent,
1336 272 1523 327 Assyrios
1549 273 1682 314 videli-

164 345 240 388 cet,
274 351 326 377 ex
351 337 486 391 quibus
512 337 684 391 inquilini
709 337 761 377 illi
788 336 1002 378 Samaritae
1026 340 1194 390 fuerunt,
1229 353 1304 379 una
1328 339 1440 379 etiam
1467 339 1681 380 animorum

163 405 354 445 dissensio
388 404 568 458 contigit,
605 404 900 458 opinionumque
925 406 1116 446 concitata
1144 406 1312 457 falsitas,
1352 414 1391 446 et
1412 407 1457 446 ab
1492 421 1567 447 uno
1592 408 1680 447 1611-

161 471 287 526 gionis
325 472 427 512 cultu
464 471 796 511 innumerabilium
833 484 1008 511 errorum
1041 486 1110 526 per
1140 473 1241 512 illam
1278 473 1504 514 discordiam
1535 475 1681 514 semina

163 539 419 594 pullularunt,
454 545 566 592 prout
602 537 777 577 nimirum
811 537 1110 592 uniuscuiusque
1136 553 1273 580 seusus
1299 540 1405 591 tulit,
1437 547 1502 581 aut
1522 541 1559 581 111
1585 543 1680 582 scri-

161 607 282 661 pturis
307 606 564 660 intelligendis
595 604 754 658 peritiae
785 603 855 642 sihi
885 604 1023 657 aliquid
1048 607 1268 659 arrogavit,
1302 608 1532 662 easdemque
1555 608 1680 660 priva-

163 680 238 714 tam
271 674 317 714 ad
348 672 576 713 sententiam
607 670 900 711 accommodare
931 672 1089 711 studuit.

646 827 678 875 S
703 827 745 874 A
765 827 811 874 Μ
834 827 875 874 Α
901 828 947 875 Β
969 828 992 874 Ι
1020 829 1057 875 T
1082 829 1124 875 A
1145 829 1200 877 E.

164 921 281 982 Quae
303 925 367 967 est
389 918 582 966 haeresis
606 918 655 964 ab
672 918 824 979 gentili
846 918 1156 979 superstitione
1169 919 1288 979 VIL,
1306 921 1458 967 ordine
1480 937 1585 969 vero
1597 924 1678 972 IX.

272 1019 403 1072 Itaque
427 1015 646 1058 Samaritae
671 1030 801 1056 earum
835 1016 1049 1057 haereseon
1072 1018 1278 1073 principes,
1313 1034 1410 1073 quae
1433 1021 1572 1062 divinis
1595 1023 1679 1063 lite-

161 1089 215 1129 ris
249 1087 440 1135 nituntur,
485 1091 570 1138 post
609 1091 928 1124 commemoratas
966 1099 987 1125 a
1024 1085 1134 1125 nobis
1166 1084 1403 1127 Graecorum
1446 1096 1597 1140 sectas,
1642 1098 1679 1130 et

160 1154 292 1196 stolide
335 1152 420 1192 illas
467 1151 618 1205 quidem
654 1151 700 1191 ab
741 1151 934 1191 hominum
980 1152 1145 1206 ingeniis
1193 1155 1458 1207 excogitatas,
1505 1157 1679 1210 proxime

158 1226 382 1274 sequuntur.
458 1218 607 1259 Horum
645 1233 765 1272 genus
809 1218 1144 1260 Samaritanorum
1185 1228 1380 1261 vocatum.
1454 1221 1565 1275 Quae
1600 1238 1679 1264 vox

159 1286 349 1329 Custodes
374 1286 589 1340 significat,
625 1287 722 1340 quod
747 1286 771 1325 ii
797 1287 987 1340 quondam
1014 1287 1051 1326 in
1074 1288 1138 1328 illa
1168 1295 1270 1328 terra
1297 1296 1474 1342 tanquam
1498 1292 1678 1331 custodes

156 1353 331 1395 collocati
356 1361 469 1404 sunt3
512 1354 594 1394 sive
620 1355 718 1407 quod
742 1367 838 1407 quae
867 1368 888 1393 a
910 1352 1025 1394 Mose
1054 1354 1263 1395 constituta
1293 1363 1402 1395 erant
1435 1357 1473 1396 in
1497 1357 1582 1411 lege
1613 1373 1678 1398 cu-

155 1422 358 1462 stodirent.
419 1421 479 1461 Ac
512 1435 622 1461 mons
650 1421 714 1460 ille
741 1435 852 1474 quem
886 1421 1109 1461 insederant
1136 1420 1329 1463 Somorou
1360 1424 1570 1478 appellatus
1600 1434 1676 1475 est,

155 1489 217 1529 vel
243 1486 408 1539 Somer,
450 1488 496 1528 ab
530 1488 686 1542 antiquo
709 1486 927 1528 Somorone
960 1487 1134 1529 Someris
1170 1490 1261 1530 filio.
1323 1488 1365 1530 ld
1403 1491 1502 1530 enim
1534 1492 1567 1531 61
1593 1493 1676 1532 viro

155 1571 294 1597 nomen
328 1557 412 1596 fuit.
476 1553 683 1596 Caeterum
710 1554 850 1596 Somer
874 1556 946 1595 iste
977 1563 1122 1610 patrem
1158 1557 1289 1597 habuit
1320 1572 1340 1598 e
1363 1556 1678 1600 Pherezaeorum

153 1638 197 1664 ac
223 1622 535 1677 Gergesaeorum
567 1637 734 1676 genere,
780 1623 842 1676 qui
877 1631 953 1662 tum
982 1637 1065 1663 eam
1101 1625 1297 1677 regionem
1338 1625 1558 1666 habitabant
1587 1634 1624 1667 et
1655 1642 1677 1668 a

156 1689 340 1732 Cbanaan
376 1690 564 1744 originem
597 1691 810 1740 duxerant,
844 1690 905 1743 qui
933 1697 1094 1730 tractum
1124 1691 1250 1742 illum,
1285 1706 1382 1746 quae
1411 1707 1511 1733 nunc
1534 1691 1679 1735 Iudaea

155 1766 195 1798 et
218 1756 395 1799 Samaria
422 1757 574 1807 dicitur,
610 1758 821 1811 usurpavit,
855 1758 1020 1797 alienum
1046 1759 1191 1812 utique,
1225 1766 1355 1814 utpote
1378 1760 1541 1800 filiorum
1565 1759 1674 1813 Sem,

155 1840 239 1865 cum
266 1823 452 1866 Chanaan
478 1825 559 1879 ipse
591 1822 724 1865 Chami
758 1825 856 1864 filius
888 1832 993 1865 esset
1027 1826 1159 1865 eodem
1186 1841 1259 1880 quo
1285 1825 1376 1867 Sem
1403 1834 1510 1882 patre
1538 1829 1674 1881 geniti.

152 1891 210 1933 lta
233 1893 392 1946 contigit
419 1900 458 1932 ut
482 1893 648 1932 diversis
671 1893 716 1932 de
741 1891 888 1932 caussis
912 1891 1010 1932 idem
1039 1891 1369 1934 Samaritanorum
1393 1909 1531 1935 nomen
1558 1910 1675 1950 penes

151 1974 218 2000 eos
248 1960 462 2009 resederit,
504 1960 680 1999 nimirum
713 1973 732 1999 a
761 1958 925 2000 Somero
956 1966 994 1999 et
1019 1958 1262 2011 Somoronc,
1297 1962 1342 2002 ab
1364 1975 1410 2002 eo
1440 1963 1538 2016 quod
1570 1963 1676 2004 velut

150 2035 278 2067 terrae
308 2028 488 2068 custodes
513 2027 675 2082 appositi
696 2035 841 2077 essent,
874 2041 918 2067 ac
940 2027 1103 2087 denique
1128 2029 1225 2082 quod
1246 2027 1373 2069 Mosis
1398 2029 1571 2070 instituta
1590 2045 1674 2071 ser·

149 2102 300 2135 varent.

260 2160 387 2202 Porro
421 2177 444 2202 a
476 2160 628 2202 ludaeis
667 2175 713 2201 ea
753 2175 794 2201 re
837 2161 998 2215 primum
1041 2162 1219 2202 differunt
1257 2164 1357 2217 quod
1391 2163 1438 2203 iis
1473 2164 1674 2218 propheta-

148 2243 231 2269 rum
269 2232 410 2284 scripta
451 2230 660 2270 secundum
695 2227 835 2268 Mosen
874 2229 1027 2269 minime
1071 2237 1161 2270 sunt
1197 2231 1357 2281 tradita,
1404 2231 1470 2270 sed
1509 2232 1673 2286 quinque

148 2297 337 2337 duntaxat
366 2297 586 2346 volumina,
621 2310 718 2350 quae
742 2310 810 2350 per
832 2295 973 2338 Mosen
1000 2295 1262 2337 Israelitarum
1289 2297 1424 2351 generi
1448 2298 1532 2338 data
1564 2306 1669 2350 sunt,

149 2378 235 2404 cum
261 2378 313 2405 ex
338 2364 518 2419 Aegypto
542 2363 816 2404 decessissent.
877 2362 978 2405 Sunt
1003 2364 1096 2405 haec
1121 2363 1303 2414 Genesis,
1338 2363 1518 2416 Exodus,
1552 2365 1672 2407 Levi-

146 2431 268 2482 ticus,
301 2431 490 2482 Numeri,
536 2439 572 2471 et
606 2429 966 2471 Deuteronomium.
1029 2431 1105 2485 Qui
1138 2432 1221 2471 libri
1255 2432 1350 2486 apud
1386 2431 1588 2474 Hebraeos
1618 2434 1672 2474 ita

147 2506 362 2539 vocantur:
407 2498 612 2547 Beresith,
655 2497 916 2549 Ellescmoth,
951 2498 1131 2548 Vaiicra,
1165 2498 1408 2550 Vaidabber,
1442 2499 1671 2540 Ellebadde—

144 2565 282 2606 barim.
339 2564 489 2619 Quibus
518 2565 557 2605 iu
580 2563 615 2605 V
637 2565 742 2605 libris
764 2567 950 2619 quaedam
974 2573 1210 2606 mortuorum
1232 2567 1528 2607 resurrectionis
1551 2568 1668 2608 vesti-

185 2700 340 2741 2.Vu190
364 2704 448 2732 extat
473 2710 622 2741 ωρμωμε
624 2711 680 2732 νοι
926 2707 1003 2752 post
1016 2699 1201 2744 praedictas
1215 2700 1354 2731 Graecas
1367 2700 1527 2742 haereses,
1541 2713 1581 2733 ex
1591 2714 1668 2745 pio-

186 2746 218 2778 3.
242 2747 394 2785 Rescripsi
427 2744 645 2798 &gisspormae'
637 2755 713 2785 ’.3ης
738 2744 881 2782 διανοίας
926 2746 1006 2788 priis
1032 2745 1331 2777 ratiocinationibus
1359 2757 1418 2788 per
1447 2747 1566 2779 mentis
1596 2754 1669 2778 stu-

140 2799 196 2828 pro
218 2789 434 2834 &usspovm‘ss'
426 2801 500 2827 ’.σας
521 2785 583 2822 απὸ
611 2792 643 2822 δι
635 2788 755 2826 ’χνοίας
763 2792 884 2830 ,quod
928 2790 1103 2833 piditatem
1126 2790 1310 2821 hominibus
1335 2790 1495 2825 inductas.

143 2836 209 2866 libri
229 2837 319 2875 vulgo
333 2837 488 2874 praebent.
517 2836 681 2866 Cornarius
696 2836 801 2866 vertit.-
826 2837 884 2865 Sa-
975 2834 1006 2868 4.
1033 2833 1149 2877 σωμόρ
1172 2836 1237 2866 cod.
1256 2837 1382 2876 Rhediy.

143 2878 276 2910 maritae
298 2879 396 2921 igitur
428 2891 445 2910 a
469 2878 578 2910 divina
604 2879 762 2920 seiiptura
787 2890 885 2922 usque
981 2881 1057 2912 CAP.
1077 2882 1115 2911 11.
1152 2899 1194 2903 —
1242 2880 1268 2912 1.
1293 2880 1422 2922 μηρσιξ)
1449 2883 1517 2913 cod.
1538 2883 1666 2921 Rhediy.

142 2922 183 2953 ad
204 2923 352 2955 haereses
379 2927 486 2967 (immo
504 2935 602 2966 usque
620 2923 661 2954 ad
679 2924 830 2955 haereses
846 2936 884 2956 ex
934 2930 960 2959 et
984 2927 1054 2958 edit.
1075 2927 1173 2965 princ.

142 2966 250 2999 divina
284 2969 445 3010 scriptura
479 2969 579 3010 ortas)
615 2967 880 3011 progrediuntur,
978 2967 1175 3010 2.(1υῐκᾶρα
1197 2972 1352 3010 rescripsit
1374 2972 1430 3002 Ios.
1456 2973 1603 3011 Scaliyer.

1325 3026 1389 3067 5*

1716 1032 1792 1076 Cap.
1820 1037 1842 1066 Ι.

1700 2172 1776 2215 Cap.
1803 2174 1844 2204 ΙΙ,
