2034 3267
439 214 612 246 PANARH
640 216 735 247 ADV.
760 216 981 248 HAERESES
1006 217 1086 248 LlB.
1107 218 1129 248 1.
1153 217 1257 249 TOM.
1276 218 1299 249 1.
1550 213 1624 251 109

124 292 237 333 lntem
261 292 311 332 ita
333 293 403 333 deo
428 292 549 333 visum
572 300 652 343 est,
686 300 726 333 ut
750 293 868 348 ipsius
898 294 994 334 fitius
1018 308 1038 335 e
1066 296 1173 336 coelo
1202 296 1378 350 delapsus
1404 295 1441 335 in
1466 296 1624 350 virginis

124 367 232 400 utero
262 360 506 413 gigneretur,
539 361 696 400 verbum
728 360 878 414 inquam
904 362 991 401 illud
1017 369 1239 412 aeternum,
1285 363 1382 417 quod
1416 377 1436 403 e
1465 372 1624 418 paterno

123 427 209 466 sinu
234 433 321 466 ante
345 434 490 480 tempus
513 434 624 480 atque
645 427 790 466 initium
812 442 922 466 omne
944 429 1112 481 genitum
1138 436 1210 478 est,
1244 430 1417 483 idemque
1440 433 1626 471 extremis

125 495 356 547 temporibus
380 495 559 548 allapsum
584 496 674 534 dens
698 493 855 533 verbum
878 508 896 532 a
922 495 992 533 deo
1022 502 1127 548 patre
1152 510 1286 536 revera
1316 498 1490 549 genitus,
1524 501 1625 539 eins-

124 561 283 614 demque
310 576 391 600 cum
418 561 480 600 illo
505 560 721 608 essentiae,
756 574 825 599 nec
851 560 924 599 ulla
953 575 996 600 re
1023 577 1042 599 a
1071 569 1175 614 patre
1201 571 1388 613 mutatus,
1422 567 1487 606 sed
1512 567 1625 607 vicis-

124 627 297 668 situdinis
322 642 365 667 ac
391 628 608 667 mutationis
634 634 670 666 et
694 626 908 666 allectionis
942 628 1063 666 omnis
1090 642 1245 682 expers.
1308 630 1382 682 Qui
1415 647 1497 672 cum
1530 635 1625 674 citra

124 696 234 735 ullam
258 696 371 735 animi
399 694 688 735 commotionem
710 694 864 745 generis
889 695 1007 732 nostri
1033 694 1212 735 misertus
1236 697 1355 745 foret,
1390 700 1585 740 descendit
1607 716 1627 742 e

125 762 254 811 coelo,
288 777 331 802 ac
363 763 407 801 de
431 762 563 815 spiritu
588 766 741 809 sancte,
776 774 850 799 non
881 774 901 799 e
924 760 1026 800 virili
1055 762 1224 812 semine,
1258 765 1461 816 productus
1494 783 1624 808 verum

125 844 262 883 corpus
294 844 314 869 e
338 828 460 869 Maria
486 827 674 880 suscepit,
709 841 791 866 cum
819 841 839 866 e
863 835 994 867 sancto
1023 827 1104 867 eius
1135 836 1245 868 utero
1276 845 1430 871 carnem
1456 834 1525 873 sibi
1558 837 1625 876 fin-

124 897 273 947 xisset,
307 897 578 947 humanamque
605 901 678 932 tum
704 894 890 944 animam,
925 902 1000 934 tum
1029 902 1191 935 mentem
1216 897 1423 947 induisset,
1456 916 1499 940 ac
1524 904 1627 955 quic-

125 964 210 1016 quid
236 963 387 1003 omnino
419 975 500 1000 cum
528 960 678 1000 homine
706 961 948 1001 coniunctum
977 969 1057 1011 est,
1091 971 1242 1016 praeter
1271 973 1466 1018 pet-catum
1498 982 1628 1009 secum

126 1046 168 1071 ac
197 1045 277 1070 cum
303 1027 495 1069 divinitate
519 1041 586 1067 sua
609 1029 839 1081 copulasset.
902 1027 993 1068 Inde
1023 1027 1234 1069 Bethleemi
1266 1031 1302 1070 in
1333 1033 1453 1072 lucem
1487 1036 1624 1085 editus,

126 1105 237 1151 atque
266 1097 301 1136 in
328 1108 441 1148 specu
473 1094 721 1134 circumcisus
747 1094 1028 1150 Hierosolymis
1061 1097 1210 1138 oblatus
1242 1105 1323 1147 est,
1356 1100 1482 1153 ibique
1507 1116 1527 1142 a
1553 1101 1628 1157 Sy-

127 1177 258 1204 meone
281 1163 381 1202 inter
407 1161 560 1200 brachia
587 1169 810 1216 susceptus,
849 1170 888 1202 et
918 1164 963 1202 ab
988 1164 1101 1203 Anna
1126 1163 1333 1205 Phanuelis
1365 1168 1437 1207 lilia
1468 1170 1628 1223 prophe-

127 1231 214 1270 tissa
236 1230 495 1284 praedicatus,
528 1227 793 1269 Nazarethnm
815 1231 1037 1284 deportatus
1060 1239 1132 1272 est.
1196 1232 1297 1272 Tum
1322 1248 1422 1273 anno
1453 1239 1628 1289 sequenti

124 1296 402 1351 Hierosolymis
429 1310 470 1336 se
497 1310 625 1336 coram
657 1298 728 1336 (leo
754 1298 1080 1351 repraesentavit,
1114 1306 1227 1352 atque
1252 1300 1341 1341 inde
1366 1300 1627 1345 Bethleemum

124 1370 274 1418 propter
308 1364 462 1417 generis
499 1364 816 1417 propinquitatem
847 1379 869 1404 a
902 1372 1019 1405 matre
1053 1366 1199 1406 delatus
1235 1375 1306 1408 est.
1369 1367 1446 1410 Sed
1478 1385 1629 1412 rursum

121 1430 381 1471 Nazarethum
413 1431 565 1470 rediens
589 1445 688 1471 anno
713 1432 832 1471 altero
856 1440 1029 1472 vertente
1053 1432 1322 1490 Hierosolyma
1346 1435 1629 1479 Bethleemnm-

121 1512 191 1552 que
219 1505 394 1552 gestante
419 1505 538 1537 matre
571 1499 773 1552 perductus
805 1507 877 1539 est.
940 1498 1150 1540 Bethleemi
1185 1516 1297 1555 porro
1330 1518 1414 1543 cum
1438 1506 1482 1545 ad
1514 1508 1629 1547 aedes

121 1567 301 1620 quasdam
325 1581 407 1605 cum
431 1574 551 1605 matre
575 1580 618 1605 ac
643 1564 803 1620 losepho
828 1567 1061 1617 divertisset,
1095 1569 1154 1621 qui
1180 1569 1251 1609 iam
1278 1572 1409 1623 grandi
1434 1580 1522 1613 natu
1545 1589 1626 1614 eum

120 1631 246 1673 Maria
273 1634 456 1687 degebat,
489 1634 656 1673 secundo
682 1634 725 1673 ab
749 1634 947 1673 nativitate
973 1649 1072 1674 anno
1096 1650 1117 1675 a
1138 1635 1267 1690 Magis
1293 1640 1474 1680 adorandi
1494 1656 1628 1682 caussa

122 1707 333 1741 conventus
357 1715 401 1740 ac
427 1701 535 1740 donis
561 1709 717 1741 ornatus
742 1708 815 1741 est.
876 1701 1019 1742 Eadem
1046 1716 1140 1742 vero
1165 1711 1299 1754 noete,
1334 1720 1416 1746 cum
1443 1706 1628 1763 Iosephus

122 1782 189 1822 per
211 1768 398 1808 somnium
423 1768 469 1807 ab
501 1769 637 1820 angelo
670 1775 773 1808 esset
798 1769 1034 1819 admonitus,
1069 1770 1106 1809 in
1130 1770 1348 1826 Aegyptum
1381 1777 1624 1816 transfertur.

120 1833 230 1875 [inde
264 1849 396 1875 rursus
430 1843 514 1889 post
543 1836 735 1876 biennium
766 1843 913 1876 mortuo
944 1836 1015 1876 iam
1040 1836 1196 1878 Herode
1230 1854 1274 1878 ac
1302 1843 1531 1883 succedente
1554 1845 1628 1884 Ar-

121 1903 253 1942 chelao
283 1904 506 1943 revertitur.

231 1968 426 2023 Siquidem
467 1984 565 2010 anno
593 1970 758 2011 Herodis
779 1969 1009 2021 XXXHL,
1044 1972 1209 2026 Augusti
1232 1972 1477 2028 XXXXH.,
1511 1977 1627 2019 Beth-

121 2037 233 2077 leemi
257 2037 295 2076 in
322 2035 460 2077 luda-ea
486 2039 657 2078 salvator
682 2039 864 2078 nascitur.
917 2038 1016 2079 Tum
1045 2039 1210 2081 Herodis
1232 2040 1414 2084 XXXV.
1438 2045 1475 2084 in
1497 2046 1628 2102 Aegy-

121 2111 225 2159 ptum
267 2107 459 2159 profectus
498 2113 570 2146 est.
644 2105 787 2145 Eodem
821 2105 976 2146 Herode
1014 2115 1162 2147 mortno
1201 2109 1246 2148 ab
1283 2111 1461 2165 Aegypto
1498 2115 1623 2155 rediit.

122 2170 252 2224 Quare
288 2186 448 2212 necesse
481 2180 540 2212 est
573 2171 798 2212 XXXVll.
831 2173 996 2214 Herodis
1029 2189 1128 2214 anno
1163 2184 1334 2229 quartum
1368 2180 1503 2219 aetatis
1534 2195 1626 2221 suae

121 2239 319 2293 puerulum
348 2239 498 2293 egisse,
533 2254 615 2280 cum
647 2239 843 2291 Herodes,
876 2241 1050 2294 inquam,
1093 2250 1237 2296 septem
1274 2259 1316 2284 ac
1351 2246 1503 2299 triginta
1535 2262 1625 2288 eon-

122 2306 230 2346 fectis
253 2307 363 2347 annis
390 2307 542 2347 vivendi
569 2308 678 2346 linem
704 2307 845 2348 habuit..
904 2307 998 2349 Post
1021 2309 1119 2349 hunc
1145 2311 1358 2352 Archelaus
1390 2328 1526 2354 novem
1558 2331 1624 2356 an-

122 2374 180 2413 nis
204 2373 426 2428 imperavit,
461 2389 533 2428 quo
560 2389 716 2427 regnum
750 2375 903 2416 ineunte
930 2375 1115 2431 Iosephus
1147 2391 1197 2417 ex
1225 2378 1404 2433 Aegypto
1431 2395 1513 2421 eum
1539 2382 1625 2422 Ma-

122 2440 178 2480 ria
217 2456 259 2481 ac
293 2456 410 2495 puero
443 2442 660 2494 digressus,
703 2442 763 2481 ubi
798 2442 1027 2484 Archelaum
1062 2445 1250 2498 imperare
1280 2447 1407 2487 didicit
1444 2449 1482 2488 in
1518 2448 1625 2491 Gali-

121 2508 242 2548 laeam
273 2509 456 2558 secessit,
499 2524 543 2548 ac
579 2516 652 2547 tum
682 2508 892 2550 Nazarethi
930 2512 1116 2551 consedit.
1179 2510 1385 2554 Caeterum
1409 2516 1623 2558 Archelaus

121 2574 314 2616 Herodem
345 2576 533 2616 iuniorem
564 2576 717 2629 genuit,
750 2578 811 2630 qui
837 2592 937 2617 nono
965 2578 1082 2632 patris
1106 2594 1206 2619 anno
1239 2580 1276 2620 in
1308 2581 1506 2636 imperium
1537 2599 1623 2625 suc-

121 2644 250 2682 cessit.
312 2641 491 2696 ldemque
517 2657 637 2682 annus
664 2658 684 2683 a
717 2645 914 2685 nativitate
940 2643 1084 2686 Christi
1107 2645 1226 2686 Xlll.
1261 2651 1516 2690 numerandus
1548 2660 1620 2692 est.

123 2706 272 2750 Octavo
302 2710 447 2749 decimo
483 2724 581 2749 anno
618 2709 780 2750 Herodis
805 2713 999 2767 Agrippae
1028 2712 1137 2752 Iesus
1173 2712 1349 2755 Christus
1381 2719 1622 2773 promulgare

124 2776 289 2817 divinum
313 2778 469 2817 verbum
504 2792 709 2831 aggressus
740 2785 819 2827 est,
852 2793 895 2819 ac
921 2794 1004 2819 cum
1030 2779 1182 2820 loannis
1214 2781 1397 2836 baptismo
1426 2785 1620 2837 initiatum

125 2847 200 2882 tum
239 2858 379 2884 annum
419 2845 521 2885 illum
561 2853 754 2899 acceptum
794 2846 829 2885 in
871 2860 916 2887 ea
953 2848 1145 2902 praeconii
1186 2849 1379 2891 functione
1416 2854 1618 2904 consumit,

1655 1986 1729 2030 Cap.
1756 1990 1791 2020 ll.
