2034 3267
119 1598 205 1641 Κεφ.
226 1595 266 1630 ξ’.

138 2289 203 2317 pag.
222 2281 278 2308 276.

123 2735 208 2778 Κεφ.
234 2732 274 2768 α’.

285 161 364 201 508
838 161 997 194 εΑΝοΤῐ
1020 160 1241 193 EPIPHANH

286 246 337 298 μὴ
358 246 534 298 φέρωμεν
554 239 641 294 μεθ’
659 241 807 281 ἑαυτῶν
829 241 987 288 κακίαν,
1018 236 1045 290 ἢ
1064 235 1232 290 ἡδονὴν,
1261 235 1288 289 ἢ
1308 238 1475 291 ἔχθραν,
1505 237 1530 291 ἢ
1550 256 1585 280 τι
1609 240 1735 293 ἕτερον
1758 238 1798 278 έν

285 319 365 360 ταῖς
395 312 583 357 διανοίαις
617 313 630 336 ¹
646 305 783 348 αὑτῶν.
839 305 944 347 Ἐπεὶ
975 309 1059 353 πῶς
1089 303 1136 345 ἂν
1160 306 1303 357 ἔχωμεν
1325 306 1497 354 δυνατῶς
1517 308 1582 347 καὶ
1604 305 1672 359 τήν
1696 321 1798 359 περι-

284 377 420 433 στεράν
442 376 704 430 μιμήσασθαι,
736 373 790 427 μὴ
812 373 921 422 ε’κτός
939 371 1137 428 γενόμενοι
1156 374 1314 421 κακίας,
1344 374 1410 413 καί
1429 375 1489 413 τοί
1511 389 1553 428 γε
1572 379 1642 415 τοῦ
1662 374 1800 428 γένους

284 452 352 500 τῆς
381 448 604 499 περιστερᾶς
633 444 673 485 έν
702 447 855 490 πολλοῖς
879 440 1098 496 πράγμασιν
1125 438 1198 481 οὐκ
1223 440 1516 492 ἐπαινουμένου.
1573 438 1800 483 Ἀκόλαστον

284 514 355 569 γάρ
386 515 494 568 γένος
518 516 761 566 περιστερᾶς,
802 511 869 551 καὶ
889 511 1118 561 πολυμιξίας
1148 506 1201 560 μὴ
1224 505 1560 559 ἀνακοπτόμενον,
1599 507 1738 562 λάγνον
1760 525 1800 549 τε

285 583 350 623 καὶ
379 578 471 622 καθ’
500 579 604 633 ὤραν
633 577 759 635 ἡδονῇ
789 579 1160 632 προςανακείμενον,
1200 573 1300 630 πρὸς
1329 575 1371 616 δὲ
1397 574 1549 623 τούτοις
1574 573 1711 617 ὄίτονον
1735 577 1802 618 καὶ

286 647 461 703 βληχρόν.
522 645 600 688 Δια
633 647 673 687 δὲ
705 645 747 687 τὸ
777 643 925 686 ἄκακον
958 645 1023 685 καὶ
1055 642 1316 697 μακρόθυμον
1347 643 1414 683 καὶ
1446 640 1708 695 ἄμνησίκακον
1735 647 1803 685 τοῦ

287 717 406 767 ζώου,
438 717 493 757 ἔτι
515 713 590 767 μὴν
612 715 679 755 καὶ
701 712 763 754 δια
785 712 826 755 τό
851 714 891 754 ἐν
912 714 1004 753 εἴδει
1027 715 1250 766 περιστερᾶς
1270 709 1475 763 πεφάνθαι
1495 708 1537 752 τὸ
1561 709 1670 765 ἅγιον
1691 715 1803 752 πνεῦ-

287 804 357 838 μα,
398 782 642 837 μιμήσασθαι
673 779 777 834 ἡμᾶς
807 779 982 834 βούλεται
1015 778 1036 821 ὁ
1067 785 1178 827 θεῖος
1204 777 1317 834 λόγος
1347 783 1416 819 τοῦ
1446 775 1558 832 άγίου
1589 776 1805 831 πνεύματος

286 852 354 906 τὴν
378 851 560 906 βούλησιν
581 851 646 891 καὶ
666 854 735 902 τῆς
757 847 907 890 ἀκάκου
930 852 1154 903 περιστερᾶς
1174 845 1244 900 τὴν
1264 845 1448 896 άκακίαν,
1480 844 1594 895 ὄντας
1616 846 1684 899 μὲν
1705 843 1806 898 ἡμᾶς

287 923 505 976 φρονίμους
534 920 587 967 εἷς
616 916 657 959 ‘cd
691 915 865 972 οἷγαθόν,
908 914 1113 970 ἀκεραίους
1141 915 1181 956 δὲ
1211 916 1265 963 εἰς
1287 913 1329 955 τό
1359 913 1491 955 κακόν.
1554 915 1632 954 Καὶ
1656 914 1806 954 λέλυται

286 987 312 1042 ἡ
333 987 481 1030 τούτων
505 991 610 1028 πᾶσα
635 987 931 1041 δραματουργία.
991 981 1134 1031 Εῦθὺς
1158 981 1231 1037 γάρ
1255 980 1276 1024 ό
1302 981 1410 1037 ὃίγιος
1432 980 1646 1030 οἷπόστολος
1667 980 1709 1022 τὸ
1734 997 1807 1022 πα-

289 1062 453 1110 νοῦργον
473 1045 539 1096 καί
563 1056 767 1107 ἐπίβουλον
792 1051 861 1105 οὐχ
885 1050 1046 1107 ὁρίζεται
1067 1051 1364 1106 περισσοτέρως,
1404 1048 1494 1090 ἄλλα
1517 1048 1613 1091 κατά
1635 1054 1704 1091 τοῦ
1727 1051 1806 1090 δια-

289 1123 406 1178 βόλου
432 1124 498 1164 καὶ
522 1127 590 1163 τοῦ
616 1120 764 1173 ὄφεως,
795 1121 934 1175 λέγων,
970 1122 1178 1172 Φοβοῦμαι
1201 1118 1242 1159 δὲ
1264 1117 1317 1171 μή
1340 1135 1443 1168 πως,
1476 1116 1528 1166 αἱς
1549 1116 1572 1159 ὁ
1594 1116 1686 1169 ὄφις
1707 1115 1805 1170 ἠπά-

288 1207 398 1245 τησεν
422 1190 554 1240 Εὔαν,
598 1191 639 1231 έν
665 1193 712 1246 τῇ
738 1190 957 1243 πανουργίᾳ
985 1185 1105 1228 αὐτοῦ
1136 1190 1275 1243 φθαρῇ
1304 1184 1351 1226 τοὶ
1380 1184 1554 1238 νοήματα
1584 1183 1696 1238 ὑμῶν
1730 1184 1807 1227 άπὸ

288 1265 355 1314 τῆς
381 1258 594 1311 ἁπλότητος
616 1259 682 1299 καὶ
707 1255 859 1311 ἁγνείας
886 1259 1056 1309 Χριστοῦ
1082 1255 1148 1295 καὶ
1172 1252 1429 1306 δικαιοσύνης.
1486 1251 1602 1309 Ὁρᾷς
1629 1251 1681 1302 ὥς
1705 1260 1809 1305 φθο-

289 1327 360 1382 ράν
386 1326 582 1379 άπέφηνεν
605 1324 626 1367 ὁ
649 1324 863 1372 α’πόστολος
883 1324 948 1364 καὶ
972 1324 1212 1376 πανουργίαν
1237 1319 1367 1374 δεινὴν
1392 1322 1458 1361 καὶ
1481 1319 1634 1374 άπάτην
1657 1319 1703 1362 τοὶ
1729 1319 1806 1362 ὖπὸ

288 1401 357 1437 τοῦ
388 1394 516 1447 ὄφεως
545 1392 645 1448 πρός
674 1391 744 1445 τήν
774 1390 886 1432 Εὔαν
912 1390 1300 1445 πεπραγματευμένα,
1342 1389 1407 1430 καὶ
1438 1387 1510 1431 οὐκ
1538 1387 1738 1431 ἐπαινετόν
1773 1407 1809 1431 τι

290 1462 395 1519 παρα
424 1467 494 1504 τοῦ
525 1461 644 1503 αὐτοῦ
675 1460 925 1515 γεγενημένον
954 1455 1136 1507 ὑπέδειξε.

406 1585 667 1640 Πανταχόθεν
701 1587 833 1627 τοίνυν
868 1582 1030 1637 φωρατή
1065 1583 1131 1623 καὶ
1164 1583 1322 1634 ἔκδηλος
1353 1579 1379 1633 ἡ
1411 1579 1559 1622 τούτων
1589 1579 1703 1622 ἅνοιά
1735 1582 1812 1623 ἐστι

291 1657 404 1697 παντὶ
434 1660 487 1712 τῷ
510 1654 731 1710 βουλομένῳ
759 1653 899 1694 εἰδέναι
928 1650 998 1704 τήν
1028 1655 1097 1703 τῆς
1120 1647 1305 1702 άληθείας
1329 1651 1579 1690 διδασκαλίαν
1607 1649 1673 1689 καὶ
1698 1647 1810 1690 πνεύ-

291 1740 408 1777 ματος
430 1721 541 1778 ἁγίου
565 1727 715 1777 γνῶσιν.
761 1720 848 1761 Ἵνα
872 1720 913 1761 δὲ
939 1717 990 1772 μὴ
1011 1717 1201 1759 άναλίσκω
1225 1715 1386 1771 χρόνον,
1416 1717 1482 1757 καὶ
1504 1715 1648 1769 ταύτην
1671 1719 1811 1758 διασει-

292 1790 454 1844 σάμενος
478 1789 545 1843 τήν
565 1788 732 1843 χαλεπὴν
755 1790 821 1830 καὶ
845 1787 1016 1828 δύπλουν
1036 1791 1106 1827 τοῦ
1129 1784 1319 1840 πελάγους
1340 1783 1472 1837 ζάλην,
1508 1785 1572 1825 ἐπὶ
1594 1782 1660 1832 τας
1683 1784 1812 1838 ἑτέρας

293 1861 522 1906 θαλαττίους
544 1859 806 1911 ποντοπορίας
826 1854 868 1896 τὸ
891 1853 1042 1906 σκάφος
1066 1852 1293 1906 ὁπλίσομαι,
1325 1855 1512 1906 ἐπιμελῶς
1536 1850 1626 1900 τούς
1651 1849 1812 1904 αὐχένας

294 1931 443 1980 κρατῶν
468 1927 508 1967 ἐν
530 1930 576 1983 τῇ
598 1930 667 1966 τοῦ
689 1928 788 1965 θεοῦ
811 1921 973 1975 δυνάμει
994 1923 1060 1963 καὶ
1083 1920 1212 1974 εὐχαῖς
1232 1919 1371 1976 ἁγίων,
1402 1919 1511 1968 ὅπως
1530 1920 1812 1974 παραπλέοντες

293 1992 609 2045 κατοπτεύσωμεν
637 1996 713 2033 τῶν
744 1990 887 2046 α’γρίων
916 1988 1098 2042 κυμάτων
1128 1988 1196 2042 τὴν
1222 1987 1433 2041 κύρτωσιν,
1476 1988 1542 2028 καὶ
1566 1991 1643 2028 τῶν
1667 1988 1708 2028 ἐν
1731 1993 1812 2035 τοῖς

294 2061 468 2117 πελάγεσι
490 2064 637 2116 θηρίων
660 2058 823 2113 ἰοβόλων
843 2056 911 2106 τοὶς
934 2056 1109 2111 μορφάς,
1141 2056 1329 2110 ἄπληκτοι
1353 2057 1393 2096 δὲ
1417 2054 1493 2096 άπὸ
1518 2052 1812 2109 σμυραινιόδους

297 2132 358 2172 ιὀῦ
387 2131 454 2171 καὶ
479 2130 667 2184 τρυγόνος
696 2128 761 2169 καὶ
787 2128 997 2180 δρακαίνης
1021 2127 1087 2166 καὶ
1111 2127 1322 2180 καρχαρίου
1347 2124 1412 2166 καὶ
1437 2125 1672 2178 σκορπαίνης
1695 2121 1809 2177 περά-

296 2213 381 2248 σαι,
422 2198 487 2238 καὶ
512 2201 581 2238 τοῦ
603 2195 735 2237 εὐδίου
759 2199 826 2247 τῆς
850 2191 1032 2246 ἀληθείας
1053 2194 1206 2246 λιμένος
1229 2191 1275 2233 δι’
1298 2190 1410 2245 εὐχῆς
1431 2192 1497 2232 καὶ
1521 2192 1664 2238 ἱκεσίας
1686 2191 1810 2231 ε’πιτυ-

299 2272 376 2319 χεῖν
398 2267 672 2318 δυνηθείημεν·
704 2261 975 2316 πληρουμένου
995 2262 1059 2302 καὶ
1080 2262 1119 2302 έν
1140 2259 1234 2314 ἡμῖν
1253 2264 1322 2302 τοῦ
1341 2262 1479 2314 ῥητοῦ,
1509 2263 1598 2310 τοῦ,
1632 2259 1682 2298 Οἱ
1697 2275 1812 2298 κατα-

1703 2323 1713 2339 ,
1741 2326 1753 2340 Ρ
1784 2326 1794 2340 Ι

298 2336 496 2386 βαίνοντες
517 2334 571 2381 εἰς
591 2331 792 2373 θάλασσαν
813 2328 880 2378 τοὶς
903 2326 1039 2383 άρετᾶς
1061 2333 1130 2369 τοῦ
1153 2331 1293 2383 κυρίου
1317 2326 1574 2382 διηγήσονται.
1627 2323 1701 2376 Ἐφ
1736 2343 1809 2367 ετε-

300 2419 371 2455 ραν
399 2404 528 2443 τοίνυν
557 2399 700 2453 ταύτην
729 2400 896 2451 καθεξῆς
924 2395 994 2449 τήν
1023 2399 1182 2451 πορείαν
1211 2395 1424 2449 ποιήσομαι
1455 2394 1553 2449 πρὸς
1582 2391 1768 2448 διήγησιν.

720 2551 925 2596 KATA
977 2544 1390 2604 *ΚΑΙΑΝΩΜ

551 2626 927 2687 ἐκτωκαιδεκάτη,
964 2624 993 2685 ἡ
1028 2627 1105 2672 καὶ
1140 2624 1376 2688 τριακοστὴ
1415 2622 1556 2685 ἐγδὸη.

412 2730 577 2769 Καιανοί
600 2743 696 2775 τινες
718 2724 988 2778 ὀνομάζονται,
1031 2721 1108 2764 α’πὸ
1131 2726 1201 2764 τοῦ
1227 2722 1330 2763 Κάϊν
1352 2721 1550 2776 εἰληφότες
1570 2718 1640 2773 τὴν
1664 2721 1810 2761 ἐπωνυ-

301 2799 391 2849 μίαν
413 2800 480 2848 τῆς
504 2796 692 2849 αἷρέσεως.
756 2788 873 2834 Οὗτοι
896 2790 965 2847 γάρ
991 2789 1060 2832 τόν
1085 2789 1188 2831 Κάϊν
1213 2792 1430 2841 ἐπαινοῦσι,
1468 2789 1534 2830 καὶ
1558 2788 1702 2841 πατέρα
1725 2787 1810 2828 ἓαυ-

301 2868 376 2904 τῶν
400 2867 536 2904 τοῦτον
557 2862 755 2912 τάττουσι,
785 2862 850 2902 καὶ
873 2858 1002 2909 αὐτοὶ,
1035 2856 1087 2907 ὥς
1112 2860 1252 2909 εἰπεῖν,
1284 2856 1336 2906 ὥς
1357 2856 1433 2899 άπὸ
1455 2859 1648 2911 διαφορᾶς
1672 2856 1812 2897 ἐπανα-

348 2966 424 2999 CAP.
441 2966 526 2999 VIII.
552 2984 593 2990 —
622 2967 647 2999 1.
675 2967 769 3006 Vulyo
793 2961 911 2998 αὐτῶν.
1125 2961 1160 3003 *)
1185 2951 1304 2996 καῗῧῶν
1326 2962 1392 2995 cod.
1411 2961 1537 3000 Rhediy.
