2034 3267
520 188 580 220 An
605 189 852 222 EPIsToLAM
876 190 1019 224 AcAcn
1041 193 1099 225 ET
1122 173 1267 225 mum.
1610 192 1654 228 17

140 269 203 325 qui
223 283 299 309 non
322 267 528 323 perfectam
553 264 697 307 Christi
717 268 1022 310 incarnationem
1047 271 1293 322 confitentur,
1321 272 1382 326 qui
1405 273 1518 314 etiam
1535 276 1655 330 Apol-

139 337 318 377 linaritae
349 334 616 384 nominantur,
661 342 738 375 tum
771 335 833 389 qui
867 344 1037 377 sanctam
1063 336 1230 379 Mariam
1263 353 1415 395 semper
1445 341 1650 395 virginem,

139 411 336 459 postquam
358 402 589 442 salvatorem
612 403 765 455 genuit,
800 416 883 442 cum
915 401 1080 458 losepho
1104 406 1354 447 consuevisse
1379 408 1523 458 dicunt,
1557 424 1652 463 quos

138 469 546 512 Antidicomarianitas
583 469 848 518 nominamuS,
892 477 928 509 et
961 471 1024 523 qui
1055 471 1093 510 in
1128 486 1266 513 nomen
1296 474 1464 515 eiusdem
1498 474 1652 517 Mariae

139 538 345 592 collyridas
375 537 565 584 offerunt,
607 535 671 588 qui
703 542 894 575 vocantur
919 534 1192 591 Collyridiani,
1225 538 1476 594 Massaliani,
1517 544 1653 597 quibus

139 605 319 645 adiuncta
343 611 536 658 postremo
559 609 618 642 est
642 601 853 642 catholicae
885 603 970 642 fidei
1004 618 1048 643 ae
1078 605 1254 646 veritatis
1281 610 1564 662 compendiaria
1588 612 1653 652 de-

137 672 278 713 fensio.
340 669 383 711 Iu
406 685 479 724 qua
501 675 656 718 sancta,
691 669 877 708 catholica
901 677 938 709 et
964 671 1175 724 apostolica
1201 673 1363 713 ecclesia
1388 677 1579 718 consistit.

247 738 446 778 Eiusmodi
478 744 538 776 est
568 749 715 775 summa
746 736 1038 790 comprehensio
1069 751 1114 777 ac
1155 739 1271 778 totius
1305 743 1431 794 operis
1464 745 1650 786 adversus

135 807 330 859 octoginta
353 806 533 846 haereses
558 802 780 856 inscriptio,
815 817 899 843 cum
923 804 1035 844 unica
1059 818 1102 844 ac
1126 804 1310 859 singulari
1334 808 1556 851 defensione
1584 827 1650 852 ve-

134 874 280 923 ritatis,
315 873 384 913 hoc
405 877 464 911 est
485 869 595 909 unius
623 870 811 909 ecclesiae
836 877 948 924 atque
973 871 1198 912 catholicae.
1263 871 1374 926 Quod
1400 889 1494 930 opus
1525 878 1650 918 disti-i-

132 942 263 982 butum
287 940 323 980 in
344 945 472 993 partes
500 944 578 978 tres
602 943 726 977 tomos
757 945 904 992 septem
935 939 1215 993 complectitur.

130 1112 251 1160 Nunc
281 1109 407 1156 aliam
436 1108 636 1171 deinceps
669 1109 775 1155 tomi
800 1109 823 1155 I
854 1110 956 1157 libri
979 1110 1003 1157 Ι
1032 1127 1241 1158 summam
1271 1128 1318 1159 ac
1349 1114 1648 1175 compendium

154 1190 447 1247 instituemus,
464 1204 547 1248 quo
565 1188 736 1248 quidem
749 1188 795 1234 in
810 1189 921 1236 libro
937 1189 1092 1252 viginti
1107 1190 1310 1238 haereses
1327 1193 1617 1240 continentur.

239 1288 430 1344 Imprimis
451 1287 551 1328 enim
574 1287 789 1328 haereseon
813 1289 980 1329 omnium
1008 1296 1151 1330 matres
1174 1305 1218 1331 ac
1245 1292 1449 1346 primariae
1481 1294 1646 1348 appella-

126 1357 268 1408 tiones,
301 1370 323 1397 a
345 1356 479 1410 quihus
501 1362 679 1395 caeterae
702 1355 966 1406 dimanarunt,
999 1364 1088 1396 sunt
1119 1357 1330 1400 eiusmodi:

238 1423 272 1464 l.
311 1422 464 1464 Primus
488 1429 546 1462 est
565 1421 859 1473 Barbarismus‚
894 1425 956 1477 qui
981 1438 1050 1479 per
1068 1425 1235 1479 seipsum
1265 1427 1310 1467 ab
1334 1427 1485 1468 Adamo
1516 1429 1560 1468 ad
1580 1429 1645 1469 de-

124 1505 207 1532 cem
238 1491 511 1545 generationes
544 1496 582 1530 et
607 1488 750 1530 Noemi
785 1497 956 1545 tempora
988 1494 1270 1546 perseveravit.
1332 1493 1408 1548 Qui
1440 1494 1645 1536 Barbaris-

125 1574 208 1600 mus
231 1565 434 1614 propterea
458 1556 597 1597 dicitur
620 1557 719 1611 quod
745 1558 996 1599 vetustissimi
1028 1559 1080 1599 illi
1104 1561 1319 1602 mortalium
1349 1576 1473 1617 neque
1497 1571 1642 1604 certum

124 1627 286 1681 aliquem
315 1633 510 1666 auctorem
536 1624 747 1675 habebant,
783 1639 854 1665 nec
876 1626 978 1666 inter
1009 1640 1051 1667 se
1082 1629 1399 1680 consentiebant,
1432 1631 1499 1670 sed
1524 1645 1643 1671 unus-

124 1695 285 1749 quisque
310 1708 378 1749 pro
402 1707 470 1733 sua
495 1692 691 1732 voluntate
711 1692 826 1733 vitam
848 1693 1096 1745 instituebat,
1129 1708 1174 1735 ac
1201 1710 1269 1750 pro
1295 1697 1382 1751 lege
1407 1711 1516 1738 suum
1538 1699 1641 1752 quis-

123 1776 195 1817 que
223 1768 353 1802 nutum
381 1768 495 1815 atque
522 1759 719 1800 arbitrium
749 1759 822 1800 sibi
851 1761 1102 1815 proponebat.

233 1838 287 1880 Π.
322 1838 567 1895 Scythismus
592 1853 613 1878 a
639 1837 780 1878 Noemi
808 1839 1042 1894 temporibus
1074 1841 1121 1882 ad
1146 1856 1268 1897 usque
1299 1843 1415 1884 turris
1448 1850 1485 1883 et
1508 1842 1638 1898 Baby-

119 1907 219 1948 lonis
242 1907 621 1956 exaedificationem,
663 1920 707 1945 ac
741 1913 827 1959 post
854 1907 986 1947 turrim
1013 1909 1144 1963 paucis
1169 1910 1290 1950 adhuc
1314 1911 1426 1951 annis
1455 1910 1634 1962 obtinuit,
1657 1919 1727 1946 Luc·
1747 1921 1772 1953 3,
1790 1921 1834 1948 35.

120 1975 192 2016 hoc
214 1982 271 2015 est
295 1988 414 2029 usque
439 1975 483 2014 ad
506 1972 651 2013 Phalac
674 1980 711 2013 et
736 1972 912 2028 Rhagau,
946 1975 1008 2030 qui
1032 1977 1075 2016 ad
1098 1975 1295 2032 Europam
1327 1985 1573 2019 transeuntes
1598 1979 1635 2018 in

118 2041 318 2098 Scythiam
342 2056 386 2082 ac
416 2041 593 2082 nationes
616 2041 801 2081 eiusmodi
832 2050 1082 2096 penetrarunt
1106 2044 1153 2084 ab
1179 2044 1309 2085 Thare
1331 2045 1566 2099 temporibus
1598 2054 1635 2086 et

116 2109 217 2161 vita,
250 2124 272 2150 a
305 2124 378 2164 quo
402 2109 578 2149 Thraces
610 2108 759 2148 oriundi
790 2116 893 2150 sunt.

227 2186 300 2229 Ill.
334 2187 595 2228 Hellenismus
619 2187 743 2241 eoepit
767 2200 788 2227 a
815 2185 978 2229 Seruehi
1003 2188 1252 2244 temporibus.
1307 2188 1418 2230 Unde
1441 2190 1628 2230 idolorum

116 2256 242 2297 cultus
274 2255 422 2296 initium
448 2255 592 2296 habuit.
656 2251 828 2308 Cumque
854 2262 943 2296 tunc
972 2255 1153 2311 temporis
1184 2256 1278 2296 falsa
1303 2256 1462 2310 quisque
1494 2271 1628 2311 super-

114 2323 270 2365 stitione
295 2323 521 2373 duceretur,
555 2321 735 2376 deinceps
761 2321 971 2363 civiliorem
1005 2324 1049 2364 ad
1078 2337 1185 2363 usum
1218 2330 1257 2362 et
1283 2324 1327 2362 ad
1362 2330 1488 2363 certas
1518 2324 1625 2378 leges

113 2390 482 2444 simulacrorumque
521 2390 616 2430 ritus
657 2389 828 2430 homines
868 2404 956 2431 sese
997 2390 1289 2430 transtulerunt.
1360 2387 1533 2442 Quorum
1573 2405 1626 2432 ex

110 2458 349 2514 praescripto
384 2458 457 2498 sibi
492 2458 584 2497 deos
617 2456 828 2498 finxerunt.
886 2457 946 2498 Ac
977 2457 1137 2512 primum
1177 2470 1244 2496 eos
1276 2470 1371 2510 quos
1404 2456 1442 2497 in
1476 2458 1623 2499 honore

153 2567 208 2603 62.
235 2572 330 2610 Vulyo
347 2567 389 2604 τοὶ
403 2569 440 2604 δὲ
460 2568 591 2603 ἔνεστιν.
619 2571 755 2601 placeret
772 2568 842 2604 Τά·
888 2566 1042 2610 aecumst.
1081 2565 1227 2602 εἰδώλων
1249 2571 1314 2600 cett.
1351 2570 1412 2601 Sed
1434 2573 1512 2602 recle
1530 2573 1622 2603 inter-

109 2617 148 2649 δε
170 2612 208 2648 δὲ
233 2613 365 2648 ἔνεστιν.
881 2618 1019 2654 pretalus
1046 2617 1087 2644 esi
1108 2615 1274 2652 Petacius;
1308 2616 1362 2644 elsi
1382 2617 1475 2646 verba
1494 2613 1548 2649 διά
1572 2627 1621 2649 τοι

153 2658 207 2692 63.
236 2661 360 2691 Correoei
377 2659 486 2692 ἔθνεσι
498 2669 554 2698 pro
570 2657 667 2696 ἔτεσι,
681 2660 760 2698 quod
772 2661 838 2690 vul·
883 2659 944 2699 τῆς
961 2657 1211 2699 εἰδωλολατρίας
1223 2669 1282 2689 non
1296 2661 1371 2690 satis
1389 2664 1531 2691 accurate
1549 2663 1618 2692 red-

107 2713 145 2744 9⁰
158 2706 274 2744 legitur.
298 2706 379 2736 Illud
399 2707 462 2735 iam
482 2707 551 2734 ante
562 2705 723 2735 Pelavium
739 2706 837 2743 suspi-
881 2704 1000 2734 diderit.
1046 2704 1251 2742 participium
1280 2700 1484 2745 ἐναρξάμενα
1502 2715 1619 2744 parum

108 2752 194 2780 catus
217 2753 281 2780 erat
312 2751 498 2788 Carnarius,
533 2759 600 2780 cum
627 2751 770 2788 verteret,
803 2755 835 2779 et
879 2749 1032 2779 commode
1053 2749 1110 2778 sibi
1140 2749 1268 2778 indulsit
1285 2750 1414 2787 scriptor
1439 2759 1497 2788 pro
1520 2751 1616 2790 finito.

106 2792 250 2835 ipsorum
268 2793 417 2835 gentibus
435 2793 610 2824 adiudicati
630 2799 713 2823 sunt.
876 2794 970 2823 Paris
999 2796 1099 2824 autem
1127 2794 1263 2824 licentiae
1286 2796 1427 2833 exempla
1446 2796 1478 2825 in
1502 2804 1535 2826 eo
1558 2805 1617 2826 non

150 2836 203 2870 64.
228 2841 289 2870 Pro
307 2850 357 2871 τοι
375 2842 417 2870 est
438 2836 474 2871 τὸ
494 2842 525 2870 in
539 2841 603 2870 loco
619 2839 741 2878 yemello
753 2840 834 2869 Αηα-
878 2847 965 2868 rara.

105 2883 341 2921 cephalaeoseos.
922 2881 976 2914 66.
1005 2880 1225 2915 ἐξῑεοποιοῦντο
1249 2884 1358 2922 leyicur
1379 2886 1412 2915 in
1436 2885 1615 2923 Anacepha-

149 2925 201 2958 65.
230 2930 361 2967 Vulgata
382 2929 544 2967 distinctio,
567 2936 644 2967 quae
659 2929 835 2959 sententiam
880 2928 982 2958 laeosi.
1031 2928 1075 2957 lta
1098 2929 1190 2958 etiam
1212 2928 1296 2967 infra
1319 2928 1343 2970 1,
1369 2928 1400 2962 7.
1425 2930 1456 2960 in
1480 2930 1543 2960 loco
1562 2938 1612 2968 ye-

102 2979 160 3010 per
182 2980 212 3001 se
233 2973 412 3011 impeditam
431 2975 588 3012 obscurat,
613 2975 673 3004 esi:
697 2969 758 3013 ἔξΰη
779 2971 835 3006 καὶ
879 2973 966 3004 mello
991 2969 1255 3014 ἐῢεοποιήσαντο.

174 3023 288 3059 Corpus
307 3024 476 3053 Haeresiol.
496 3025 531 3053 ll.
1322 3032 1345 3070 2
