2034 3267
475 188 650 220 PANARH
677 189 759 221 ΜΒ.
780 190 804 221 1.
828 190 933 222 ToM.
954 191 993 222 n.
1018 191 1148 224 HAER.
1169 191 1286 224 xxx.
1565 188 1644 227 283

125 266 293 322 pudiant‚
328 272 365 306 et
386 280 407 305 a
428 266 508 306 suis
528 267 765 320 dogmatibus
786 275 900 321 atque
922 268 1132 323 apostolico
1152 270 1217 310 illo
1238 271 1461 313 charactere
1479 273 1642 314 alienam

122 333 312 383 iudicant,
345 334 381 374 id
413 335 510 388 quod
543 335 746 387 unicnique
778 335 1017 389 perspicuum
1050 344 1124 376 est.

234 399 346 453 Quod
378 415 471 442 vero
501 402 545 441 ad
581 402 730 441 beatum
758 400 919 441 Paulum
949 403 1106 452 attinet,
1149 404 1186 444 in
1219 419 1329 458 quem
1360 407 1411 446 illi
1438 408 1639 448 maledicta
1689 412 1766 455 Cup-

121 468 350 519 coniiciunt,
394 469 510 509 multa
537 484 557 508 a
586 483 645 508 mc
672 468 962 508 commemorari
991 479 1165 522 possunt.
1231 470 1418 526 Imprimis
1446 474 1636 516 Graecum

120 535 224 575 illum
252 536 393 586 fuisse,
437 543 548 589 atque
573 550 624 575 ex
646 535 852 588 gentilibus
879 535 1078 575 oriundum
1104 539 1346 590 praedicant,
1392 549 1524 595 postea
1549 558 1642 583 vero

120 603 355 658 proselytum
379 617 466 643 esse
490 606 643 642 lactum.
698 600 843 640 Verum
868 602 1018 655 quinam
1042 603 1114 642 ista
1138 607 1388 657 conveniunt,
1422 624 1505 648 cum
1531 611 1576 649 de
1598 624 1641 650 se

119 670 172 710 ita
195 671 415 724 scripserit,
450 672 640 709 Hebraeus
657 684 705 707 ea·
725 670 917 716 Hebraeis,
947 684 966 707 e
985 673 1121 709 semiue
1139 673 1332 720 Abrahae,
1365 678 1409 713 (le
1429 678 1527 715 tribu
1546 681 1639 716 Beu-
1657 685 1732 713 Phil.
1747 687 1782 721 5,
1800 686 1826 713 3-

121 740 255 785 iamin,
299 741 495 777 seeundum
527 740 641 787 legem
673 738 915 782 Pharisaeus,
960 738 1209 776 abundantias
1238 744 1443 780 aemulator
1479 748 1641 784 eaee'stetzs

117 813 358 857 paternarum
390 819 549 843 mearum
590 805 840 841 traditionem.
906 802 1008 843 Tum
1043 804 1118 844 alio
1150 805 1258 845 loco:
1307 811 1501 848 Israelz'lae
1533 820 1633 855 saut,

120 881 158 911 et
176 887 258 923 ego,
289 887 408 911 semen
428 873 605 910 Abrahae
624 878 724 916 sant,
753 878 791 908 et
809 884 891 920 eg0.
948 871 1066 911 Addit
1091 880 1248 925 postea:
1276 877 1514 915 Cz'reamcz’sio
1538 887 1638 916 oela-
1656 888 1687 948 ᾗ
1697 889 1764 939 (335.

119 955 161 978 νο
193 943 271 987 die,
315 947 351 978 et
379 941 553 976 educatus
584 940 634 975 ad
660 939 772 988 pedes
804 940 1038 985 Gamale‘elis,
1083 947 1121 977 et
1148 941 1339 980 Hebraeus
1364 957 1412 980 ea:
1442 945 1633 983 Hebraeis.
1693 943 1700 956 ⁷
1721 940 1760 950 '⁵'

117 1006 220 1047 Proh
250 1006 482 1046 letiferorum
510 1004 743 1056 serpentium
770 1005 989 1044 mortiferos
1011 1007 1198 1058 gemitus,
1242 1021 1285 1048 ac
1310 1009 1464 1049 sibilos!
1511 1025 1532 1050 ο
1559 1026 1641 1051 ser-

119 1075 243 1114 monis
262 1071 474 1113 inanissimi
495 1071 600 1110 virus
623 1071 826 1110 acerbum!
875 1069 998 1112 Cuius
1022 1087 1093 1126 ego
1120 1075 1338 1116 testimonio
1362 1084 1465 1117 stare
1488 1079 1642 1132 potissi-

119 1155 218 1181 mum
240 1140 384 1180 debeo?
443 1137 618 1188 Ebionis,
651 1138 810 1192 eiusque
834 1139 1012 1179 factionis
1036 1140 1243 1193 hominum,
1277 1158 1323 1183 an
1350 1143 1455 1184 Petri
1480 1146 1578 1185 hnnc
1600 1147 1637 1186 in

119 1209 268 1248 modum
298 1205 510 1259 loquentis:
558 1208 861 1255 Quemadmodum
887 1210 1042 1258 scripsit
1064 1210 1165 1247 vobis
1181 1211 1313 1262 frater
1333 1220 1459 1251 noster
1480 1216 1631 1261 Paulas,
1649 1226 1789 1262 2.1’etr.3,
1802 1226 1843 1253 15.

118 1290 210 1327 qaae
229 1277 307 1313 eius
330 1274 439 1312 verba
458 1275 648 1325 profunda
668 1281 776 1320 sunt,
819 1276 1078 1326 ewplzeataqae
1098 1278 1291 1328 dgfficilia,
1335 1294 1428 1330 qaae
1449 1283 1590 1319 indocti
1605 1290 1643 1320 et

116 1342 304 1381 instabiles
327 1355 398 1392 per
425 1355 528 1379 suam
552 1344 801 1391 ignorantiam
830 1344 1061 1393 depravant?
1119 1342 1197 1384 Sed
1229 1352 1268 1384 et
1293 1344 1436 1386 Paulus
1469 1348 1639 1388 vicissim

115 1409 160 1448 de
183 1406 300 1448 Petro
323 1414 485 1447 testatur
510 1407 566 1447 his
589 1408 741 1448 verbis:
774 1411 828 1447 Et
842 1410 1018 1457 lac-obus,
1051 1418 1090 1449 et
1107 1414 1284 1459 Ioannes,
1317 1421 1355 1451 et
1375 1416 1536 1466 Cephas‚
1572 1419 1755 1467 qm'Galat.
1770 1424 1797 1459 2,
1815 1423 1843 1450 9.

114 1476 331 1514 videbantur
351 1490 430 1514 esse
449 1477 651 1522 columnae,
683 1478 836 1515 tleoetras
854 1479 1034 1516 dederant
1054 1481 1147 1517 mz'lzz'
1163 1487 1201 1517 et
1218 1482 1413 1519 Barnabae
1431 1485 1632 1521 societatis.

114 1541 225 1595 Quod
251 1556 345 1582 vero
368 1542 606 1582 Tarsensem
636 1556 677 1582 se
705 1543 820 1582 fuisse
848 1551 999 1594 narrat,
1043 1546 1145 1585 nulla
1174 1546 1317 1586 idcireo
1345 1563 1480 1588 vocum
1509 1557 1637 1603 capta-

113 1610 259 1650 toribus
282 1611 326 1649 ad
349 1624 455 1649 suam
480 1610 747 1663 fautorumque
770 1625 925 1651 suorum
951 1613 1157 1665 perniciem
1182 1628 1228 1654 ea
1256 1629 1295 1654 re
1322 1616 1500 1656 abutendi
1527 1618 1638 1656 datur

112 1678 279 1718 occasio.
338 1675 440 1716 Nam
476 1684 514 1717 et
545 1675 788 1728 Bammbazn,
832 1678 893 1731 qni
924 1676 1062 1734 loseph
1091 1687 1209 1721 ‘antea
1241 1682 1387 1733 dictus,
1434 1682 1634 1724 Barnabas

113 1752 245 1799 postea
266 1745 480 1784 nominatus
502 1752 574 1793 est,
609 1746 706 1798 quod
729 1759 865 1785 nomen
887 1747 1162 1788 consolationis
1183 1749 1298 1789 filium
1319 1752 1522 1804 significat,
1555 1751 1633 1792 Le·
1654 1763 1811 1798 Aeneae.

112 1813 229 1852 vitam
264 1812 383 1851 fuisse
415 1813 536 1852 refert
564 1810 728 1865 (Lucas)
759 1826 903 1865 genere
935 1811 1137 1868 Cyprium.
1204 1815 1343 1870 Neque
1380 1826 1504 1858 tamen
1536 1821 1635 1873 quod

113 1877 280 1934 Cyprius
304 1887 423 1927 esset,
455 1893 501 1920 eo
523 1879 647 1919 minus
668 1893 688 1918 e
711 1879 811 1919 tribu
832 1878 1008 1921 Levitica
1033 1881 1116 1922 fuit.
1174 1882 1291 1924 Velut
1315 1887 1512 1939 apostolus
1533 1886 1634 1927 Pau-

110 1947 191 1996 tus,
237 1946 327 1986 licet
359 1946 487 1986 Tarso
522 1947 704 1986 oriundus
736 1954 861 1995 esset,
907 1949 952 2002 ab
982 1946 1194 1991 israelitica
1223 1958 1338 2004 gente
1370 1953 1522 1994 minime
1549 1963 1634 1995 erat

110 2013 272 2054 alienus.
336 2011 434 2054 Cum
465 2014 565 2054 enim
596 2022 665 2054 sub
695 2013 889 2054 Antiocho
920 2014 1141 2070 Epiphane,
1186 2019 1347 2073 aliisque
1378 2022 1630 2075 temporibus,

108 2081 244 2135 quibus
276 2081 414 2121 bellum
446 2088 674 2131 exarserat,
721 2081 890 2135 plerique
929 2097 997 2137 per
1026 2085 1282 2138 captivitatem
1316 2087 1633 2143 obsidionemque

107 2148 271 2203 dispersi
295 2151 442 2199 forent,
477 2148 617 2203 captivi
642 2149 791 2202 quidem
818 2150 934 2190 certis
959 2150 1053 2192 locis
1078 2153 1349 2195 constiterunt.
1411 2156 1464 2195 At
1489 2157 1552 2210 qni
1576 2158 1634 2196 vi-

108 2217 246 2256 tandae
274 2217 484 2256 obsidionis
517 2230 655 2256 caussa
690 2218 889 2270 fugerant,
933 2233 1007 2272 quo
1032 2220 1192 2273 quisque
1219 2221 1366 2262 delatus
1390 2224 1536 2272 fuerat,
1578 2224 1629 2263 ibi

107 2284 331 2323 commorati
356 2291 467 2334 sunt,
502 2283 553 2323 uti
582 2284 627 2323 de
654 2282 866 2324 israelitico
891 2287 1028 2341 populo
1055 2286 1205 2327 dicebat
1233 2287 1470 2339 Hieremiam,
1505 2291 1563 2330 cui
1590 2299 1633 2331 ut

107 2357 198 2391 ante
222 2351 369 2391 hostem
395 2353 542 2405 fugeret
563 2364 748 2405 persaepe
771 2353 944 2405 contigit.
1005 2357 1062 2401 Si,
1097 2355 1233 2408 inquit,
1265 2359 1315 2394 ad
1336 2359 1511 2396 Ce'tte'a'eos
1531 2359 1631 2397 abie-

106 2421 162 2456 ris
172 2448 183 2465 ‚
216 2433 282 2457 nec
314 2421 392 2457 z'llz'e
415 2422 556 2471 qm'dem
587 2421 741 2470 quietem
770 2421 931 2459 habebis.
994 2420 1122 2461 Nemo
1148 2430 1274 2462 autem
1301 2422 1456 2476 ignorat
1485 2423 1628 2465 Citium

107 2482 340 2539 Cypriorum
368 2486 528 2526 insulam
556 2485 752 2539 appellari.
812 2485 912 2527 Nam
941 2485 1131 2529 Citiorum
1161 2490 1315 2530 nomine
1345 2488 1477 2545 Cyprii
1507 2493 1629 2532 couti-

108 2559 248 2592 nentur
274 2560 312 2592 et
335 2552 491 2593 Rhodii.
555 2551 635 2592 lmo
667 2559 705 2592 et
734 2554 772 2592 in
797 2552 1027 2596 Macedonia
1056 2553 1288 2611 Cypriorum
1323 2565 1363 2597 et
1387 2557 1626 2599 Rhodiorum

106 2633 229 2672 genus
250 2619 449 2670 habitavit,
479 2621 576 2660 unde
602 2626 640 2659 et
660 2620 885 2661 Alexander
905 2621 1068 2663 Macedo
1091 2625 1280 2678 prodiisse
1301 2625 1452 2665 (licitur.
1515 2626 1628 2679 Quae

107 2700 244 2727 caussa
280 2694 339 2727 est
373 2702 442 2727 cur
472 2688 507 2727 in
539 2686 861 2728 Maccahaeorum
893 2690 1001 2730 libris
1031 2692 1212 2745 scriptum
1247 2692 1297 2731 sit
1326 2706 1345 2732 e
1378 2690 1622 2734 Cittiensinm
1644 2703 1809 2735 1.Mace.1.

107 2759 209 2793 terra
239 2768 361 2808 genus
386 2755 571 2808 quoddam
599 2768 687 2794 esse
716 2763 976 2809 propagatum.
1037 2757 1138 2797 Nam
1167 2772 1187 2797 e
1215 2757 1454 2799 Graecorum
1481 2775 1625 2814 genero

106 2819 332 2861 Alexander
352 2830 475 2861 ortum
495 2829 709 2875 acceperat.
757 2821 898 2863 Verum
920 2826 1096 2878 qnoniam
1119 2825 1256 2865 iterum
1279 2827 1493 2868 narrandae
1514 2824 1626 2869 huius

104 2929 161 2957 pro
179 2921 430 2961 διασπαρέντων,
457 2925 537 2963 quod
558 2925 665 2954 vitium
682 2924 718 2953 «le
737 2927 839 2956 aucto·
928 2925 959 2957 3.
985 2924 1062 2958 ἔνὲῐα
1087 2928 1151 2958 cod.
1176 2928 1299 2967 Rhediy.
1322 2932 1347 2960 ee
1368 2930 1467 2961 editus
1489 2933 1623 2971 uterque.

105 2966 194 2995 ritate
218 2968 283 2997 cod.
310 2968 404 3000 Valic.
430 2971 549 3000 sustulit
574 2969 727 3000 Pelavius.
886 2965 966 3003 ὅπου
991 2973 1055 3003 cod.
1082 2973 1176 3003 Valic.
