2034 3267
219 2398 285 2425 pan·
306 2390 344 2417 12.

189 2547 276 2591 Κεφ.
300 2546 342 2582 α’.

353 178 405 215 44
905 175 1061 207 SANCTl
1087 173 1308 205 ΕΡΙΡΗΑΝΗ

355 261 488 312 μείοις,
516 258 581 299 καὶ
603 250 891 308 στρατοπεδεύει
910 252 951 291 έν
969 254 1017 306 τῇ
1041 247 1170 305 ἐρήμῳ
1194 253 1306 289 Σινᾶ.
1357 250 1435 290 Καὶ
1457 255 1638 305 χρησμῶν
1664 248 1863 291 δοθέντων

356 328 398 367 ἐκ
426 330 524 366 θεοῦ
554 328 605 379 τῷ
635 318 847 374 θεράποντι
875 315 996 358 αὐτοῦ
1017 320 1189 356 Μωῦσεῖ
1207 313 1502 369 ἀριθμήσασθαι
1526 316 1602 359 άπὸ
1626 319 1743 358 εἴκοσι
1767 317 1863 357 ἐτῶν

355 394 418 434 καὶ
445 393 516 439 ἕως
535 386 770 439 πεντήκοντα
791 383 935 438 ἄνδρας
959 383 1199 434 δυναμένους
1219 381 1446 423 σπάσασθαι
1466 385 1662 436 ῥομφαίαν
1684 384 1749 425 καὶ
1769 388 1863 434 λαμ-

357 458 488 512 βάνειν
519 455 618 497 ὅπλα
651 450 838 504 πολεμικά
871 452 925 500 εἰς
956 448 1210 503 ἑξηκονταδύο
1246 448 1438 504 μυριάδας
1470 451 1536 490 καὶ
1568 449 1864 504 ὄκτακιςχιλίους

356 524 631 568 πεντακοσίους
660 514 779 572 εὗρεν.

458 585 530 629 ΐΗν
559 588 600 628 δὲ
622 584 700 628 κατ’
723 588 844 628 έκεῖνο
867 589 1006 639 καιροῦ
1026 582 1178 636 Ἴναχος
1204 582 1293 638 παρ’
1311 583 1466 636 1’Έλλησι
1494 583 1786 638 γνωριζόμενος,
1818 578 1865 625 οῦ

355 655 533 711 θυγάτηρ
557 653 644 704 Ἰώ,
675 652 784 707 ἡκαὶ
807 651 948 700 Ἀτθὶς
973 653 1212 704 καλουμένη,
1245 649 1292 692 δι’
1316 651 1365 704 ἢν
1395 652 1460 691 καὶ
1495 648 1552 702 δή
1573 648 1741 704 Ἀττική.
1793 649 1864 700 Ἐξ

356 720 403 777 ἧς
436 724 502 764 καὶ
533 720 555 764 ό
582 720 804 774 Βόσπορος,
842 715 889 761 οῦ
924 718 1128 771 ἐπώνυμος
1161 718 1271 767 πόλις
1301 717 1502 772 Βόσπορος
1537 719 1576 758 ἐν
1609 722 1660 774 τῷ
1691 716 1863 774 Εὐξείνῳ

359 790 501 847 Πόντῳ
535 790 764 841 καλουμένη.
824 792 996 828 Καλοῦσι
1029 786 1070 827 δὲ
1101 784 1222 838 αὐτὴν
1252 785 1462 840 Αἰγύπτιοι
1478 784 1600 835 Ἴσιν,
1638 784 1689 837 ἣν
1718 787 1783 826 καὶ
1813 783 1866 833 ὦς

356 857 456 900 θεάν
479 861 771 911 προςκυνοῦσιν.
828 853 1057 906 Ὁμώνυμος
1087 853 1127 894 δὲ
1157 852 1279 908 τούτῳ
1303 854 1369 894 καὶ
1396 851 1570 904 ποταμός
1596 853 1696 893 ἐστιν
1717 850 1867 904 Ἴναχος

357 927 458 968 οὕτω
479 923 724 976 καλούμενος.
767 921 950 963 Ἐκεῖθεν
970 922 1010 962 δὲ
1029 918 1149 974 ἀρχὴν
1167 921 1248 973 ἔσχε
1270 919 1317 961 τά
1336 918 1425 973 παρ’
1442 919 1598 971 ΓΈλλησι
1619 918 1807 973 μυστήρια
1828 935 1867 960 τε

358 994 423 1034 καὶ
442 993 604 1041 τελεταὶ,
634 989 822 1045 πρότερον
842 987 932 1043 παρ’
953 990 1183 1043 Αἰγυπτίοις
1213 988 1278 1029 καὶ
1307 986 1410 1041 παρά
1438 991 1456 1015 ⁷
1474 988 1597 1040 Φρυξὶ
1625 988 1689 1027 καὶ
1717 988 1868 1035 Φοίνιξι

358 1061 424 1101 καὶ
451 1061 712 1111 Βαβυλωνίοις
743 1061 873 1104 κακῶς
906 1055 1202 1107 ἐπινενοημένα,
1241 1055 1509 1108 μετενεχθέντα
1540 1071 1578 1095 τε
1609 1056 1661 1102 εἰς
1679 1053 1868 1106 ”Έλληνας

359 1125 435 1168 «ind
461 1131 530 1179 τῆς
548 1130 625 1167 τῶν
645 1127 869 1180 Αἰγυπτίων
894 1122 1020 1177 χώρας
1041 1121 1117 1163 ὑπὸ
1145 1121 1332 1174 Κάδμου,
1364 1123 1428 1162 καὶ
1452 1120 1571 1163 αὐτοῦ
1599 1126 1668 1162 τοῦ
1698 1120 1867 1173 Ἰνάχου,

356 1194 524 1242 ’Ἀπιδος
550 1192 736 1247 πρότερον
765 1192 974 1244 κληθέντος
1006 1191 1072 1232 καὶ
1104 1188 1432 1241 οἰκοδομήσαντος
1462 1187 1531 1241 τήν
1558 1189 1744 1241 Μέμφιν,
1776 1186 1868 1228 ἄλλά

359 1264 425 1303 καὶ
451 1259 538 1314 παρ’
562 1259 735 1313 Ὀρφέως
754 1260 819 1299 καὶ
844 1257 966 1298 ἄλλων
990 1262 1106 1298 τινῶν
1135 1255 1205 1309 τήν
1235 1255 1355 1309 άρχήν
1383 1254 1664 1307 λαβόνταρκαὶ
1687 1258 1741 1304 εἰς
1768 1256 1868 1309 αἱρέ-

362 1344 438 1377 σεις
470 1328 709 1368 συσταθέντα
741 1325 901 1378 ’ὕστερον
933 1326 972 1365 ἐν
1000 1322 1249 1379 Ἐπικούρῳ,
1286 1324 1351 1363 καὶ
1389 1321 1543 1374 Ζήνωνι
1573 1328 1625 1379 τῷ
1659 1327 1868 1379 8Στωικςιῖῑ,

361 1397 428 1437 καὶ
448 1392 687 1448 Πυθαγόρᾳ,
710 1394 774 1433 καὶ
795 1391 994 1432 Πλάτωνι·
1026 1392 1063 1439 ἐξ
1083 1385 1201 1443 οὗπερ
1226 1389 1389 1443 ’ἤρξαντο
1409 1388 1548 1443 χρόνου
1573 1394 1870 1444 9κρατυνθῆναι

361 1465 432 1511 ἕως
453 1466 529 1502 τῶν
551 1462 838 1501 Μακεδονικῶν
857 1457 1004 1513 χρόνων
1028 1458 1093 1498 καὶ
1116 1458 1262 1511 Ξέρξου
1284 1461 1354 1497 τοῦ
1379 1457 1561 1509 βασιλέως
1587 1462 1664 1498 τῶν
1690 1461 1866 1510 Περσῶν,

361 1528 454 1582 μετά
476 1527 546 1581 τήν
576 1527 715 1568 ἅλωσιν
737 1531 814 1567 τῶν
837 1524 1118 1579 Ἱεροσολύμων
1149 1522 1190 1564 τὸ
1215 1528 1388 1577 πρῶτον,
1417 1525 1481 1564 καὶ
1504 1523 1866 1578 Ναβουχοδονόσωρ

361 1598 616 1650 αἰχμαλωσίας
647 1595 713 1636 καὶ
745 1596 934 1645 Δαρείου,
971 1593 1036 1633 καὶ
1067 1596 1144 1632 τῶν
1174 1589 1254 1632 κατ’
1285 1589 1531 1645 Ἀλέξανδρον
1561 1590 1627 1632 τὸν
1653 1590 1869 1632 Μακεδόνα

359 1664 519 1719 χρόνων.
581 1661 748 1702 Πλάτων
773 1659 843 1716 γάρ
872 1658 954 1701 κατ’
977 1661 1125 1701 ἐκεῖνον
1154 1657 1222 1700 τὸν
1248 1657 1383 1712 καιρὸν
1412 1660 1648 1713 ἔγνωρίζετο,
1678 1660 1744 1700 καὶ
1773 1659 1872 1699 1(ὀί

361 1730 436 1786 πρὸ
459 1728 596 1779 αὐτοῦ,
630 1727 874 1782 Πυθαγόρας
896 1744 935 1768 τε
958 1728 1024 1768 καὶ
1046 1725 1286 1780 Ἐπίκουρος
1310 1724 1330 1767 ὁ
1350 1727 1562 1779 μετέπειτα·
1593 1725 1690 1767 ὅθεν
1714 1724 1783 1778 δὴ,
1816 1723 1870 1774 ὦς

361 1804 562 1853 προεῖπον,
592 1795 661 1848 τήν
683 1794 880 1849 πρόφασιν
905 1797 1036 1847 εἴληφε
1059 1795 1124 1835 καὶ
1149 1795 1201 1842 εἰς
1223 1792 1452 1834 κατάστασιν
1474 1788 1571 1846 ἦλθε
1596 1791 1643 1833 τά
1666 1790 1754 1846 παρ’
1770 1791 1867 1832 ‘'Ek-

361 1872 447 1918 λησι
469 1862 761 1918 συγγράμματα,
790 1863 856 1903 καὶ
875 1864 917 1903 αἱ
932 1861 1024 1914 μετά
1042 1866 1179 1902 τοῦτον
1197 1859 1262 1902 τὸν
1279 1860 1416 1915 χρόνον
1438 1865 1454 1889 1
1467 1865 1480 1889 ¹
1496 1859 1688 1913 βοώμεναι
1708 1860 1870 1913 αἱρέσεις

362 1937 439 1974 τῶν
461 1930 688 1983 φιλοσόφων
719 1928 818 1984 πρός
848 1927 1007 1981 άλλήλας
1036 1934 1082 1986 τῇ
1108 1929 1173 1981 μὲν
1204 1928 1329 1986 πλάνῃ
1360 1926 1593 1984 συνάδουσαι
1619 1928 1685 1968 καὶ
1715 1925 1870 1980 12ὁμό-

363 2014 489 2052 στιχον
534 2003 673 2053 γνῶσιν
716 2000 1023 2048 συνυφαίνουσαι
1067 1998 1371 2051 εἰδωλολατρείας
1408 2011 1446 2036 τε
1484 1996 1550 2036 καὶ
1592 1992 1765 2048 άσεβείας
1803 1995 1869 2035 καὶ

363 2065 520 2116 άθεΐας,
549 2070 596 2121 τῇ
626 2065 666 2106 δὲ
696 2063 793 2122 αὐτῇ
817 2063 942 2122 πλάνῃ
968 2066 1021 2113 εἰς
1044 2062 1181 2113 ἑαυτάς
1207 2062 1466 2119 συγκλιόμεναι
1490 2062 1738 2118 διαφέρονται
1761 2062 1870 2116 ἑτέρα

363 2132 463 2189 πρὸς
491 2131 561 2187 τήν
591 2133 732 2188 ἑτέραν.

891 2364 929 2406 Σ
965 2363 1002 2406 Τ
1037 2363 1080 2406 Ω
1113 2363 1132 2406 1
1168 2363 1205 2405 K
1241 2364 1278 2406 O
1312 2364 1345 2418 1,

494 2441 615 2502 τρίτη
653 2438 737 2485 ἀπὸ
768 2437 1080 2499 Ἑλληνισμοῦ,
1116 2443 1290 2499 πέμπτη
1325 2440 1371 2485 ’δὲ
1404 2440 1461 2499 τῇ
1499 2435 1736 2499 ἀκολουθίᾳ.

487 2537 565 2576 Καὶ
596 2537 765 2577 Στωϊκοὶ
801 2536 868 2588 μὲν
907 2540 1096 2590 φρονοῦσι
1134 2536 1221 2590 περὶ
1257 2534 1442 2588 θεότητος
1478 2538 1614 2584 τοῦτο,
1657 2532 1873 2584 φάσκοντες

366 2601 463 2645 εἶναι
491 2607 585 2644 νοῦν
614 2602 681 2644 τὸν
709 2602 824 2654 θεόν,
871 2608 883 2631 ¹
900 2601 925 2656 ἢ
953 2602 1096 2651 παντὸς
1118 2607 1187 2644 τοῦ
1211 2601 1409 2657 ὁρωμένου
1438 2601 1597 2651 κύτους,
1636 2598 1805 2653 οὐρανοῦ
1831 2600 1871 2640 τέ

367 2688 468 2723 φημι
486 2672 552 2712 καὶ
573 2674 644 2725 γῆς
666 2672 730 2712 καὶ
755 2675 833 2712 τῶν
855 2669 996 2721 ἄλλων,
1028 2668 1080 2718 οἷς
1105 2671 1143 2711 ἒν
1167 2669 1309 2723 σώματι
1333 2670 1476 2723 ψυχήν.
1533 2670 1744 2722 Μερίζουσι
1767 2666 1808 2707 δὲ
1833 2668 1875 2707 οἷ

368 2736 479 2779 αὐτοὶ
503 2736 571 2790 τὴν
593 2740 684 2790 μίαν
706 2736 872 2790 θεότητα
895 2739 948 2786 εἰς
968 2736 1109 2785 πολλάς
1135 2736 1290 2791 μερικάς
1313 2736 1465 2787 οὐσίας,
1504 2737 1556 2784 εἰς
1583 2734 1691 2788 ἥλιον
1718 2734 1786 2774 καὶ
1815 2748 1871 2774 σε-

367 2804 482 2858 λήνην
517 2805 583 2846 καὶ
612 2803 753 2858 ἄστρα,
797 2807 850 2853 εἰς
877 2804 1008 2858 ψυχήν
1039 2806 1106 2846 καὶ
1135 2803 1228 2859 άέρα
1264 2806 1331 2845 καὶ
1365 2802 1411 2845 τά
1440 2802 1552 2853 ἅλλα,
1594 2798 1873 2856 μεταγγισμούς

411 2906 443 2940 6.
466 2905 489 2948 τί
511 2908 565 2939 νῦν
585 2902 718 2948 Ἀττικὴ
744 2909 810 2939 cod.
833 2909 928 2939 Venel.
1191 2905 1222 2937 8.
1249 2907 1369 2950 στοϊκῷ
1393 2907 1481 2944 libri,
1504 2906 1540 2935 de
1563 2912 1654 2934 more.

413 2951 443 2984 7.
468 2951 608 2994 Φρίγαις
631 2952 694 2982 cod.
720 2953 816 2983 Venet.
1191 2949 1221 2982 9.
1247 2951 1474 2993 κρατυνῧεῖσαι
1496 2950 1561 2981 cod.
1586 2950 1682 2980 Venet.
