2034 3267
460 242 635 274 PANARH
660 243 741 274 Llss.
760 244 785 274 1.
811 244 917 276 ΤοΜ.
936 244 976 275 ιι.
1001 243 1128 274 HAER.
1150 244 1283 276 xxix.
1420 252 1425 256 -
1544 236 1622 275 229

303 411 792 460 ADVERSUS
851 412 1417 473 NAZARAEOS,

448 507 554 551 quae
591 496 657 539 est
693 490 842 537 ordine
867 490 973 549 IX.,
1010 491 1079 538 vel
1100 491 1270 538 XXIX.

214 588 366 629 Exinde
390 589 584 630 Nazaraei
615 589 778 644 proximi
803 597 912 639 sunt,
946 589 1006 642 qui
1032 589 1114 629 sive
1140 591 1287 643 priores
1313 592 1409 638 illis,
1443 593 1525 633 sive
1552 607 1614 633 ae·
1642 600 1716 642 Cap.
1745 602 1767 631 1.

103 657 257 709 quales,
292 657 374 697 sive
402 658 635 711 posteriores
659 655 880 704 extiterint,
923 656 960 695 111
987 655 1086 695 idem
1116 658 1195 695 fere
1223 664 1369 711 tempus
1397 660 1610 701 incurrunt.

101 722 240 777 Neque
266 725 363 763 euim
390 726 575 763 allirmare
599 730 704 762 certo
739 737 940 776 possumus
972 723 1045 762 utri
1079 724 1175 762 utris
1201 727 1476 766 successerint.
1538 727 1614 768 Ea-

102 791 183 829 dem
210 792 309 830 enim
336 799 370 831 ut
396 791 560 830 diximus
586 796 710 829 aetate
733 790 940 839 vixerunt,
972 797 1010 828 et
1032 790 1069 829 in
1096 790 1228 830 iisdem
1255 791 1492 844 dogmatibus
1524 803 1614 836 suut

103 859 418 912 opinionibusque
447 856 602 897 versati.
663 856 792 910 Atque
816 856 867 896 illi
895 856 1043 910 quidem
1069 871 1144 896 non
1170 872 1190 897 a
1214 855 1386 908 Christo,
1420 874 1542 913 neque
1565 864 1610 902 ab

102 924 188 965 lesu
213 940 348 966 numen
382 930 634 978 acceperunt,
678 924 743 964 sed
775 938 816 964 se
842 923 1071 964 Nazaraeos
1096 925 1350 979 appellarunt.
1412 924 1609 980 Siquidem

101 990 308 1032 Christiani
330 1000 404 1032 tum
428 1004 561 1030 omnes
582 990 776 1031 Nazaraei
803 991 1054 1032 vocabantur.
1110 990 1351 1046 Quamquam
1374 1008 1441 1048 pro
1467 995 1608 1049 exiguo

100 1067 284 1113 tempore,
318 1057 557 1098 lessaeorum
582 1072 701 1112 penes
725 1059 812 1098 illos
835 1073 972 1098 nomen
996 1060 1155 1110 resedit,
1179 1067 1381 1113 autequam
1397 1059 1608 1102 Christiani

97 1126 325 1166 Antiochiae
356 1125 544 1165 nominari
581 1126 794 1181 coeperint.
853 1127 913 1166 Ac
943 1125 1111 1176 Iessaei,
1154 1134 1194 1166 ut
1227 1128 1384 1182 opinor,
1430 1129 1477 1169 ab
1503 1128 1609 1171 Iesse

98 1194 221 1233 vocati
244 1200 345 1233 sunt.
401 1191 525 1232 David
552 1193 651 1233 enim
678 1192 786 1234 lesse
813 1194 909 1234 1111115
937 1201 1036 1244 erat,
1069 1208 1088 1233 a
1111 1209 1184 1248 quo
1210 1196 1366 1248 generis
1388 1197 1608 1238 continuata

96 1260 195 1299 serie
213 1258 340 1300 Maria
364 1261 517 1314 prodiit,
545 1261 581 1300 111
608 1275 729 1315 eoque
757 1261 970 1315 scripturae
993 1275 1127 1302 sacrae
1149 1263 1369 1303 vaticinium
1393 1264 1438 1304 ad
1462 1265 1607 1305 exitum

95 1327 311 1380 perductum
345 1335 426 1378 est,
469 1343 553 1367 eum
585 1328 623 1368 in
656 1336 788 1368 vetere
814 1335 1045 1369 testamento
1069 1327 1209 1369 Davidi
1237 1330 1412 1371 dominus
1444 1331 1518 1372 ista
1548 1347 1608 1372 re-

93 1394 330 1448 spondisset:
362 1398 418 1434 Be
433 1397 570 1448 fructu
596 1400 734 1435 ventres
760 1400 818 1434 [αι’
836 1411 971 1447 ponam
999 1411 1112 1447 super
1138 1400 1258 1436 sedem
1288 1405 1400 1436 tuam.
1653 1385 1770 1449 {isla-‘'fs·

201 1460 279 1502 Sed
311 1463 398 1502 illud
435 1463 472 1502 111
508 1463 668 1516 singulis
699 1463 911 1519 scripturae
947 1464 1077 1504 verbis
1117 1465 1324 1504 afferendis
1355 1466 1483 1506 vereri
1516 1468 1603 1507 mihi
1632 1467 1707 1510 ΟΨ·
1734 1473 1772 1503 H·

91 1530 301 1579 succurrit,
334 1531 378 1570 de
408 1545 481 1583 quo
509 1531 662 1584 saepius
687 1545 932 1571 commonere
956 1531 1086 1582 soleo,
1120 1546 1167 1571 ne
1194 1533 1281 1571 dum
1301 1547 1365 1573 eas
1391 1547 1486 1587 quae
1519 1549 1604 1575 ver-

88 1596 147 1637 bis
179 1598 270 1651 ipsis
303 1598 433 1637 insunt
458 1599 671 1638 sententias
701 1599 922 1652 expendere
958 1598 1133 1639 veritatis
1166 1600 1330 1639 studium
1357 1601 1480 1653 cogit,
1519 1602 1603 1642 lou-

88 1664 171 1718 gius
198 1680 307 1718 quam
332 1680 398 1719 par
421 1667 469 1705 sit
492 1666 652 1706 instituti
682 1666 799 1705 moles
826 1665 952 1719 operis
981 1675 1199 1706 excrescat.
1263 1665 1359 1707 Cum
1392 1669 1508 1721 igitur
1537 1671 1602 1709 do—

90 1733 214 1773 minus
239 1732 374 1772 Davidi
397 1734 561 1773 dixerit:
594 1737 649 1772 De
662 1736 799 1787 sraela
822 1737 958 1772 ventris
983 1737 1040 1771 ἰαί
1054 1749 1189 1785 poleam
1210 1750 1322 1786 snper
1340 1739 1458 1774 sedem,
1483 1746 1595 1784 tuam,

90 1808 128 1839 et
150 1800 263 1852 illud,
306 1804 452 1839 Iuravit
471 1805 637 1840 (lozm'nus
662 1804 800 1847 David,
835 1809 871 1840 ec
890 1816 962 1840 non
983 1803 1185 1852 poenitebit
1211 1817 1311 1850 eum,
1355 1803 1598 1844 manifestum
1649 1816 1755 1844 maim.

88 1875 147 1907 est
178 1868 235 1907 dei
270 1869 564 1923 promissionem
595 1869 768 1908 revocari
804 1883 878 1908 non
910 1882 1038 1922 posse.
1099 1870 1229 1923 Atque
1263 1870 1446 1923 imprimis
1482 1871 1600 1911 iusiu-
1645 1852 1700 1878 Μ’
1724 1854 1746 1878 ⁴'

86 1936 244 1975 randum
270 1937 376 1987 illud,
403 1939 502 1990 quod
524 1939 593 1976 <leo
617 1936 808 1985 tribuitur,
837 1935 1012 1989 quidnam
1036 1943 1095 1976 est
1113 1937 1229 1986 aliud,
1259 1937 1331 1975 nisi
1355 1937 1453 1977 istud
1476 1939 1596 1992 ipsum

88 2004 185 2056 quod
217 2004 303 2043 alibi
337 2005 498 2054 dicitur,
540 2008 611 2043 Per
635 2008 878 2055 memetipsum.
908 2000 1049 2051 ίῑὶναυί,
1088 2007 1181 2042 dabit
1207 2007 1402 2042 dominus?
1457 2004 1596 2058 Neque

87 2071 187 2110 enim
212 2086 279 2126 per
300 2072 482 2112 maiorem
509 2072 670 2125 aliquem
695 2071 955 2110 iusiurandum
980 2071 1072 2111 deus
1094 2071 1272 2124 concipit,
1309 2071 1376 2110 sed
1402 2086 1471 2112 nec
1497 2073 1598 2113 iurat

87 2139 234 2192 quidem
263 2140 432 2179 omuino.
497 2137 572 2179 Sed
598 2153 642 2177 ea
674 2138 851 2191 loquendi
881 2139 977 2178 ratio
1009 2139 1053 2177 ad
1079 2138 1323 2178 astruendam
1354 2139 1410 2178 rei
1440 2139 1596 2179 firmita-

86 2213 160 2246 tem
182 2207 361 2260 pertinet.
412 2206 514 2247 Nam
543 2205 681 2245 Davidi
704 2206 950 2246 iureiurando
970 2205 1142 2260 promisit
1168 2205 1358 2255 dominus,
1392 2208 1595 2258 Deflete-tu

86 2277 221 2312 ventris
242 2278 356 2325 ipsias
375 2290 486 2326 saper
507 2277 625 2312 sedem
651 2277 729 2311 cias
748 2288 787 2311 se
811 2288 888 2312 esse
902 2277 1122 2324 positarum.
1186 2269 1244 2311 Ita
1269 2286 1382 2325 porro
1404 2281 1595 2314 testantur

84 2341 245 2395 apostoli
273 2341 318 2380 de
347 2340 507 2381 Davidis
531 2340 648 2394 stirpe
671 2340 775 2379 nasci
801 2338 995 2380 Christum
1021 2338 1258 2393 oportuisse,
1292 2340 1345 2379 uti
1370 2354 1508 2380 revera
1532 2339 1593 2381 le-

85 2422 148 2447 sus
173 2406 352 2449 Christus
374 2410 547 2449 dominus
579 2414 711 2447 noster
740 2407 902 2447 indidem
925 2407 1107 2447 oriundus
1131 2414 1204 2446 est.
1267 2405 1414 2447 Verum
1441 2421 1512 2461 ego
1543 2422 1592 2448 ne

83 2475 348 2529 prolixiorem,
382 2483 423 2515 ut
449 2483 536 2515 aute
560 2475 655 2524 dixi,
688 2488 902 2514 sermonem
931 2473 1148 2524 instituam,
1183 2473 1487 2515 testimoniorum
1512 2490 1592 2516 am-

83 2542 289 2596 plissimam
310 2544 454 2597 copiam
476 2541 754 2596 praetermitto.
813 2542 966 2582 Ateuim
981 2573 991 2591 ,
1026 2541 1126 2581 dicat
1147 2541 1297 2595 aliquis,
1331 2556 1416 2581 cum
1436 2556 1488 2582 ex
1512 2542 1591 2583 Da-

82 2609 179 2650 vidis
202 2611 343 2665 stirpe,
388 2617 574 2663 quatenus
604 2623 719 2649 earne
749 2616 920 2659 constat,
957 2615 1184 2663 procreatus
1209 2609 1258 2648 sit
1281 2607 1484 2659 Christus,
1518 2610 1590 2650 hoc

84 2684 156 2727 est,
190 2692 210 2717 e
231 2677 340 2717 beata
367 2677 514 2730 virgine
535 2674 678 2726 Maria,
712 2676 797 2729 quid
820 2677 869 2715 ita
892 2677 1045 2715 taudem
1066 2675 1105 2715 in
1127 2674 1287 2715 Davidis
1312 2676 1409 2716 solio
1435 2677 1588 2717 minime

83 2745 278 2785 consedit?
323 2748 507 2783 lenet‘zml
530 2747 645 2790 euim,
680 2743 734 2782 ait
757 2744 1018 2797 evangelium,
1052 2751 1093 2782 ut
1116 2747 1232 2794 ipsum
1258 2752 1438 2794 ungerent
1469 2747 1505 2783 ile
1528 2754 1784 2783 re-10a1m.‹i.1·1.

80 2825 183 2860 gem,-
228 2819 265 2851 et
287 2827 369 2851 cum
394 2813 429 2851 id
456 2811 723 2863 cognovisset,
756 2810 939 2861 recessit,
973 2818 1084 2864 atque
1108 2809 1329 2864 Ephraim,
1363 2811 1460 2864 quod
1484 2812 1589 2866 oppi-

84 2878 168 2916 dum
202 2878 238 2917 in
265 2880 416 2919 deserto
453 2880 563 2918 situm
590 2885 669 2927 est,
703 2877 862 2917 delituit.
925 2877 1055 2932 ltaque
1090 2878 1265 2931 quoniam
1299 2887 1509 2932 opportune
1541 2881 1583 2920 ad

84 2944 192 2983 buius
215 2947 426 2999 evangelici
456 2946 544 2985 dieti
567 2944 796 2985 mentionem
817 2958 946 2985 sumus
969 2946 1135 2999 delapsi,
1171 2946 1291 2998 deque
1314 2945 1497 2986 eiusmodi
1530 2954 1584 2986 tc-

82 3011 259 3051 stimonio
287 3020 586 3066 argumentoque
619 3019 705 3051 nata
731 3012 904 3065 quaestio
926 3020 1006 3063 cst,
1051 3026 1117 3051 eur
1147 3011 1292 3052 scilicet
1321 3014 1418 3066 quod
1452 3028 1470 3052 a
1499 3028 1583 3067 pro-

81 3078 188 3132 pheta
212 3081 441 3132 praedictum
466 3082 602 3128 suerat,
628 3079 664 3118 111
680 3077 838 3119 Davidis
859 3079 955 3119 solio
977 3093 1245 3120 consessurum
1268 3093 1353 3119 esse
1370 3078 1581 3126 Christum,
