2034 3267
490 183 666 215 PANARtt
690 184 771 216 Lm.
794 186 815 216 ι.
844 185 948 223 ToM.
976 186 1014 216 ιι.
1042 185 1168 216 HAER.
1193 186 1310 217 xxx.
1580 179 1658 218 297

146 263 270 303 Ebion
296 262 539 303 occasionem
562 262 763 317 arriperet.
824 262 926 303 Nam
951 263 982 303 si
1005 264 1056 304 ita
1080 264 1266 305 dixisset:
1301 267 1448 305 Sere'bet
1471 269 1508 305 e‘n
1532 281 1573 305 eo
1595 268 1659 304 Ιιο-

145 347 222 378 mo,
268 330 447 385 colligere
473 344 523 370 ex
552 344 598 370 eo
624 338 753 385 posset
777 338 944 371 satorem
973 331 1090 372 fuisse
1115 330 1341 386 losephnm,
1388 331 1658 387 Christumque

146 398 246 438 virili
270 412 321 438 ex
343 398 489 438 semine
509 406 766 452 procreatum.
827 397 971 439 Verum
996 397 1119 439 lsaiae
1145 407 1232 440 ante
1254 399 1462 442 DCCLllI
1485 402 1565 455 plus
1590 402 1659 441 mi-

145 480 215 506 nus
241 480 363 506 annos
391 466 509 517 dixit,
541 469 702 514 ⁸Scribe,
749 473 786 506 ut
816 479 866 505 ex
894 472 973 505 toto
1000 465 1065 506 illo
1095 469 1274 521 temporis
1301 469 1504 509 intervallo
1531 470 1575 510 de
1603 470 1659 509 rei

145 534 309 574 veritate
341 541 557 584 constaret,
601 534 699 588 quod
730 547 841 573 nemo
874 541 961 573 ante
998 534 1065 574 hos
1096 549 1218 575 annos
1246 534 1453 576 DCCLlll
1483 552 1566 577 eum
1596 537 1660 591 qui

145 602 362 642 nasciturus
384 609 465 641 erat
485 609 570 641 satu
593 614 800 655 propagare
823 608 967 655 posset.
1028 601 1133 642 Num
1152 602 1269 656 igitur
1291 605 1429 644 l'rustra
1453 606 1658 659 prophetae

145 669 262 719 dixit,
307 671 466 708 Scribe?
522 667 683 708 Minime
717 682 824 708 vero.
889 666 966 708 Sed
999 676 1039 709 ut.
1067 669 1129 709 ille
1152 669 1253 709 idem
1280 671 1340 724 qui
1369 672 1576 726 prophetae
1602 674 1658 712 in-

144 745 227 778 erat
251 737 405 791 spiritus
433 744 586 777 sanctus
613 736 857 787 ostenderet,
900 737 1163 790 generationis
1189 751 1231 777 se
1260 736 1429 789 Christi,
1472 747 1658 793 quatenus

144 819 258 845 carne
288 805 510 854 constabat,
555 816 646 843 vere
676 810 870 843 auctorem
900 811 937 843 et
962 805 1186 844 efficientem
1213 818 1314 846 esse.
1376 810 1540 858 Spei-llus
1565 812 1658 847 enlm
1677 818 1841 852 Luc.1,35.

142 883 291 913 sanetus
321 875 552 924 superveniet
579 874 615 910 in
651 878 704 917 te,
752 871 805 911 ait
835 869 985 911 Mariae
1022 870 1182 912 Gabriel
1215 874 1397 928 angelus,
1441 883 1515 915 etc.
1579 874 1658 915 lam

143 942 240 994 quod
272 940 423 980 subiicit
446 937 568 978 lsaias
599 940 705 989 Stylo
730 941 907 986 hominis,
954 940 999 979 ad
1027 940 1189 980 hominis
1217 941 1502 982 similitudinem
1529 943 1658 983 adum-

142 1009 321 1048 brandam
344 1008 520 1062 pertinet.
582 1005 778 1060 Siquidem
803 1007 914 1047 homo
940 1005 1119 1049 Christus
1143 1007 1253 1050 lesus
1274 1017 1353 1060 est,
1389 1011 1575 1051 mediator
1596 1011 1657 1051 dei
1677 1022 1822 1057 1.‘r1m.2‚
1834 1023 1858 1050 5.

143 1084 181 1116 et
206 1077 419 1125 hominum,
464 1075 765 1128 quandoquidem
794 1075 887 1115 deus
915 1076 1073 1116 verbum
1103 1091 1122 1117 e
1148 1078 1256 1118 coelo
1284 1079 1502 1128 descendit,
1546 1085 1659 1133 atque

144 1159 193 1184 ex
214 1142 337 1184 Maria
360 1149 469 1183 natus
493 1149 553 1182 est
577 1143 704 1192 homo,
739 1158 814 1182 non
836 1158 888 1184 ex
909 1143 1073 1185 humano
1096 1152 1182 1185 satu
1200 1147 1422 1200 productus.
1471 1145 1658 1187 Proinde-

144 1225 215 1266 qne
245 1211 370 1251 statim
401 1211 585 1265 propheta
617 1211 801 1262 subiecit,
846 1215 900 1250 Ec
921 1216 1113 1264 ingressus
1136 1221 1193 1252 est
1213 1217 1262 1253 ad
1279 1217 1571 1266 prophetissam,
1619 1222 1658 1255 ut

142 1277 418 1333 prophetissam
443 1277 609 1318 Mariam
633 1293 720 1319 esse
744 1286 1001 1331 monstraret,
1035 1296 1111 1321 non
1137 1282 1271 1322 Achaz
1293 1297 1480 1334 uxorem,
1515 1284 1559 1323 de
1585 1298 1658 1337 qua

141 1346 309 1386 nonnulli
332 1346 470 1386 dictum
491 1347 579 1386 illud
606 1354 759 1401 propter
778 1346 986 1388 Ezechiam
1012 1350 1108 1389 falso
1128 1351 1386 1405 suspicantur.
1444 1350 1531 1404 Quo
1557 1353 1657 1392 enim

137 1415 200 1454 illa
227 1421 397 1468 tempore
434 1414 677 1468 pronuntiata
712 1422 821 1465 sunt,
865 1414 925 1456 XI
951 1417 1023 1456 iam
1052 1432 1172 1458 annos
1201 1425 1311 1459 natus
1340 1427 1422 1460 crat
1446 1419 1654 1461 Ezechias.

135 1481 236 1523 Nam
261 1480 337 1522 IX.
365 1482 513 1536 imperii
535 1484 652 1538 patris
677 1483 757 1524 eius
783 1497 882 1524 anno
908 1485 1128 1526 vaticinium
1152 1486 1241 1526 illud
1267 1487 1406 1527 editum
1430 1488 1520 1528 l'uit:
1562 1492 1660 1528 Ecce

137 1554 242 1602 virgo
272 1553 462 1602 concipiet.
525 1553 585 1591 Ac
609 1558 759 1591 mortuo
787 1553 935 1592 demum
959 1554 1143 1605 Aehazo,
1186 1562 1384 1609 postquam
1408 1570 1530 1596 annos
1554 1556 1657 1598 XlV

138 1618 336 1672 regnavit,
369 1633 462 1659 mox
487 1620 672 1678 scriptura
701 1621 846 1674 prodit:
891 1624 944 1660 Ec
969 1626 1142 1673 regnavit
1164 1626 1369 1671 Ezechias,
1412 1633 1563 1678 eratque
1581 1630 1659 1666 A]
1671 1638 1858 1674 4.Reg.1e‚1.

138 1701 316 1726 annorum
338 1702 418 1726 cnm
439 1702 600 1739 regnare
619 1692 807 1740 coepisset.
854 1689 930 1743 Qui
951 1689 1066 1743 igitur
1087 1698 1388 1732 consentaneum
1409 1701 1466 1733 est
1490 1701 1543 1744 ut,
1573 1709 1658 1734 cum

138 1762 322 1809 regnante
353 1755 475 1795 adhuc
505 1756 606 1796 illius
637 1764 767 1810 patre,
811 1759 872 1811 qui
903 1759 1012 1798 annis
1037 1757 1138 1798 XlV
1166 1759 1391 1813 imperavit,
1434 1761 1480 1801 (le
1503 1760 1659 1801 Emma-

138 1823 248 1863 nuele
272 1837 323 1863 cx
345 1823 494 1877 virgine
524 1824 718 1864 nascituro
742 1826 925 1880 propheta
952 1840 1180 1881 responsum
1205 1827 1293 1868 illud
1321 1829 1520 1879 cecinerit,
1554 1829 1658 1870 Eze-

136 1891 258 1932 chiam
286 1890 487 1931 oriundum
515 1905 601 1931 esse
628 1893 885 1946 praedixerit,
919 1894 982 1948 qni
1005 1893 1090 1934 XX
1115 1909 1237 1935 annos
1262 1904 1374 1937 natus
1398 1897 1566 1951 parentis
1588 1897 1658 1937 im-

136 1959 242 2013 perio
265 1959 478 1999 successit?
533 1958 676 1999 Nonne
702 1961 867 2014 prudens
890 1962 1047 2016 quisque
1071 1963 1194 2017 potius
1217 1965 1328 2005 facile
1353 1966 1560 2020 perspiciet
1580 1973 1656 2006 tum

135 2027 239 2067 illum
262 2035 389 2067 natum
412 2027 528 2068 fuisse
551 2042 634 2067 cum
658 2028 709 2068 ita
731 2029 913 2083 propheta
937 2031 1235 2083 vaticinaretur,
1270 2033 1431 2073 Achazo
1452 2041 1654 2087 regnante,

135 2095 196 2149 qui
223 2094 419 2135 Ezechiae
447 2096 550 2149 regis
582 2103 689 2150 pater
720 2097 813 2136 fuit?
855 2100 1082 2152 praesertim
1117 2114 1201 2140 cum
1233 2115 1280 2140 ne
1302 2101 1543 2156 prophetissa
1574 2103 1656 2156 qni-

136 2164 219 2203 dem
243 2163 392 2203 Achazi
414 2165 556 2204 coniux
582 2165 716 2214 fuerit,
750 2166 795 2205 de
817 2180 890 2223 qno
917 2167 1090 2208 dubitare
1116 2182 1227 2208 nemo
1250 2176 1390 2222 potest.
1453 2169 1654 2210 Eiusmodi

135 2245 228 2272 vero
245 2230 372 2271 Maria
393 2232 502 2285 virgo
528 2232 616 2282 l'uit,
651 2246 747 2286 quae
768 2234 934 2274 coeleste
955 2235 1044 2275 illud
1071 2237 1263 2277 oraculum
1288 2238 1468 2292 protulit:
1500 2241 1563 2276 Eoe
1583 2240 1652 2277 lzoe
1669 2245 1740 2272 Luc.
1756 2246 1778 2272 1-
1798 2245 1839 2272 48·

134 2314 231 2339 nune
254 2301 394 2339 beatam
416 2315 470 2339 me
490 2303 611 2339 dicent
631 2316 752 2340 omnes
770 2307 1029 2353 generationes
1051 2313 1185 2343 terrae.
1235 2305 1296 2345 Ad
1323 2320 1432 2359 quam
1455 2306 1655 2360 ingressus

136 2366 295 2408 Gabriel
327 2367 475 2408 felicem
507 2368 604 2408 hunc
637 2369 669 2408 ei
696 2371 866 2410 nuntium
894 2372 1039 2423 attulit,
1083 2374 1164 2412 fore
1192 2380 1231 2413 ut
1255 2373 1293 2413 in
1319 2387 1404 2414 eam
1431 2388 1472 2414 se
1497 2374 1653 2428 spiritus

133 2435 367 2486 insinuaret,
402 2437 464 2490 qui
489 2450 556 2491 per
581 2434 721 2477 Isaiam
745 2438 894 2479 locutus
919 2447 998 2491 est,
1033 2455 1075 2480 ac
1100 2441 1215 2481 filium
1241 2450 1414 2496 pareret,
1461 2443 1652 2482 dominum

134 2511 305 2545 nostrum
330 2503 456 2545 lesuin
479 2502 690 2555 Christum,
719 2506 780 2559 qui
805 2507 849 2547 de
871 2508 1006 2562 spiritu
1027 2517 1178 2561 sancto,
1206 2524 1281 2550 non
1301 2524 1350 2550 ex
1367 2509 1466 2550 virili
1489 2511 1650 2562 semine,

134 2573 356 2627 progenitus
381 2580 462 2623 est,
496 2579 536 2612 ut
557 2581 730 2614 amentes
753 2574 806 2615 illi
830 2589 874 2616 ac
902 2577 1057 2618 fanatici
1082 2592 1150 2632 per
1171 2592 1354 2618 summam
1379 2577 1651 2633 blasphemiam

134 2640 371 2695 praedicant.

244 2707 336 2749 Non
357 2709 481 2749 minus
505 2708 731 2764 ineptissimi
755 2710 917 2753 hominis
942 2713 1089 2755 sabbati
1110 2715 1171 2754 ille
1197 2715 1319 2755 cultus
1342 2729 1385 2755 ac
1407 2716 1648 2760 circumcisio
1707 2724 1782 2765 Cap-

136 2790 300 2831 ususque
330 2777 506 2832 baptismi
537 2777 778 2831 quotidianus
806 2781 1006 2822 refellitur.
1066 2781 1220 2822 Etenim
1249 2783 1284 2823 id
1307 2783 1543 2838 potissimum
1568 2794 1648 2828 stu·
1666 2770 1819 2853 ξέζῖῗ·

136 2843 263 2885 duisse
297 2842 476 2886 Christus
506 2845 678 2896 videtur,
722 2854 761 2886 ut
790 2846 884 2902 ipsis
916 2849 1063 2890 sabbati
1093 2851 1224 2890 diebus
1262 2851 1464 2906 plerosque
1498 2866 1652 2898 curaret
1760 2844 1765 2850 ⁵
1802 2846 1808 2854 ⁴

139 2940 242 2986 αὐτὴν
265 2948 332 2978 cod.
358 2949 448 2980 Vatic.
914 2954 982 2992 tic„
1016 2956 1042 2984 et
1073 2955 1142 2984 inde
1169 2955 1214 2984 ed.
1241 2955 1347 2986 Petav.
1394 2954 1562 2998 γενόμενοι
1585 2960 1649 2990 cod.

184 2990 259 3022 cap,
277 2992 420 3023 XXXII.
438 3012 482 3017 —
503 2994 529 3026 1.
547 2992 708 3036 γινόμενοι
728 2996 793 3029 cod.
811 2998 870 3028 Va·
916 2998 1043 3038 Rhediy.
1067 3002 1093 3030 et
1113 3000 1159 3030 ed.
1176 3001 1275 3038 princ.
