2034 3267
212 2341 278 2371 pag.
297 2333 354 2362 373.

356 188 435 229 678
913 191 1074 225 SANCTI
1097 168 1320 226 EPIPHANII

466 272 504 324 β’
520 271 586 312 καὶ
605 269 655 320 λζ’
680 269 793 323 Σχόλ.
852 269 927 312 Διό
946 271 1064 325 λέγει,
1082 268 1234 325 ’Ἐγειρε
1262 267 1284 311 ὁ
1310 271 1542 324 καθεύδων,
1575 278 1620 304 ⁸⁹
1633 274 1699 316 καὶ
1731 271 1877 315 ἇνάστα

357 341 401 382 ἐκ
430 344 508 379 τῶν
537 343 705 391 νεκρῶν,
735 340 802 380 καὶ
833 337 1040 390 ἐπιφαύσει
1069 352 1130 380 σοι
1160 336 1184 379 ὅ
1208 340 1387 393 Χριστός.

468 405 503 459 β’
524 407 590 447 καὶ
613 404 664 456 λζ’
680 404 825 460 ’Έλεγχ.
888 405 1028 448 Πόθεν
1058 412 1111 463 τῷ
1140 405 1341 463 άποστόλῳ
1367 405 1409 448 τὸ
1438 405 1510 448 And
1542 409 1606 448 καὶ
1639 409 1756 464 λέγει,
1786 407 1879 450 άλλοὶ

357 473 434 516 οἷπὸ
458 479 526 527 τῆς
546 478 714 522 παλαιᾶς
739 476 857 527 δῆλον
879 473 1096 527 διαθήκης,-
1126 479 1241 516 τοῦτο
1264 475 1306 515 δὲ
1330 475 1536 530 ἐμφέρεται
1557 474 1664 530 παρὰ
1686 481 1738 533 τῷ
1759 475 1878 534 Ἠλίᾳ.

357 542 485 585 πόθεν
506 542 548 583 δὲ
574 539 718 595 ὁρμᾶτο
746 539 768 583 ὁ
786 540 938 593 Ἠλίας,·
970 541 1061 584 ἄλλα
1084 541 1138 591 εἷς
1164 537 1214 595 ἧν
1235 547 1313 584 τῶν
1334 547 1572 597 προφητῶν,
1602 547 1679 584 τῶν
1700 543 1797 585 κατά
1817 544 1880 586 νό-

360 627 432 665 μον
465 610 817 662 πεπολιτευμένων,
856 608 934 651 <ind
968 609 1092 663 νόμου
1123 611 1188 652 καὶ
1220 615 1438 665 προφητῶν
1465 608 1700 665 ὁρμώμενος.
1762 613 1814 653 Εἰ
1841 612 1882 653 δὲ

360 681 401 722 ἐν
425 682 580 735 Χριστῷ
608 677 872 732 προεφήτευσε
894 677 957 729 τὸ,
977 677 1130 734 ’Έγειρε
1157 676 1179 720 ὁ
1203 677 1431 730 καθεύδων,
1462 679 1529 721 καὶ
1556 676 1702 719 ἀνάστα
1733 679 1775 720 ἐκ
1804 684 1883 720 τῶν

359 751 527 801 νεκρῶν,
563 747 630 787 καὶ
663 745 868 797 ἐπιφαύσει
903 760 965 788 σοι
998 744 1021 788 ὅ
1050 745 1237 802 Χριστὸς,
1278 742 1355 802 ἆρά
1383 764 1425 802 γε
1458 746 1501 788 τὸ
1530 747 1790 801 πρωτότυπον
1820 745 1884 788 διὰ

360 814 545 869 Λαζάρου
565 815 631 855 καὶ
659 818 735 855 τῶν
758 813 881 855 ἄλλων
903 814 1170 870 ἐπεπλήρωτο·
1202 816 1291 870 περὶ
1322 810 1376 856 ῶν
1408 817 1448 856 οἱ
1478 813 1657 856 9οαύτοῦ
1689 813 1883 868 άμφέβαλ·

361 889 447 934 λον,
479 881 638 937 Μάρθα
671 883 737 923 καὶ
765 885 927 937 Μαρία,
956 884 1153 938 λέγουσαι,
1179 882 1284 936 ’Ήδη
1314 882 1409 934 ὄζει,
1439 881 1662 939 τεταρταῖός
1695 884 1790 924 ἐστι·
1820 883 1887 924 καὶ

362 956 439 993 τῶν
469 955 540 992 τοῦ
571 949 888 1006 άρχισυναγώγου
918 950 1127 1006 λεγόντων,
1159 952 1315 1004 Μηκέτι
1340 950 1513 992 σκύλλετε
1543 950 1611 992 τόν
1641 949 1886 1001 διδάσκαλον,

362 1021 426 1062 καὶ
450 1018 571 1061 αὐτοῦ
593 1021 791 1075 λέγοντος,
823 1019 899 1072 Μὴ
926 1022 1130 1072 φοβεῖσθε,
1161 1017 1207 1061 ού
1232 1018 1304 1074 γάρ
1330 1017 1542 1069 ἀπέθανεν,
1575 1017 1666 1060 ἄλλά
1690 1020 1887 1060 καθεύδει.

365 1092 516 1140 Σαφῶς
550 1086 622 1142 γάρ
657 1089 785 1129 ἔκτοτε
816 1085 858 1128 τὸ
894 1086 1074 1142 κήρυγμα
1105 1085 1230 1129 ἐκάλει
1262 1086 1473 1129 ἀνάστασιν
1511 1085 1576 1128 διά
1607 1090 1780 1142 Χριστοῦ
1811 1088 1888 1128 ἔσε-

365 1164 477 1199 σθαι·
509 1157 576 1197 καὶ
602 1155 643 1197 τό
671 1153 958 1205 ἕξουσιαστικόν
986 1159 1055 1208 τῆς
1086 1153 1275 1208 εὐχερείας
1306 1153 1574 1205 ὑπεδείκνυεν,
1603 1157 1669 1196 ἰ’να
1698 1153 1741 1196 τό
1775 1157 1888 1196 δυνα-

365 1225 432 1267 τὸν
454 1229 524 1266 τοῦ
548 1228 721 1278 Χριστοῦ
741 1221 945 1280 ὑποδείξῃ,
978 1222 1036 1264 ὅτι
1059 1221 1112 1271 ῶς
1138 1227 1190 1279 τῷ
1211 1221 1414 1281 α’νθρώπῳ
1441 1221 1605 1278 εὐχερὲς,
1636 1222 1683 1264 ού
1705 1222 1773 1264 τόν
1793 1221 1888 1265 ἄπο-

366 1293 560 1343 θανόντα,
603 1290 694 1333 ἄλλα
727 1290 795 1332 τόν
829 1290 1078 1332 καθεύδοντα
1117 1289 1182 1331 διά
1216 1295 1352 1344 φωνῆς
1387 1292 1549 1345 ἐγεῖραι,
1590 1290 1715 1340 οὕτως
1741 1293 1889 1348 καὶτῷ

373 1366 526 1418 Χριστῷ
550 1356 599 1414 ἧν
621 1358 848 1412 ἕτοιμότατα
869 1357 910 1401 τὸ
935 1360 1074 1410 εἰπεῖν,
1106 1357 1262 1414 Λάζαρε
1284 1361 1401 1414 δεῦρο
1433 1360 1526 1409 ἔξω,
1557 1360 1623 1400 καὶ
1645 1358 1711 1411 τό,
1743 1360 1889 1412 Κουμὶ,

368 1431 487 1483 κουμὶ
518 1427 680 1479 ταλιθοὲ,
711 1428 907 1469 τουτέστιν
938 1425 1148 1480 Ἀνάστηθι
1181 1425 1207 1480 ἦ
1242 1433 1351 1476 παῖς·
1397 1428 1520 1468 9Ῑκαὶ
1552 1425 1599 1469 δι’
1632 1422 1686 1469 ῶν
1717 1429 1892 1482 ἐναργῶν

369 1497 602 1547 ἀποδείξεων
633 1495 821 1550 ἐσήμανεν
854 1494 876 1537 ὁ
905 1494 1019 1550 λόγος
1052 1494 1122 1548 τὴν
1152 1493 1263 1548 ήμῶν
1295 1500 1449 1549 κτῆσιν,
1483 1493 1559 1537 sirco*
1592 1500 1740 1551 νεκρῶν
1769 1497 1892 1550 ἔργων

370 1568 436 1609 καὶ
460 1566 588 1607 ὕπνου
610 1566 761 1618 βαρέως
785 1563 894 1617 ἡμῶν
917 1568 995 1605 τῶν
1018 1580 1110 1605 ποτε
1131 1562 1411 1605 καθευδόντων
1435 1557 1678 1619 ἆνεγείροντα
1705 1563 1773 1606 τὸν
1801 1568 1893 1619 Χρι-

370 1633 460 1677 στόν
483 1635 550 1676 καὶ
577 1632 641 1674 διά
667 1639 736 1686 τῆς
758 1632 928 1685 κλήσεως
950 1636 1164 1684 φωτίζοντα
1189 1629 1312 1685 ἡμᾶς·
1343 1631 1428 1685 ἥτις
1455 1633 1587 1687 γέγονε
1615 1633 1774 1687 δευτέρα
1798 1631 1895 1685 αὕτη

371 1704 505 1757 σχέσις.
572 1701 623 1743 Τό
657 1702 697 1742 δὲ
724 1702 865 1742 τέλειον
888 1701 953 1742 καὶ
976 1700 1194 1742 καθολικὸν
1227 1698 1570 1755 προςδοκώμενον,
1603 1699 1696 1742 ὅταν
1723 1697 1744 1742 ὁ
1779 1698 1896 1749 αύτὸς

372 1770 395 1813 ὁ
425 1773 563 1826 λέγων,
590 1768 689 1824 Ἐγώ
717 1771 792 1822 εἰμι
820 1767 846 1822 ἦ
875 1767 1102 1819 ἀνάστασις,
1140 1767 1291 1817 πάντας
1320 1769 1461 1825 καλέσῃ
1491 1769 1557 1809 καὶ
1589 1769 1715 1826 ἐγείρῃ
1748 1766 1896 1821 σώματι

373 1841 439 1881 καὶ
463 1843 592 1896 ψυχῇ,
625 1838 690 1879 καὶ
711 1840 862 1895 φωτίσῃ
885 1838 927 1879 έν
950 1841 997 1894 τῇ
1021 1834 1142 1878 αὐτοῦ
1167 1836 1354 1894 μελλούσῃ
1377 1839 1583 1893 παρουσίᾳ.

488 2043 521 2098 γ’
546 2045 611 2085 καὶ
637 2044 693 2096 λη’
716 2041 829 2095 Σχόλ.
886 2040 988 2083 ’Λντὶ
1015 2046 1061 2070 92
1074 2040 1214 2083 τούτου
1240 2043 1462 2093 καταλείψει
1492 2039 1706 2096 ἅνθρωπος
1728 2038 1796 2081 τὸν
1827 2056 1898 2081 πα-

378 2113 467 2167 τέρα
493 2111 614 2153 αύτοῦ
645 2112 710 2152 καὶ
735 2109 805 2163 τήν
831 2111 997 2164 μητέρα,
1027 2110 1094 2151 καὶ
1117 2110 1392 2164 κολληθήσεται
1422 2114 1470 2167 τῇ
1494 2110 1667 2165 γυναικὶ,
1696 2109 1762 2150 καὶ
1794 2109 1899 2150 ἔσον-

377 2199 440 2223 ται
470 2183 510 2223 οἵ
537 2178 608 2221 δύο
640 2181 694 2228 εἰς
723 2177 848 2234 σάρκα
878 2181 987 2232 μίαν,
1018 2177 1124 2231 παρά
1155 2176 1219 2229 τὸ,
1256 2182 1311 2236 Τῇ
1341 2180 1505 2232 γυναικί.
1898 2174 1901 2176 ’

490 2248 522 2304 γ’
548 2249 615 2290 καὶ
638 2247 694 2301 λη’
714 2246 858 2301 ’Έλεγχ.
917 2244 1204 2288 Ἀποδέδεικται
1232 2244 1414 2295 πολλάκις
1439 2245 1492 2299 μὴ
1521 2244 1699 2299 ἀλλότρια
1728 2242 1826 2286 εἶναι
1853 2243 1901 2286 τοὶ

381 2320 422 2361 ἒν
451 2323 505 2375 τῷ
535 2316 643 2375 νόμῳ
671 2322 753 2365 τοῖς
784 2313 861 2357 ἆπὸ
896 2319 967 2356 τοῦ
998 2313 1216 2357 οἷποστόλου
1247 2315 1560 2368 διδασκομένοις,
1597 2311 1670 2355 κόίν
1701 2330 1739 2354 τε
1769 2312 1836 2364 σύ,
1869 2307 1899 2354 ῶ

381 2389 590 2441 Μαρκίων,
621 2384 862 2441 παρακόψῃς
883 2382 925 2424 τό
951 2386 1124 2424 Γυναικί.
1181 2381 1274 2424 'And
1299 2385 1369 2424 τοῦ
1388 2382 1476 2438 γάρ,
1495 2381 1680 2424 ’Έσονται
1703 2383 1757 2431 εἷς
1777 2380 1901 2437 σάρκα

382 2453 618 2509 μίαν,“ύδήλη
650 2454 858 2509 σουζὲσται
885 2449 912 2505 ἦ
941 2455 1046 2492 πᾶσα
1078 2453 1319 2508 ῥᾳδιουργία.

383 2606 485 2640 ΤΗΣ
508 2603 640 2638 ΠΡΟΣ
667 2605 703 2624 ⁹3
719 2600 1031 2636 ΚΟΔΟΣΣΑΕΙΣ
1057 2600 1248 2634 ΟΓΔΟΗΣ
1274 2600 1398 2634 ΠΑΡΑ
1423 2598 1509 2633 ΤΩῙ
1533 2597 1770 2633 ΜΑΡΚΙΩΝΙ
1802 2598 1903 2632 ΚΕΙ-

446 2661 642 2700 ΜΕΝΗΣ,
667 2660 791 2693 ΠΑΡΑ
816 2659 874 2692 ΔΕ
899 2656 985 2691 ΤΩΙ
1010 2656 1296 2690 ΑΠΟΣΤΟΔΩΙ
1320 2656 1550 2690 ΕΒΔΟΜΗΣ
1575 2654 1847 2689 ΚΕΙΜΕΝΗΣ.

498 2739 531 2780 α’
555 2739 621 2781 καὶ
642 2737 703 2780 λθ’
727 2736 839 2791 Σχόλ.
899 2733 974 2788 Μὴ
995 2729 1066 2776 οὖν
1088 2753 1144 2784 τις
1165 2733 1268 2789 ύμᾶς
1286 2735 1447 2790 κρινέτω
1472 2735 1512 2776 ἒν
1534 2732 1690 2790 βρώσει,
1721 2731 1747 2785 ἢ
1770 2733 1811 2774 έν
1834 2731 1904 2774 πό-

430 2888 483 2921 89.
509 2891 606 2921 Verba
633 2887 690 2922 καὶ
710 2884 836 2921 ἀνάστα
859 2884 897 2920 ἐκ
915 2885 979 2919 τῶν
999 2884 1122 2926 νεκρῶν
1212 2883 1265 2917 91.
1290 2883 1358 2924 καὶ,
1381 2886 1419 2916 ab
1429 2885 1568 2915 omnibus
1587 2885 1670 2915 libris
1688 2885 1829 2922 tutatum,
1848 2892 1906 2914 un-

387 2937 600 2967 desiderantur
622 2944 727 2974 supra.
1167 2932 1243 2962 cinis
1262 2932 1378 2963 notavit
1398 2931 1552 2962 Pelauius.
1598 2930 1664 2960 Non
1693 2930 1838 2959 intellexit
1860 2929 1906 2959 vi-

422 2981 485 3058 '9⁰1‘
512 2982 639 3012 Restitui
662 2976 772 3013 αὐτοῦ.
821 2979 916 3018 Vulyo
936 2979 1015 3008 enim
1042 2978 1124 3008 extat
1169 2977 1274 3008 delicet
1302 2977 1512 3007 attractionem
1536 2976 1568 3006 in
1580 2974 1678 3006 verbis
1697 2968 1739 3007 δι’
1755 2966 1799 3007 ῶν
1816 2971 1906 3015 ἐναρ-

390 3036 468 3059 αυτο
487 3051 493 3059 .
