2034 3267
467 120 641 152 PANAeu
668 121 747 152 ΜΒ.
770 122 793 153 1.
819 122 925 154 ΤοΜ.
946 123 984 154 n.
1009 122 1318 155 HAER.XXX111.
1574 117 1652 157 403

128 198 313 238 bricatum
346 206 548 249 asserunt,
594 209 631 239 et
659 201 821 240 eundem
845 201 1081 241 conditorem
1109 216 1152 242 ac
1176 209 1321 256 patrem
1350 215 1436 243 esse
1462 201 1650 243 dictitant.

130 264 273 306 Verum
301 265 350 305 illi
367 297 376 315 ,
419 265 482 320 qui
505 266 690 307 eiusmodi
714 268 891 322 dogmata
916 269 986 308 sibi
1013 269 1175 310 invicem
1199 270 1554 321 communicarunt,
1588 284 1654 311 ve-

129 333 328 373 liementer
354 333 572 373 hallucinati
598 343 709 385 sunt,
752 343 790 375 et
814 336 859 375 ab
886 349 931 375 eo
957 350 1067 389 quem
1093 337 1163 377 sibi
1192 347 1494 392 proposuerant,
1537 352 1654 393 scopo

130 401 304 441 veritatis
326 401 570 442 aberrarunt.
626 401 726 442 Nam
750 416 819 443 nee
840 417 859 442 a
883 404 1055 457 perfecto
1075 405 1145 444 deo
1168 419 1211 444 ac
1233 413 1338 459 patre
1361 406 1530 446 stabilita
1547 405 1655 446 vide-

130 477 213 519 tur,
248 476 376 523 utpote
403 470 527 510 minus
557 471 749 524 perfecta,
784 478 822 509 et
844 471 889 509 ad
914 470 970 510 sui
996 471 1274 511 absolutionem
1301 473 1407 527 plura
1431 474 1655 514 desiderans

129 551 173 577 ac
198 538 374 577 mandata
399 539 581 591 quaedam
604 538 821 586 continens,
855 551 951 590 quae
973 538 1031 577 dei
1053 545 1188 578 natura
1211 554 1255 578 ac
1278 541 1432 581 decreto
1456 549 1545 582 sunt
1564 542 1656 582 alie-

129 618 192 644 na.
255 603 394 658 Neque
416 619 511 645 vero
534 605 745 645 adversarii
768 604 1001 658 improbitati
1026 605 1226 646 tribuenda
1247 607 1314 646 lex
1334 615 1407 658 est,
1441 609 1549 650 cuius
1569 624 1656 664 pro-

129 671 250 726 prium
277 673 327 712 sit
351 673 479 726 inique
504 674 654 722 facere,
699 672 837 725 quique
863 672 915 712 ita
937 679 1131 723 statuunt,
1175 688 1271 727 quae
1296 689 1315 713 a
1339 675 1534 716 salvatore
1556 677 1656 717 dicta

129 747 219 780 sunt
250 754 486 794 nequaquam
518 739 842 779 animadvertunt.
904 738 962 780 lta
993 742 1092 780 enim
1124 740 1188 781 ille
1218 742 1499 796 pronuntiavit,
1543 748 1654 784 Stare
1672 750 1780 812 {¹2³3}

129 811 272 846 domum
301 810 359 846 vel
384 811 565 846 civitatem
588 822 659 846 non
679 822 810 857 posse,
853 823 946 859 quae
969 812 1005 847 z'n
1029 812 1185 860 seipsam
1207 813 1324 849 divim
1349 814 1410 849 sit.
1474 810 1653 853 Praeter·
1713 806 1720 819 ’
1739 804 1753 811 ’
1774 803 1780 810 ³

128 890 172 916 ea
205 876 382 916 mundum
415 890 436 914 a
466 889 507 915 se
540 874 765 914 fabricatum
796 875 958 925 asserit,
1003 880 1194 929 omniaque
1212 893 1284 929 per
1309 882 1425 929 ipsum
1439 881 1570 932 sueta,
1617 885 1810 921 etloann-l,
1829 888 1854 914 3·

126 947 205 983 sine
227 948 304 995 ipso
324 945 421 982 nz'ln'l
436 944 684 995 essefactzmz.
733 941 883 995 Quibus
905 943 1034 983 verbis
1055 945 1251 998 apostolus
1274 946 1653 988 mendacissimorum

132 1012 324 1051 hominum
345 1009 498 1050 minime
518 1010 678 1049 solidam
698 1011 924 1064 sapientiam
945 1011 1101 1062 refellit,
1135 1027 1207 1052 nec
1229 1013 1411 1067 pestifero
1429 1014 1540 1054 alicui
1564 1016 1651 1066 deo,

126 1080 192 1119 sed
219 1080 346 1128 iusto,
380 1084 418 1117 et
446 1077 698 1130 improbitatis
723 1079 846 1119 omnis
873 1079 1027 1119 inimico
1054 1079 1203 1120 illarum
1233 1095 1358 1121 rerum
1386 1083 1653 1123 auctoritatem

128 1145 316 1187 concedit.
380 1143 458 1184 Sed
484 1146 778 1186 temerariorum
804 1146 997 1187 hominum
1022 1147 1084 1187 illa
1109 1148 1247 1188 iudicia
1271 1157 1381 1200 sunt,
1415 1164 1539 1204 neque
1562 1165 1654 1191 con-

127 1213 260 1254 ditoris
284 1213 549 1267 providentiae
571 1227 730 1254 (tanssas
754 1214 1075 1268 intelligentium,
1109 1217 1248 1270 quique
1273 1231 1348 1257 non
1373 1218 1487 1258 animi
1511 1219 1657 1271 solum,

127 1282 192 1323 sed
222 1281 336 1321 etiam
369 1282 543 1336 corporis
577 1281 697 1322 oculis
728 1282 934 1322 videantur
963 1297 1049 1324 esse
1082 1285 1197 1339 capti.
1261 1283 1510 1340 Quantopere
1539 1287 1656 1340 igitur

125 1349 175 1388 illi
208 1363 230 1388 a
252 1349 415 1389 veritate
444 1349 656 1389 dissideant
688 1363 737 1389 ex
772 1350 819 1390 iis
843 1364 939 1403 quae
965 1352 1066 1392 dieta
1091 1360 1180 1392 sunt
1204 1353 1354 1393 abunde
1378 1361 1486 1408 potes
1510 1369 1653 1408 cogno-

122 1430 247 1457 scere.
310 1415 388 1457 Sed
420 1424 603 1471 utrosque
632 1417 822 1472 proprium
847 1419 1021 1472 quiddam
1051 1435 1095 1460 ac
1122 1421 1312 1474 peculiare
1339 1422 1385 1461 ad
1408 1422 1460 1462 ita
1482 1423 1653 1463 sentien-

123 1485 208 1525 dum
228 1485 395 1526 induxit.
436 1485 548 1525 Alios
569 1486 736 1539 quidem,
759 1487 856 1540 quod
876 1494 1070 1527 auctorem
1093 1487 1262 1528 iustitiae
1281 1489 1391 1529 deum
1407 1489 1648 1543 ignorarent,

122 1553 218 1593 alios
245 1554 344 1607 quod
369 1553 638 1594 universorum
663 1561 858 1608 parentem
885 1568 1076 1610 peraeque
1102 1556 1320 1606 nescirent,
1365 1571 1475 1611 quem
1503 1559 1566 1600 ille
1588 1573 1649 1600 so-

121 1620 180 1662 lus
204 1621 415 1662 adveniens
443 1621 503 1675 qui
532 1622 637 1662 solus
663 1628 775 1662 norat
798 1623 961 1676 aperuit.
1021 1622 1147 1664 Nobis
1171 1639 1265 1665 vero
1291 1625 1425 1678 quibus
1447 1634 1649 1681 utrumque

123 1689 181 1729 dei
206 1688 393 1729 beneficio
419 1690 612 1743 cognitum
640 1697 721 1740 est,
763 1689 948 1744 reliquum
976 1691 1064 1731 illud
1094 1699 1175 1743 est,
1221 1699 1261 1732 ut
1285 1694 1329 1733 de
1353 1693 1438 1746 lege
1463 1695 1559 1734 certi
1582 1695 1650 1735 ali-

120 1757 208 1811 quid
231 1757 500 1812 exploratique
522 1758 743 1808 doceamus,
777 1758 990 1798 cuiusmodi
1009 1759 1189 1800 videlicet
1210 1760 1272 1800 illa
1296 1761 1360 1811 sit,
1390 1768 1428 1801 et
1445 1776 1466 1802 a
1484 1777 1648 1816 quonam

121 1825 345 1879 legislatore
368 1826 539 1866 sancita:
580 1825 633 1865 ita
659 1832 785 1866 tamen
811 1833 850 1865 ut
872 1827 1046 1880 quicquid
1073 1842 1093 1867 a
1118 1828 1228 1868 nobis
1250 1829 1405 1869 allatum
1429 1830 1568 1882 fuerit,
1614 1831 1650 1871 id

118 1907 193 1933 non
223 1893 375 1934 aliunde
400 1908 511 1947 quam
535 1907 586 1933 ex
609 1893 702 1947 ipsis
725 1894 929 1934 salvatoris
952 1895 1082 1935 verbis
1107 1896 1302 1950 probetur.
1367 1896 1438 1938 His
1462 1897 1562 1938 enim
1587 1912 1650 1939 so-

117 1961 163 2001 lis
189 1961 294 2002 velut
317 1961 468 2001 itineris
498 1960 656 2001 ducibus
683 1960 861 2002 adhibitis
891 1963 1095 2004 adrerum
1120 1964 1380 2018 cognitionem
1405 1965 1488 2007 sine
1515 1980 1648 2008 errore

125 2028 384 2083 perducimur.

229 2095 408 2151 Inprimis
432 2097 549 2151 igitur
571 2098 766 2137 sciendum
792 2105 850 2138 est
870 2098 1090 2139 universam
1114 2100 1214 2140 illam
1235 2101 1383 2155 legem,
1418 2116 1514 2156 quae
1538 2103 1646 2157 quin·
1673 2111 1750 2155 Cap.
1773 2114 1826 2146 lv.

120 2178 192 2218 qne
214 2163 341 2205 Mosis
366 2165 626 2205 voluminibus
649 2166 887 2216 continetur,
932 2182 1006 2207 uon
1033 2168 1079 2207 ab
1103 2182 1177 2208 uno
1204 2183 1291 2209 esse
1312 2169 1534 2224 legislatore
1559 2186 1647 2226 pro-

120 2233 275 2283 fectam,
309 2232 392 2274 solo
417 2232 597 2272 videlicet
619 2233 706 2283 deo,
739 2234 806 2273 sed
829 2234 988 2274 admista
1012 2236 1195 2289 quaedam
1217 2236 1409 2277 bominum
1432 2252 1519 2278 esse
1541 2253 1646 2279 man-

120 2301 221 2351 data,
256 2307 310 2351 ut,
345 2301 663 2354 quemadmodum
685 2301 858 2342 salvator
874 2302 956 2357 ipse
978 2303 1121 2355 docuit,
1158 2305 1344 2345 trifariam
1366 2305 1432 2346 lex
1454 2306 1503 2346 sit
1521 2308 1645 2347 omnis

116 2368 331 2409 distributa.
395 2367 595 2422 Quaedam
623 2369 723 2409 enim
748 2370 793 2410 ad
818 2370 940 2424 ipsum
966 2371 1076 2412 deum
1102 2372 1260 2426 eiusque
1282 2374 1502 2414 sanctiones
1529 2375 1645 2429 perti-

120 2516 235 2547 Gnost.
261 2517 410 2558 Systeme
432 2525 506 2556 paq.
529 2514 601 2547 162).
648 2518 709 2548 Pro
733 2516 858 2559 αἱροῦν-
952 2518 1002 2551 Is).
1026 2517 1067 2552 τὰ
1089 2521 1155 2552 τῶν
1179 2529 1247 2551 mea
1269 2524 1312 2552 est
1332 2523 1515 2553 coniectura.
1561 2523 1647 2554 Libri

119 2572 175 2599 τος
196 2563 229 2592 in
253 2563 341 2592 editis
364 2565 446 2592 extat
473 2560 647 2613 αἰρςῦντος.
904 2565 1014 2596 habent
1034 2576 1070 2597 τε
1092 2565 1165 2607 τῆς.
1212 2567 1358 2596 Petamus
1378 2563 1535 2607 γνώσεως
1557 2571 1645 2606 putat

164 2607 281 2638 11.11a
296 2608 439 2645 rescripsi
454 2608 513 2637 mei
529 2608 643 2645 inqenii
656 2609 790 2645 periculo
802 2617 859 2647 pro
905 2610 1014 2640 deesse.
1053 2611 1219 2641 Cornarius
1237 2613 1342 2642 vertit:
1362 2612 1516 2653 Superest
1534 2611 1644 2654 itaque

117 2660 150 2683 eo
173 2652 254 2691 quod
277 2653 346 2682 libri
369 2652 478 2682 habent
500 2651 565 2683 τῶν
588 2662 625 2684 τε
650 2649 728 2692 ἑξῆς
751 2651 793 2684 τί.
904 2654 996 2685 nobis
1018 2666 1154 2697 quorum
1176 2655 1342 2686 amborum
1363 2666 1506 2687 eriorem
1528 2657 1642 2700 cogni-

164 2697 377 2736 12.1n1e11e9e
397 2691 456 2729 ἅτε
477 2695 589 2738 λέγων.
626 2698 773 2728 Petavius
792 2707 857 2729 cor·
903 2705 972 2730 tum
995 2699 1170 2739 habemus,
1199 2711 1362 2743 exponere
1385 2700 1444 2732 tibi
1469 2713 1506 2734 ac
1530 2701 1644 2735 decla-

115 2742 187 2781 riyit
209 2738 251 2774 τά
272 2751 318 2774 τε
902 2755 973 2776 rare
997 2749 1064 2776 cett

162 2786 210 2819 13.
233 2785 397 2828 γεγονέναι
421 2788 578 2818 emendari
601 2789 665 2818 vult
691 2789 832 2820 Grabius.
946 2790 1022 2820 CAP.
1043 2791 1095 2823 tV.
1120 2808 1164 2813 —-
1189 2792 1215 2822 1.
1239 2788 1342 2824 αυτοῦ
1364 2794 1486 2831 reposui
1506 2802 1563 2832 pro
1583 2788 1642 2826 αὖ·

162 2830 212 2863 14.
235 2842 407 2863 removens
431 2835 519 2864 vertit
545 2834 721 2865 Cornarius.
900 2834 964 2867 τῶ)
984 2837 1065 2875 quod
1084 2837 1174 2876 vulgo
1193 2839 1284 2867 extat.
1317 2838 1421 2869 Posset
1439 2839 1531 2869 etiam
1548 2834 1611 2871 α3τ

161 2876 211 2907 15.
234 2877 282 2908 lta
305 2879 435 2909 correxit
458 2879 565 2909 Petav.
598 2887 635 2909 ex
667 2879 733 2909 cod.
759 2879 854 2910 Vatic.
901 2882 949 2912 vel
974 2879 1006 2914 ἐν
1031 2876 1133 2924 αυτῷ

116 2912 204 2953 οὗτοι
228 2923 297 2953 edit.
319 2924 419 2962 princ.

1279 2983 1371 3026 26*
