2034 3267
219 303 285 330 pag.
304 294 346 320 77.

204 2449 290 2490 Κεφ.
311 2444 354 2489 γ’.

240 2511 306 2538 pag.
319 2502 361 2528 τε.

368 134 444 173 160
916 132 1075 164 SANCTI
1098 132 1320 164 EPIPHANII

364 216 494 269 νότητι
515 214 556 255 δὲ
575 211 807 265 φερομένην,
829 207 1083 261 έζηλοτύπησε
1102 205 1259 259 ταύτην,
1280 209 1347 248 καὶ
1364 208 1461 250 κατά
1479 208 1549 263 τήν
1571 210 1672 251 ἰδίαν
1688 207 1884 263 ἆσέλγειαν

365 282 455 331 τούς
478 281 614 327 ἄλλους
637 276 735 319 εἶναι
757 278 921 329 νομίσας
941 273 988 315 τά
1012 279 1147 328 πρῶτα
1170 273 1238 326 μὲν
1259 275 1505 327 ἐμπαροινῶν
1527 279 1580 326 εἰς
1601 276 1671 330 τήν
1697 278 1798 317 ἰδίαν
1819 292 1885 330 γα-

365 348 479 404 μετήν
501 347 668 395 διετέλει,
704 345 800 384 3καὶ
823 341 1007 395 διαβολάς
1025 359 1133 390 τινας
1155 339 1254 398 αὐτῇ
1275 343 1472 395 ἐπιφέρων
1489 344 1553 385 διὰ
1571 344 1706 400 λόγων.
1771 343 1822 384 Τό
1844 343 1885 383 δὲ

364 418 482 469 πέρας
505 411 644 454 ἑαυτὸν
665 412 903 453 κατέσπασεν
926 408 974 451 οὕ
995 408 1116 462 μόνον
1137 410 1190 456 εἰς
1211 408 1279 461 τήν
1297 413 1431 463 χρῆσιν
1452 415 1521 462 τῆς
1539 411 1682 462 σαρκὸς
1699 409 1770 463 τὴν
1788 408 1885 451 κατὰ

364 482 483 535 φύσιν
513 484 591 521 τῶν
614 477 842 533 ἀνθρώπων
856 511 866 528 ,
909 475 1002 518 ἄλλά
1025 478 1089 517 καὶ
1115 478 1168 524 εἰς
1190 475 1421 529 βλάσφημον
1440 475 1628 520 ὑπόνοιαν
1649 480 1716 520 καὶ
1738 476 1887 531 βλάβην

363 550 627 604 κακοτροπίας
655 548 722 588 καὶ
753 544 937 598 4πλάνην
965 542 1249 599 παρειςδύσεως
1281 548 1501 600 5πονηρᾶς.

479 685 559 725 Καὶ
590 684 770 725 ἐντεῦθεν
801 679 983 735 ἄρχονται
1012 681 1053 721 οἷ
1078 685 1147 732 τῆς
1175 679 1440 732 ψευδωνύμου
1470 679 1648 734 γνώσεως
1675 685 1805 729 κακῶς
1833 683 1887 736 τῷ

365 751 500 809 κόσμῳ
525 749 777 802 ἐπιφύεσθαι.
836 749 937 801 φημὶ
963 748 1003 788 δὲ
1028 748 1262 798 Γνωστικοὶ,
1300 749 1365 789 καὶ
1395 749 1646 799 Φιβιωνῖται,
1675 749 1741 788 καὶ
1764 750 1804 789 οἷ
1819 747 1889 788 τοῦ

365 819 610 872 Ἐπιφανοῦς
641 816 895 869 καλούμενοι,
937 818 1218 870 Στρατιωτικοί
1253 831 1293 856 τε
1330 816 1396 855 καὶ
1428 815 1650 865 Λευιτικοὶ,
1690 816 1756 855 καὶ
1787 813 1889 856 ἄλλοι

369 891 537 935 πλείους.
584 885 778 933 ΓΈκαστος
799 883 871 939 γάρ
895 882 1042 924 τούτων
1062 882 1131 936 τὴν
1151 884 1291 923 ἑαυτοῦ
1313 884 1458 937 αἵρεσιν
1479 888 1560 930 τοῖς
1578 881 1748 923 πάθεσιν
1769 880 1890 922 αὐτοῦ

369 954 638 1007 ἐπισπώμενος
669 956 811 1007 μυρίας
846 949 966 999 όδοῦς
999 949 1181 1003 ἐπενόησε
1213 952 1361 998 κακίας.
1425 950 1534 997 Τινὲς
1562 949 1630 1002 μὲν
1661 949 1733 1005 γάρ
1764 948 1891 991 αὐτῶν

973 1017 992 1031 U
1044 1016 1063 1031 Π

371 1020 562 1076 Βαρβηλώ
583 1040 667 1063 τινα
689 1023 936 1070 δοξάζουσιν,
966 1035 1015 1071 ην
1039 1036 1118 1059 ανω
1142 1016 1365 1069 φάσκουσιν
1388 1014 1486 1058 εἶναι
1508 1018 1548 1058 ἐν
1569 1015 1696 1074 ὀγδόῳ
1719 1015 1891 1073 οὐρανῷ·

374 1097 387 1120 ¹
403 1090 546 1143 ταύτην
571 1089 613 1130 δὲ
636 1087 713 1129 άπὸ
739 1093 809 1128 τοῦ
832 1085 977 1141 πατρὸς
1001 1087 1295 1139 προβεβλῆσθαί
1320 1089 1457 1136 2φασι.
1517 1085 1685 1139 Μητέρα
1711 1085 1752 1126 δὲ
1772 1083 1894 1136 αὐτὴν

371 1157 469 1200 εἶναι
491 1157 616 1210 οἱμὲν
637 1161 707 1197 τοῦ
729 1153 974 1207 Ἰαλδαβαῶθ
989 1155 1180 1207 λέγουσιν,
1211 1155 1250 1194 οἵ
1270 1152 1310 1193 δὲ
1332 1156 1401 1193 τοῦ
1425 1150 1621 1204 Σαβαώθ·
1652 1150 1720 1193 τὸν
1743 1152 1784 1193 δὲ
1807 1150 1895 1193 υἷὸν

371 1225 512 1278 ταύτης
529 1224 803 1279 κεκρατηκέναι
826 1226 895 1262 τοῦ
914 1220 1086 1273 ἑβδόμου
1107 1218 1278 1272 οὐρανοῦ
1301 1220 1341 1259 ἐν
1362 1218 1502 1272 θράσει
1521 1220 1595 1260 τινὶ
1614 1220 1680 1260 καὶ
1700 1221 1740 1260 ἐν
1759 1236 1893 1273 τυραν-

371 1296 461 1335 νίδι.
519 1294 636 1346 Λέγει
658 1291 699 1331 δὲ
723 1295 805 1337 τοῖς
824 1286 1009 1329 ὑποκάτω
1032 1286 1110 1335 ὅτι,
1147 1284 1246 1340 Ἐγώ
1271 1287 1366 1338 εἰμι,
1397 1287 1539 1337 φησὶν,
1569 1285 1592 1327 ὁ
1615 1291 1786 1341 πρῶτος,
1826 1287 1895 1327 καὶ

373 1360 395 1403 ὁ
421 1359 514 1413 μετα
536 1364 677 1408 ταῦτα,
708 1358 774 1398 καὶ
798 1354 898 1407 πλὴν
921 1356 1016 1406 ἐμοῦ
1042 1351 1115 1394 οὐκ
1136 1354 1236 1394 ἔστιν
1258 1354 1385 1408 ἕτερος
1404 1352 1510 1400 θεός.
1575 1351 1718 1406 Τήνλδὲ
1740 1356 1894 1409 Βαρβη-

371 1427 422 1469 λῶ
449 1425 659 1479 άκηκοέναι
683 1422 748 1466 τόν
768 1422 883 1478 λόγον
905 1426 1065 1471 τοῦτον,
1106 1422 1170 1462 καὶ
1191 1425 1363 1461 κλαῦσαι.
1429 1419 1580 1472 Ταύτην
1609 1421 1649 1461 δὲ
1678 1419 1737 1462 ἀεὶ
1762 1424 1894 1473 φαίνε-

373 1501 468 1536 σθαι
489 1500 571 1542 τοῖς
595 1491 778 1546 ἄρχουσιν
802 1492 843 1532 ἐν
864 1488 1059 1545 εὐμορφίᾳ
1080 1489 1168 1538 τινὶ,
1199 1489 1263 1529 καὶ
1286 1486 1485 1529 άποσυλᾶν
1506 1485 1548 1528 τό
1574 1488 1612 1536 ἐξ
1631 1486 1759 1530 αὐτῶν
1779 1490 1894 1543 σπέρ-

374 1581 426 1617 μα
447 1560 495 1603 δι’
513 1560 659 1615 ἡδονῆς
680 1559 746 1600 καὶ
766 1557 966 1611 ἐκχύσεως,
988 1559 1054 1598 ἰ’να
1072 1558 1196 1609 δῆθεν
1217 1555 1287 1609 τὴν
1313 1553 1457 1608 3αὕτῆς
1476 1553 1640 1608 δύναμιν
1657 1554 1726 1608 τήν
1743 1557 1797 1604 εἰς
1815 1559 1897 1597 δια-

375 1630 528 1684 φόρους
545 1633 755 1682 σπαρεῖσαν
771 1621 891 1673 αὗθις
909 1624 1023 1666 πάλιν
1042 1622 1266 1681 ἄνακομίζῃ.
1305 1625 1382 1664 Καὶ
1402 1622 1526 1670 οὕτως
1546 1624 1587 1663 ἐκ
1606 1622 1786 1676 τοιαύτης
1802 1621 1897 1665 ’ὕπο-

373 1699 523 1746 θέσεως
551 1695 592 1738 τὸ
623 1700 692 1748 τῆς
716 1693 837 1735 αὐτοῦ
858 1695 1124 1747 αἰσχρολογίας
1146 1690 1389 1746 4μυστήριον
1409 1695 1462 1746 τῷ
1486 1688 1618 1746 κόσμῳ
1639 1688 1896 1745 ὖπειςήνεγκε.

378 1768 456 1806 Καί
480 1781 600 1814 τινες,
641 1761 693 1811 ῶς
715 1764 833 1814 ἔφην,
873 1765 949 1802 τῶν
967 1760 1258 1815 προειρημένων
1279 1758 1343 1800 δια
1363 1762 1506 1810 πολλῆς
1526 1761 1833 1811 κακομηχανίας,
1873 1758 1899 1799 ἃ

378 1832 430 1886 μὴ
454 1834 571 1885 θέμις
604 1832 754 1885 5λέγειν
781 1833 885 1879 πῶς,
930 1830 970 1870 ἐν
998 1830 1204 1884 πολυμιξίᾳ
1234 1831 1427 1882 γυναικῶν
1454 1827 1519 1866 καὶ
1547 1827 1587 1866 ἐν
1618 1827 1899 1879 αἰσχροποιΐαις

377 1899 601 1953 ἀνηκέστοις
622 1897 934 1951 ἀναστρέφεσθαι
954 1897 1149 1945 ἐδίδαξαν·
1190 1893 1243 1943 οἷς
1264 1897 1330 1936 καί
1352 1911 1431 1935 που
1455 1891 1477 1935 ὁ
1501 1891 1712 1947 άγιώτατος
1733 1892 1898 1936 ἆπόστο-

377 1967 443 2016 λός
467 1981 584 2019 φησι,
630 1965 686 2006 Τά
708 1963 780 2020 γάρ
808 1968 942 2021 κρυφῇ
964 1963 1144 2017 γινόμενα
1168 1960 1233 2003 ὑπ’
1254 1960 1382 2003 αὐτῶν
1403 1960 1559 2014 αἰσχρόν
1582 1962 1660 2002 ἐστι
1681 1962 1747 2002 καὶ
1765 1962 1898 2015 λέγειν.

384 2040 447 2091 Τῷ
470 2035 510 2075 δὲ
530 2034 751 2090 βουλομένῳ
770 2031 838 2084 τὴν
857 2031 1059 2072 ἀντίθετον
1078 2033 1173 2071 ἰδεῖν
1193 2032 1234 2072 ἐκ
1253 2028 1470 2082 πνεύματος
1488 2026 1600 2083 άγίου
1619 2030 1706 2081 περὶ
1726 2033 1793 2081 τῆς
1810 2027 1898 2069 τοτ’-

378 2121 447 2144 του
471 2104 651 2156 αἱρέσεως
670 2097 893 2153 ἀνατροπὴν
913 2099 1035 2139 ἰστέον
1056 2099 1157 2139 ἐστὶν
1179 2096 1255 2139 άπὸ
1277 2102 1347 2150 τῆς
1365 2100 1435 2138 τοῦ
1456 2094 1566 2151 άγίου
1586 2093 1769 2137 Ἰωάννου
1788 2094 1900 2137 Ἀπο-

379 2169 608 2223 καλύψεως,
639 2168 683 2217 ὃς
707 2167 870 2223 γράφων
894 2170 961 2222 μιᾷ
982 2170 1058 2206 τῶν
1083 2168 1292 2219 ἐκκλησιῶν
1316 2167 1358 2207 ἐκ
1382 2163 1591 2218 προςώπου
1619 2166 1783 2217 κυρίου,
1812 2181 1900 2204 του-

379 2239 480 2279 τέστι
502 2242 555 2295 τῷ
579 2235 780 2292 ἐπισκόπῳ
803 2239 856 2291 τῷ
879 2236 1000 2275 ἐκεῖσε
1020 2235 1318 2284 κατασταθέντι,
1349 2231 1420 2274 σὺν
1439 2236 1485 2289 τῇ
1509 2229 1670 2282 δυνάμει
1692 2235 1762 2271 τοῦ
1786 2228 1900 2285 άγίου

383 2306 542 2360 αγγέλου
563 2309 631 2346 τοῦ
651 2304 715 2346 ἐπὶ
736 2307 806 2344 τοῦ
831 2303 1134 2355 θυσιαστηρίου,
1165 2302 1307 2354 φησὶν,
1326 2299 1453 2353 ’Ἐχεις
1474 2299 1516 2340 δέ
1534 2315 1568 2339 τι
1590 2296 1727 2349 καλὸν,
1758 2297 1816 2339 ὅτι
1841 2317 1901 2351 μι-

381 2379 460 2421 σεῖς
488 2371 534 2413 τοὶ
565 2374 656 2426 ἔργα
685 2375 763 2412 τῶν
795 2373 1058 2418 Νικολαϊτῶν,
1089 2368 1113 2409 ἃ
1143 2370 1208 2409 καὶ
1241 2367 1315 2423 ἐγώ
1345 2371 1455 2421 μισῶ.

496 2445 508 2468 ¹
522 2437 748 2493 Προύνικόν
768 2454 807 2478 τε
829 2442 849 2465 2
862 2435 964 2478 ἄλλοι
982 2440 1163 2488 τιμῶντες
1180 2434 1264 2477 τινα
1287 2433 1338 2484 ῶς
1358 2436 1424 2476 καὶ
1445 2429 1552 2476 οὗτοι
1571 2434 1769 2486 μυθωδῶς
1786 2432 1900 2474 πάλιν

383 2510 436 2557 εἰς
459 2506 603 2560 ταύτην
627 2505 697 2559 τὴν
721 2503 911 2546 ὑπόνοιαν
932 2509 1002 2556 τῆς
1024 2505 1293 2558 αἰσχρουργίας
1315 2501 1362 2544 τά
1387 2504 1533 2543 ἑαυτῶν
1554 2499 1666 2553 πάθη
1691 2501 1901 2541 ἐπιτελοῦν-

382 2577 443 2624 τές
474 2589 569 2627 φασι
598 2579 665 2627 τῆς
693 2575 920 2627 Προυνίκου
949 2570 1019 2624 τήν
1050 2570 1214 2623 δύναμιν
1243 2572 1466 2625 συλλέγομεν
1493 2567 1570 2611 vind
1597 2573 1674 2609 τῶν
1698 2567 1898 2620 σωμάτων,

384 2642 448 2684 διά
477 2659 517 2683 τε
545 2646 623 2683 τῶν
647 2644 837 2695 ῥευστῶν,
878 2640 979 2692 φημὶ
1002 2638 1042 2679 δὲ
1066 2644 1184 2693 γονῆς
1206 2640 1269 2680 καὶ
1291 2640 1558 2691 καταμηνίων,
1599 2637 1686 2690 περὶ
1710 2630 1764 2676 ῶν
1786 2633 1899 2692 ὀλίγῳ

429 2744 460 2777 3.
484 2745 562 2786 καὶ,
591 2747 672 2785 quod
695 2745 887 2776 desideratur
910 2745 941 2774 in
961 2744 1007 2774 ed.
1022 2744 1122 2781 princ.
1214 2744 1243 2774 5.
1262 2742 1406 2784 πονηρᾶς
1424 2742 1489 2773 cod.
1505 2742 1599 2771 Vatic.
1611 2742 1637 2770 et
1649 2741 1695 2771 ed.
1706 2741 1811 2770 Petav.
1843 2749 1899 2771 πο-

386 2794 412 2822 et
433 2792 499 2821 cod.
522 2792 647 2829 Rhediy.
660 2814 669 2829 ,
693 2800 713 2821 α
734 2791 861 2821 Petavio
881 2797 918 2819 ex
939 2788 1004 2819 cod.
1027 2788 1124 2819 Vatic.
1168 2787 1282 2829 νηρίας
1304 2789 1372 2819 cod.
1394 2787 1519 2825 Rhediy.
1542 2788 1568 2815 el
1591 2785 1659 2815 edit.
1679 2786 1777 2823 princ.

385 2839 426 2867 esc
449 2837 628 2865 resrilntum.
1217 2833 1292 2863 CAP.
1317 2833 1357 2863 11.
1388 2850 1430 2855 —-
1466 2831 1494 2861 1.
1519 2828 1575 2861 καὶ
1597 2828 1719 2870 ταύτην
1743 2825 1808 2862 ἀπὸ
1833 2830 1898 2860 cod.

431 2880 461 2911 4.
480 2877 604 2920 πλάνην
623 2881 690 2910 cod.
703 2881 799 2910 Valic.
812 2882 838 2909 et
849 2879 896 2910 ed.
909 2879 1013 2910 Petav.
1041 2876 1122 2910 πλά-
1171 2879 1266 2908 Vatic.

386 2935 444 2966 νης
467 2925 532 2956 cod.
553 2925 680 2963 Rhecliy.
703 2928 729 2955 et
749 2925 818 2956 edil.
836 2925 934 2963 princ.
1212 2922 1243 2956 2.
1267 2921 1352 2965 φασὶ
1376 2922 1440 2954 cod.
1459 2921 1553 2952 Varie.
1567 2922 1594 2951 et
1608 2920 1654 2950 ed.
1667 2921 1773 2951 Petav.
1814 2916 1901 2961 φησὶ
