2034 3267
204 798 269 825 pag.
287 790 344 818 321.

369 151 447 192 586
927 155 1086 189 SANCTI
1110 156 1336 189 EPIPHANH

367 253 435 288 μεν
458 235 524 277 τόν
547 234 736 288 Χριστὸν,
765 236 840 283 ἕως
858 233 962 276 ὅπου
982 234 1098 288 λέγει,
1137 237 1265 274 Ταῦτα
1284 233 1326 274 δὲ
1344 238 1519 283 τυπικῶς
1538 236 1762 289 συνέβαινεν
1783 233 1890 288 ἡμῖν,

367 306 434 344 καὶ
463 302 508 343 τά
539 304 637 355 ἑξῆς.

478 369 512 410 ι’.
560 374 603 411 Τί
635 365 708 411 οὖν
740 387 860 423 φημι,-
902 368 961 410 ὅτι
995 367 1204 423 ἱερόθυτον
1235 372 1269 409 τί
1298 369 1419 418 ἐστιν,-
1461 374 1505 397 4¹
1527 368 1548 422 ἢ
1573 370 1831 412 εἰδωλόθυτον
1855 373 1890 411 τί

367 439 487 487 ἐστιν,-
524 436 600 478 άλλ’
631 437 691 479 ὅτι
722 437 746 479 ἃ
776 436 921 478 θύουσι
953 439 1191 489 δαιμονίοις,
1222 437 1289 477 καὶ
1319 435 1367 477 οὐ
1397 441 1490 492 θεῷ.

479 504 538 546 ια’.
581 503 696 558 Ἀνὴρ
727 503 799 546 οὐκ
830 503 973 556 ὀφείλει
1001 508 1147 556 κομᾶν,
1179 503 1274 553 δόξα
1303 505 1368 544 καὶ
1399 503 1512 545 εἰκῶν
1544 509 1640 545 θεοῦ
1665 504 1859 561 ὑπάρχων.

479 572 539 625 ιβ’.
581 571 690 613 Ἀλλοὶ
726 570 748 613 ό
777 571 872 620 θεός
902 573 1130 625 συνεκέρασε
1160 571 1202 612 τό
1235 576 1356 624 σῶμα.

480 639 540 694 ιγ’.
589 642 921 693 Πεπλανημένως,
951 639 1060 680 Ἀλλα
1083 641 1123 680 ἐν
1149 641 1327 696 ἐκκλησία
1348 640 1450 680 θέλω
1473 640 1584 680 πέντε
1604 639 1743 695 λόγους
1762 646 1814 698 τῷ
1831 645 1898 683 νοΐ

365 724 440 758 μου
472 713 649 760 λαλῆσαι·
683 709 821 761 ἑτέρως
851 708 912 757 δὲ,
945 706 1022 748 Διά
1051 705 1119 748 τὸν
1150 706 1281 760 νόμον.

479 775 538 816 ιδ’.
581 773 645 816 Ἐν
667 781 719 831 τῷ
738 775 845 833 νόμῳ
868 777 1098 830 γέγραπται,
1130 773 1210 824 ὅτι,
1240 773 1303 815 Ἐν
1326 774 1617 829 ἑτερογλώσσοις
1638 777 1704 816 καὶ
1725 777 1764 817 έν
1784 779 1893 829 χείλε-

367 859 425 884 σιν
455 844 598 897 ἑτέροις
626 841 777 896 λαλήσω
807 841 906 897 πρὸς
935 842 1003 884 τὸν
1032 841 1124 884 λαόν
1155 847 1301 884 τοῦτον.

479 910 532 952 ιε’.
575 913 631 951 Αἱ
648 916 826 965 γυναῖκες
849 912 889 952 ἐν
914 916 998 958 ταῖς
1022 912 1239 963 ἐκκλησίαις
1261 910 1498 965 σιγάτωσαν,
1530 909 1577 952 ού
1600 910 1672 965 γάρ
1697 911 1891 965 ἐπιτέτρα-

365 997 455 1021 πται
482 977 617 1027 αὐταῖς
644 984 787 1019 λαλεῖν·
820 977 895 1019 ἄλλ’
923 976 1296 1028 ὑποτασσέσθωσαν,
1329 978 1467 1026 καθώς
1496 980 1562 1020 καὶ
1593 977 1615 1020 ὁ
1639 978 1760 1031 νόμος
1783 980 1891 1034 λέγει.

477 1045 535 1094 ις’.
580 1048 678 1099 Περὶ
708 1045 951 1094 άναστάσεως
980 1051 1136 1100 νεκρῶν.
1198 1050 1376 1097 Γνωρίζω
1407 1047 1447 1087 δὲ
1477 1043 1590 1098 ύμῖν,
1634 1044 1815 1098 άδελφοὶ,
1848 1046 1891 1088 τό

365 1113 601 1169 εὐαγγέλιον,
641 1113 664 1154 ὃ
687 1111 986 1169 εὐηγγελισάμην
1009 1112 1111 1166 ύμῖν.
1174 1115 1253 1154 Καὶ
1275 1113 1354 1164 ὅτι,
1395 1116 1450 1155 Εἰ
1472 1112 1493 1155 ό
1520 1113 1689 1168 Χριστός
1712 1113 1783 1156 οὐκ
1807 1114 1891 1170 ἐγή-

365 1199 512 1236 γερται,
545 1181 727 1234 μάταιον,
759 1183 823 1222 καὶ
844 1181 890 1222 τά
911 1182 1006 1234 ἑξῆς.
1073 1181 1207 1229 Οὕτως
1225 1180 1485 1235 κηρύσσομεν,
1516 1183 1580 1222 καὶ
1603 1181 1728 1230 οὕτως
1751 1184 1892 1224 42ἐπι-

363 1249 553 1298 στεύσατε,
578 1249 637 1290 ὅτι
660 1248 828 1303 Χριστός
847 1247 1032 1298 άπέθανε,
1065 1251 1130 1289 καὶ
1153 1248 1290 1301 ἐτάφη,
1322 1251 1387 1290 καὶ
1409 1249 1605 1304 ἐγήγερται
1625 1253 1731 1308 τρίτῃ
1753 1249 1890 1307 ἡμέρᾳ.

351 1317 475 1358 ’Ὀταν
498 1317 538 1358 δὲ
558 1316 599 1358 vd
623 1315 771 1369 θνητόν
790 1321 902 1357 τοῦτο
924 1316 1131 1369 ἐνδύσηται
1154 1315 1387 1367 άθανασίαν,
1418 1316 1502 1358 τότε
1519 1317 1716 1372 γενήσεται
1737 1317 1758 1360 ό
1779 1318 1892 1374 λόγος

363 1383 386 1425 ό
416 1385 697 1440 γεγραμμένος,
733 1383 948 1437 Κατεπόθη
980 1383 1002 1425 ό
1027 1384 1203 1433 θάνατος
1232 1386 1285 1433 εἰς
1316 1391 1433 1433 νῖκος.

395 1579 495 1613 ΤΗΣ
521 1579 652 1613 ΠΡΟΣ
673 1579 969 1612 ΚΟΡΙΝΘΙΟΥΣ
996 1579 1036 1624 β’,
1062 1579 1155 1612 ΠΑΡ
1180 1578 1327 1613 ΑΥΤΩΙ
1352 1579 1410 1612 ΔΕ
1434 1579 1515 1613 ΚΑΙ
1543 1579 1637 1613 ΠΑΡ
1662 1579 1790 1613 ΗΜΙΝ
1814 1579 1856 1622 γ’.

475 1657 582 1697 ⁴3a'.
615 1656 732 1698 ‘'Ooon
763 1657 835 1711 γάρ
863 1659 1081 1712 ἐπαγγελίαι
1108 1662 1207 1698 θεοῦ
1239 1659 1279 1698 ἐν
1309 1655 1413 1714 αὐτῷ
1442 1655 1484 1698 τό
1514 1659 1611 1698 Ναί·
1655 1655 1714 1698 διὸ
1746 1658 1813 1698 καὶ
1842 1654 1890 1698 δι’

363 1723 484 1766 αὐτοῦ
514 1724 556 1766 τὸ
584 1723 706 1777 Ἀμήν
736 1730 789 1780 τῷ
818 1730 912 1781 θεῷ.

475 1792 522 1845 β’.
571 1791 629 1833 Οὐ
659 1792 730 1847 γάρ
758 1792 921 1841 ἑαυτούς
945 1792 1207 1847 κηρύσσομεν,
1252 1792 1343 1834 ἄλλα
1369 1792 1505 1847 κύριον
1528 1791 1681 1845 Ἰησοῦν
1706 1791 1890 1846 Χριστόν,

363 1858 526 1908 ἑαυτούς
551 1861 591 1901 δὲ
612 1860 779 1908 δούλους
800 1859 911 1912 ὑμῶν
936 1860 1000 1901 διά
1022 1859 1150 1913 Ἰησοῦ
1175 1865 1364 1915 Χριστοῦ
1408 1859 1465 1902 ὅτι
1490 1859 1512 1902 ὁ
1537 1859 1632 1908 θεὸς
1657 1858 1679 1901 ό
1703 1858 1823 1901 εἰπών
1849 1861 1891 1901 ἐκ

363 1926 527 1976 σκότους
558 1933 645 1978 φῶς
673 1927 836 1980 λάμψαι.

474 1995 517 2050 γ’.
550 1994 729 2049 ’Έχοντες
751 1997 792 2037 δὲ
813 1995 856 2037 τὸ
880 1994 972 2036 αὐτὸ
999 2001 1148 2048 πνεῦμα
1171 2001 1238 2049 τῆς
1262 2000 1424 2045 πίστεως
1442 1999 1507 2038 καὶ
1528 1995 1638 2049 ἡμεῖς
1659 1995 1889 2049 πιστεύομεν

363 2065 428 2104 καὶ
457 2068 655 2116 λαλοῦμεν.
715 2062 899 2114 Έξέκοψε
931 2064 971 2104 δὲ
1000 2062 1065 2113 τὸ,
1098 2063 1209 2105 Kar&
1237 2064 1279 2106 τὸ
1312 2066 1582 2119 γεγραμμένον.

473 2131 585 2184 Αὕτη
604 2130 628 2186 ἦ
651 2133 911 2183 νενοθευμένη
937 2136 1006 2172 τοῦ
1031 2135 1273 2186 Μἀρκίωνος
1294 2131 1491 2183 σύνταξις,
1523 2134 1662 2185 ἔχουσα
1683 2133 1752 2185 μὲν
1770 2149 1886 2187 χαρα-

363 2203 486 2253 κτῆρα
515 2201 581 2240 καὶ
612 2198 734 2241 τύπον
764 2204 833 2241 τοῦ
863 2197 962 2240 κατά
985 2204 1150 2240 Λουκᾶν
1173 2198 1395 2255 εὐαγγελίου
1416 2202 1484 2242 καὶ
1511 2199 1672 2241 Παύλου
1696 2205 1766 2241 τοῦ
1791 2198 1888 2242 οἷπο-

364 2266 499 2308 στόλου
520 2265 588 2320 οὐχ
610 2266 712 2317 ὅλον,
744 2266 791 2308 οὐ
811 2271 947 2308 πασῶν
965 2272 1042 2308 τῶν
1060 2266 1180 2309 αὐτοῦ
1202 2269 1422 2318 ἐπιστολῶν,
1454 2266 1546 2309 ἄλλα
1567 2266 1687 2320 μόνον
1706 2272 1774 2320 τῆς
1791 2267 1890 2323 πρός

360 2332 589 2387 Ῥωμαίους,
621 2337 684 2376 καὶ
704 2340 773 2388 τῆς
795 2334 892 2388 πρὸς
910 2333 1124 2385 Ἐφεσίους,
1154 2337 1219 2376 καὶ
1241 2335 1338 2389 πρός
1361 2340 1587 2385 Κολοσσεῖς,
1616 2337 1681 2376 καὶ
1702 2340 1772 2387 τῆς
1790 2335 1890 2387 πρὸς

362 2406 586 2453 Λαοδικεῖς,
619 2404 685 2443 καὶ
708 2401 784 2444 άπὸ
807 2408 876 2455 τῆς
896 2401 996 2455 πρός
1016 2402 1201 2453 Γαλάτας,
1231 2405 1296 2444 καὶ
1317 2408 1384 2456 τῆς
1403 2402 1502 2458 πρὸς
1523 2406 1763 2457 Κορινθίους
1782 2402 1888 2458 πρῶ-

362 2488 427 2523 της
457 2472 523 2511 καὶ
554 2472 755 2524 δευτέρας,
796 2472 860 2512 καὶ
890 2475 958 2523 τῆς
987 2468 1085 2522 πρὸς
1110 2473 1398 2519 Θεσσαλονικεῖς
1420 2470 1576 2526 πρώτης
1604 2471 1887 2525 καὶδευτέρας,

362 2540 427 2579 καὶ
455 2543 523 2591 τῆς
551 2538 650 2593 πρὸς
683 2537 886 2591 Φιλήμονα
918 2540 983 2579 καὶ
1017 2542 1325 2591 Φιλιππησίους,
1367 2541 1433 2580 καὶ
1461 2544 1530 2592 τῆς
1559 2537 1658 2591 πρὸς
1690 2537 1888 2591 Τιμόθεον

363 2605 518 2659 πρώτης
543 2608 607 2647 καὶ
634 2607 836 2660 δευτέρας,
867 2608 932 2647 καὶ
958 2605 1057 2660 πρὸς
1088 2609 1218 2657 Τίτον,
1250 2608 1313 2648 καὶ
1339 2612 1407 2660 τῆς
1429 2605 1527 2661 πρός
1551 2604 1779 2659 Ἑβραίους,
1810 2610 1888 2649 τῶν

362 2675 633 2726 ἐμφερομένων
655 2672 745 2727 παρ’
768 2672 886 2731 αὐτῷ,
919 2671 972 2722 ὦς
994 2672 1042 2715 ού
1062 2673 1330 2727 πληρεστάτων
1350 2673 1491 2725 οὐσῶν,
1523 2673 1616 2716 ἄλλα
1636 2672 1687 2722 ῶς
1706 2675 1746 2715 ἐν
1763 2692 1886 2728 παρα-

363 2741 526 2795 χαράξει.
591 2741 847 2794 Πανταχόθεν
880 2742 922 2782 δὲ
951 2740 1020 2793 τὴν
1055 2740 1175 2794 αὐτὴν
1207 2741 1386 2792 σύνταξιν
1419 2742 1782 2798 44έρρᾳδιούργηκε
1816 2741 1887 2796 τήν

406 2864 459 2898 41.
483 2862 507 2908 ἦ
528 2865 744 2901 ammenta-a
767 2867 799 2901 τί
820 2867 906 2900 ἐστιν
927 2870 1019 2899 verba
1040 2869 1097 2897 ad·
1189 2866 1242 2900 42».
1268 2866 1484 2901 ἐπιστεύσατε
1506 2869 1572 2899 cod.
1595 2869 1689 2898 Vane.
1735 2865 1885 2901 ἐπιστεύ-

361 2914 415 2943 ieci
439 2922 475 2943 ex
498 2914 562 2944 cod.
589 2915 745 2944 Vaticano.
782 2915 876 2944 Extat
896 2915 987 2944 eliam
1007 2914 1103 2951 infra.
1151 2924 1254 2954 σαμεν
1277 2915 1344 2945 cod.
1362 2915 1488 2952 Rhediy.
1513 2917 1539 2943 et
1562 2913 1635 2944 editi
1656 2914 1736 2943 libri.

359 2958 579 2989 Desiderantur
593 2959 624 2989 in
640 2959 728 2989 edilis
743 2961 834 2998 atque
849 2960 880 2989 in
897 2959 962 2989 cod.
975 2959 1101 2997 Rhediy.
1193 2958 1244 2990 43.
1268 2960 1312 2989 De
1335 2960 1402 2990 cod.
1430 2959 1576 2989 Vaticano
1599 2959 1647 2988 hic
1670 2967 1766 2989 manu
1790 2959 1884 3000 Andr.
