2034 3267
477 147 655 180 PANARII
679 149 758 182 LIB.
778 150 802 182 1.
826 150 931 182 ΤΟΜ.
952 151 992 182 11.
1016 150 1144 182 HAER.
1167 151 1275 183 XXV.
1560 147 1631 185 161

119 227 289 277 videret,
322 226 577 280 humilemque
603 240 690 267 sese
714 235 934 282 praestare,
967 228 1160 283 zelotypia
1183 237 1417 281 commotus,
1452 244 1496 271 ac
1521 231 1566 271 de
1591 232 1635 271 li-

118 294 245 334 bidine
276 307 345 334 sua
377 301 616 334 caeterorum
654 308 782 335 mores
812 294 1107 350 interpretatus,
1153 297 1311 350 primum
1338 311 1498 338 uxorem
1526 312 1631 338 suam

117 361 392 402 contumeliose
420 368 478 400 est
503 375 734 414 aggressus,
779 362 888 414 eique
916 370 1019 402 certa
1046 364 1202 403 crimina
1228 379 1295 419 per
1318 365 1542 405 calumniam
1566 366 1633 406 ob-

116 428 228 468 iecit:
275 428 423 467 demum
449 441 542 468 vero
567 443 641 468 non
669 428 790 467 solum
815 429 860 467 ad
885 430 1063 469 usitatum
1089 431 1189 470 inter
1212 431 1382 472 homiues
1407 447 1451 472 ac
1478 440 1632 473 natura-

114 495 186 535 lem
216 509 325 535 usum
359 509 560 549 corporum
591 495 790 550 prolapsus
822 502 902 544 est,
950 510 1081 535 verum
1112 498 1223 537 etiam
1246 499 1282 538 in
1306 499 1454 552 plenum
1479 499 1569 540 illud
1591 501 1631 540 in

116 563 225 602 deum
246 563 499 602 contumeliae
521 562 656 615 dogma
678 560 1006 615 improbitatisque
1026 563 1200 604 damnum
1221 573 1332 619 atque
1351 580 1522 607 errorem
1543 581 1629 622 pra-

113 630 242 670 vitatis
274 630 397 669 omnis
429 629 713 669 conciliatorem
745 628 882 681 erupit.

221 696 283 736 Ab
307 697 377 736 hoc
398 697 502 736 sonte
522 694 682 734 derivati
706 708 749 734 ac
769 694 932 748 pessime
952 696 990 734 in
1011 697 1187 736 mundum
1208 697 1414 739 introducti
1432 708 1520 740 sunt
1537 701 1624 742 hae-

112 764 220 804 retici
244 764 295 803 illi
319 764 378 817 qui
402 777 485 802 eam
507 762 594 811 sibi,
623 775 733 814 quam
758 761 852 800 falso
876 762 1088 812 nominant,
1124 761 1393 816 Cognitionem
1414 767 1622 819 vindicant,

110 831 321 870 cuiusmodi
344 837 432 870 sunt
456 827 646 877 Gnostici,
679 826 937 878 Phibionitae,
973 835 1011 868 et
1034 830 1168 882 quibus
1194 831 1240 870 ab
1262 830 1459 886 Epipliane
1486 849 1625 876 nomen

109 905 167 938 est
200 898 374 938 inditum.
434 894 533 934 Tum
570 894 683 934 etiam
717 893 932 946 Militares,
978 894 1172 948 Levitici,
1218 898 1355 952 aliique
1390 901 1619 954 complures.

109 963 280 1017 Quorum
306 962 460 1018 quilibet
487 961 664 1001 haeresin
695 962 884 1016 propriam
916 963 961 1002 ad
991 964 1107 1003 animi
1137 965 1194 1004 sui
1222 965 1446 1007 affectiones
1472 981 1622 1008 accomm

110 1033 267 1072 modans
299 1035 505 1071 sexcentas
537 1028 731 1081 nequitiae
766 1029 850 1069 vias
881 1030 1134 1083 excogitavit.
1200 1030 1304 1072 Nam
1340 1046 1469 1073 eorum
1506 1035 1620 1089 aliqui

104 1097 357 1139 Barbelonem
384 1095 515 1136 nescio
544 1109 654 1149 quam
680 1096 898 1148 celebrant,
941 1098 1001 1137 cui
1028 1097 1067 1137 in
1092 1105 1228 1139 octavo
1255 1100 1363 1139 coelo
1389 1101 1620 1142 domicilium

105 1166 325 1205 attribuunt.
386 1162 498 1203 Hauc
522 1176 542 1202 a
566 1161 683 1203 Patre
705 1164 925 1217 productam
951 1165 1160 1217 affirmant,
1193 1165 1436 1221 Matremque
1460 1168 1524 1208 alii
1546 1167 1619 1209 Ial-

105 1231 284 1280 dabaoth,
329 1230 389 1270 alii
425 1227 595 1270 Sabaoth
628 1231 787 1271 faciunt.
848 1230 900 1271 Et
926 1231 1076 1285 quidem
1103 1233 1229 1283 illius,
1275 1241 1314 1273 ut
1344 1235 1471 1285 aiunt,
1518 1236 1616 1277 filius

102 1297 248 1353 septimi
269 1297 366 1337 coeli
387 1311 456 1351 per
473 1312 659 1337 summam
679 1298 873 1338 audaciam
893 1312 937 1338 ac
960 1300 1199 1354 tyrannidem
1221 1314 1376 1356 compos
1398 1309 1456 1342 est
1475 1303 1613 1344 factus.

102 1365 212 1420 isque
240 1359 446 1404 inferiores
468 1365 690 1419 alloquens,
722 1364 831 1419 Ego,
863 1365 1007 1419 inquit,
1040 1367 1183 1420 primus
1209 1382 1291 1408 sum
1313 1382 1357 1408 ac
1381 1376 1612 1423 postremus,

99 1446 169 1472 nec
190 1431 286 1472 alius
308 1439 462 1486 praeter
483 1445 543 1471 me
567 1433 658 1472 deus
684 1439 758 1472 est.
812 1431 923 1485 Quod
944 1434 1101 1473 audiens
1121 1432 1288 1475 Barbelo
1308 1435 1517 1490 lacrymata
1537 1444 1611 1478 est.

96 1498 268 1539 Eandem
293 1514 408 1554 porro
435 1506 596 1539 venusta
621 1499 748 1553 specie
770 1498 1013 1555 Principibus
1037 1515 1222 1555 apparere
1247 1502 1390 1553 dicunt,
1422 1503 1468 1543 ab
1489 1503 1612 1558 iisque

95 1580 228 1606 semen
251 1580 319 1620 per
343 1566 577 1621 voluptatem
601 1581 645 1606 ac
670 1567 895 1620 profluvium
921 1569 1098 1618 auferre3
1131 1569 1306 1610 nimirum
1336 1577 1377 1610 ut
1401 1570 1477 1612 vim
1503 1586 1611 1612 suam

96 1634 134 1674 in
158 1634 333 1674 diversos
357 1635 577 1674 distractam
602 1635 739 1673 iterum
766 1642 982 1689 recuperet.
1046 1633 1166 1676 Cuius
1190 1637 1378 1690 dogmatis
1405 1639 1609 1679 occasione

96 1701 288 1741 foeditatis
309 1715 400 1741 suae
425 1701 649 1756 mysterium
673 1701 710 1740 in
735 1701 866 1741 orbem
892 1702 1057 1742 invexit.
1118 1703 1246 1757 Atque
1266 1718 1396 1745 eorum
1420 1705 1607 1761 plerique,

94 1783 188 1822 quos
213 1769 618 1819 commemoravimus,
651 1783 724 1822 quo
751 1769 902 1809 tandem
929 1777 1038 1824 pacto
1065 1771 1162 1825 quod
1189 1785 1237 1811 ne
1262 1773 1434 1826 proferre
1459 1774 1608 1827 quidem

93 1836 184 1876 licet
203 1837 298 1876 miro
325 1836 577 1890 improbitatis
603 1836 762 1875 artificio
786 1835 824 1876 in
847 1837 1063 1891 promiscuo
1086 1839 1286 1879 mulierum
1312 1840 1515 1881 concubitu
1537 1840 1609 1881 im-

92 1903 269 1957 manique
295 1904 527 1957 turpitudine
553 1904 716 1943 volutari
738 1904 973 1945 docuerunt?
1004 1907 1315 1959 quemadmodum
1341 1909 1606 1949 sanctissimus

1651 702 1726 746 Cap.
1752 707 1791 738 11.

90 1969 234 2011 Paulus
269 1971 355 2011 alibi
390 1972 555 2011 declarat
586 1971 642 2011 his
676 1971 827 2012 verbis:
874 1974 973 2022 Quae
1005 1977 1097 2012 em‘m
1128 1977 1270 2013 occulto
1289 1976 1399 2026 fiant
1421 1977 1467 2014 ab
1497 1980 1599 2028 ipsis,
1623 1985 1733 2022 Eph.5‚
1747 1987 1785 2015 12.

91 2046 197 2090 turpe
221 2047 277 2077 est
298 2041 358 2077 vel
374 2041 507 2077 dicere.
571 2037 717 2078 Verum
743 2039 774 2078 si
801 2039 862 2093 qui
887 2041 1117 2081 contrariam
1145 2041 1230 2081 huic
1255 2042 1379 2082 errori
1404 2043 1604 2084 refutatio-

90 2118 178 2145 nem
201 2119 220 2145 a
245 2106 380 2160 spiritu
407 2113 540 2146 sancto
567 2107 775 2160 profectam
800 2107 931 2147 videre
957 2107 1104 2162 cupiat,
1149 2123 1195 2149 ea
1221 2123 1270 2150 ex
1295 2110 1418 2150 sancti
1443 2109 1601 2151 Ioannis

88 2172 324 2227 Apocalypsi
357 2173 540 2227 cognosci
570 2175 730 2227 poterit,
772 2174 833 2227 qui
865 2175 912 2214 ad
943 2189 1054 2215 unam
1088 2176 1339 2217 ecclesiarum
1372 2191 1424 2217 ex
1456 2175 1601 2219 Christi

89 2239 230 2279 domini
255 2254 418 2294 persona
445 2240 641 2290 scribens,
684 2239 767 2281 sive
792 2241 837 2280 ad
864 2241 1082 2297 episcopum
1110 2244 1172 2297 qui
1198 2243 1232 2283 ei
1256 2245 1495 2298 praepositus
1520 2246 1601 2285 sue-

87 2313 170 2356 rat,
211 2321 295 2347 cum
322 2308 447 2361 angeli
471 2307 592 2347 sancti
619 2307 759 2347 virtute
784 2307 846 2362 qui
869 2308 905 2348 in
932 2310 1042 2349 altari
1067 2317 1172 2360 erat,
1214 2310 1267 2350 ita
1291 2311 1480 2364 loquitur:
1524 2314 1601 2351 Sed
1616 2323 1780 2358 Apol-..ze

88 2375 157 2413 hoe
184 2376 295 2414 habes
325 2377 429 2422 boni,
463 2378 547 2426 quia
578 2377 691 2412 odisti
705 2376 816 2427 sacta
843 2378 1136 2425 Nekolazrarmn,
1170 2391 1262 2429 quae
1291 2385 1329 2416 et
1354 2392 1421 2429 ego
1451 2382 1523 2418 odi.

200 2442 279 2482 Alii
299 2457 393 2483 vero
416 2441 619 2482 Prunicam
643 2443 826 2494 quandam
846 2444 977 2484 eodem
999 2459 1072 2498 quo
1092 2445 1153 2484 isti
1174 2451 1388 2484 commento
1408 2459 1597 2487 veneran-
1623 2448 1769 2491 Cap-111-

89 2515 168 2561 tes,
211 2516 250 2549 et
279 2523 332 2551 ex
356 2510 421 2550 illo
447 2509 688 2563 turpitudinis
720 2509 893 2562 dogmate
920 2512 1187 2565 cupiditatibus
1217 2512 1296 2552 suis
1321 2512 1593 2567 obsequentes,

85 2574 293 2628 Prunicae,
325 2577 514 2631 inquiunt,
546 2576 652 2616 vires
674 2589 726 2615 ex
747 2578 969 2631 corporibus
991 2579 1261 2633 profluviisque
1282 2579 1510 2634 colligimus,
1544 2596 1596 2622 ex

86 2643 230 2685 semine
254 2645 429 2684 nimirum
452 2657 496 2683 ac
518 2643 741 2694 menstruiS,
774 2644 819 2685 de
842 2646 977 2699 quibus
996 2647 1107 2701 paulo
1128 2654 1228 2701 post,
1262 2661 1346 2687 cum
1366 2648 1411 2688 de
1431 2648 1488 2688 his
1509 2663 1595 2704 par-

85 2745 149 2775 cod.
168 2746 295 2785 Rhediy.
318 2749 344 2777 et
367 2746 412 2776 ed.
431 2747 528 2783 princ.
905 2747 935 2779 5.
960 2749 1092 2788 Vulgata
1111 2749 1262 2780 distinctio
1283 2752 1322 2780 est
1340 2748 1455 2791 λέγειν,
1474 2750 1545 2788 πῶς
1561 2749 1592 2784 ἐν

127 2787 159 2820 3.
184 2786 289 2831 αὐτῆς
313 2792 401 2821 codd.
428 2791 534 2828 Vatia,
556 2790 681 2829 Rhediy.
701 2792 728 2820 et
747 2791 817 2821 edit.
861 2791 1035 2836 πολυμιξίᾳ
1056 2797 1120 2824 cell.

85 2833 190 2864 Petav.
236 2832 345 2867 αὐτῶν
365 2836 435 2866 edit.
453 2837 551 2873 princ.
907 2837 982 2868 Cap.
1005 2839 1060 2868 ΙΙΙ.
1079 2856 1121 2861 -—
1146 2837 1173 2869 1.
1195 2835 1394 2878 Προύνεικον
1414 2841 1480 2871 cod.
1498 2841 1593 2872 Vatic.

128 2880 158 2908 4-
185 2876 360 2921 μυστήριον
389 2876 425 2912 οὗ
453 2877 548 2911 τόσον
573 2875 740 2916 Νικόλαος
768 2879 816 2921 τῷ
905 2881 935 2913 2.
959 2878 1050 2915 ἄλλον.
1068 2884 1154 2914 codd.
1175 2884 1268 2913 ratic.
1287 2887 1313 2914 et
1333 2885 1378 2915 ed.
1398 2886 1503 2916 Petav.
1535 2881 1591 2918 ἄ).-

86 2917 202 2964 κέσμῳ
227 2925 292 2955 cod.
313 2926 408 2955 Vatic.
862 2926 927 2963 λως
943 2929 1008 2958 cod.
1022 2928 1149 2966 Rhediy.
1170 2927 1211 2969 (c.
1226 2933 1352 2970 rasura)
1370 2932 1397 2960 et
1412 2931 1482 2961 edit.
1492 2932 1591 2969 princ.

152 2975 265 3011 corpus
283 2977 456 3004 Hacrmot.
476 2977 511 3003 11.
1279 2987 1322 3025 11
