2034 3267
483 168 656 200 PANARII
680 168 801 200 L13.1.
825 169 930 201 TOM.
954 170 994 202 11.
1020 169 1146 201 HAER.
1167 169 1299 201 xxxi.
1574 160 1653 199 379

138 255 245 289 ratae
273 247 377 303 prius
402 253 537 302 gentes
567 247 604 288 in
628 248 725 288 idem
752 261 835 289 cum
860 249 1002 288 sanctis
1025 248 1084 289 ius
1111 248 1332 289 hereditatis
1356 261 1401 289 ac
1426 247 1542 288 veluti
1569 261 1654 287 cor-

142 329 210 371 pus
233 321 273 356 et
296 315 517 355 societatem
546 329 565 354 a
593 316 663 355 deo
691 315 831 356 fuerint
858 315 1026 356 ascitae:
1069 315 1133 369 qui
1162 316 1243 356 fieri
1269 316 1389 370 possit
1417 322 1455 356 ut
1481 315 1653 356 mortalis

139 383 214 423 ista
234 383 438 423 caruncula
461 383 780 423 immortalitatem
795 415 805 432 ,
841 391 878 424 et
901 383 1144 437 corruptibile
1164 383 1235 423 hoc
1253 383 1575 438 incorruptionem
1595 382 1652 423 in-
1675 391 1843 454 ¹',‘},⁰'}‚Y¹²·

139 451 250 500 duat,
295 456 360 496 aut
383 451 696 504 quemadmodum
724 450 893 491 dicturus
918 450 989 499 sit,
1033 453 1116 489 Non
1133 453 1293 502 populns
1309 453 1469 502 populus
1491 454 1582 499 erit,
1617 458 1654 489 et
1670 447 1780 506 Osa-’2’
1795 448 1837 499 2³³.

139 532 210 557 non
240 520 374 557 dilecta
403 520 556 565 dilecta,
601 518 787 572 quomodo
815 520 946 556 Plures
970 520 1156 564 desertae,
1201 533 1307 570 quam
1338 522 1454 557 mrum
1485 520 1651 557 habentis
1672 518 1756 568 3⁰¹¹}-
1771 517 1796 552 ⁹³
1812 517 1854 543 25.

137 589 216 625 sint
231 587 326 638 filii.
389 584 490 625 Nam
523 587 567 626 de
600 586 656 625 his
687 599 731 626 ac
761 585 947 624 similibus
974 585 1165 624 exclamat
1187 585 1401 639 apostolus:
1446 589 1474 625 0
1499 588 1654 625 altitudo
1669 562 1855 640 ἓξῗζῑὸἓᾈιγ

137 656 346 692 diviliarum
371 667 414 692 ae
436 656 648 704 sapientiae,
681 660 719 691 ct
735 656 909 691 scientiae
928 655 1012 691 dei!
1039 666 1145 704 quam
1167 654 1546 704 incomprehensibilia
1568 662 1655 692 sant
1668 652 1855 686 Rom.11,3³.

140 723 276 759 iudicia
305 724 403 767 eius,
445 728 482 759 et
510 721 782 771 investigabiles
813 723 892 758 viae
921 723 1025 758 eius!
1083 718 1174 759 Non
1209 720 1245 759 id
1276 727 1400 759 autem
1431 728 1572 774 agunt,
1617 728 1657 761 ut

139 801 253 842 supra
275 785 500 828 Creatorem
524 802 567 828 ac
590 785 838 828 Conditorem
860 787 994 827 horum
1013 785 1179 827 Matrem
1201 801 1245 827 ac
1263 787 1349 841 vagi
1367 787 1515 827 Aeonis
1538 786 1655 842 Cogi-

140 856 321 896 tationem
353 856 449 895 male
480 854 838 904 comminiscantur,
887 869 932 894 ac
964 861 1038 894 tam
1069 854 1258 908 insignem
1289 856 1360 894 deo
1388 855 1654 894 contumeliam

140 923 295 974 faciant,
329 937 450 977 neque
474 930 512 962 ut
529 921 709 962 Pleroma
730 922 860 962 nescio
880 922 978 976 quod
997 922 1061 962 illa
1085 922 1260 976 superius
1284 922 1394 962 modo
1414 920 1540 962 XXX
1563 922 1654 962 dun-

139 997 248 1030 taxat
279 990 476 1031 Aeouibus
507 989 709 1039 deliniant,
756 990 867 1029 modo
898 989 1080 1030 infinitam
1114 990 1265 1030 illorum
1293 989 1484 1029 nationem
1513 990 1655 1029 consti-

140 1065 269 1109 tuant,
315 1065 356 1098 nt
386 1057 530 1112 egregii
560 1057 612 1097 illi
644 1057 815 1111 magistri
847 1071 890 1097 ac
920 1057 1047 1097 divina
1081 1057 1190 1112 plane
1218 1057 1379 1097 scientia
1404 1057 1573 1098 destituti
1600 1058 1654 1097 sa-

142 1126 267 1176 ciunt,
308 1139 391 1166 cum
417 1139 491 1166 una
517 1126 724 1179 eademque
748 1124 820 1174 sit,
855 1131 895 1164 ut
919 1125 1107 1176 diximus,
1143 1133 1221 1166 toto
1246 1125 1337 1165 orbe
1362 1139 1566 1179 germanae
1593 1139 1655 1166 ec-

146 1193 283 1234 clesiae
315 1193 423 1232 fides.

248 1261 333 1314 Age
364 1274 458 1301 vero
489 1260 686 1301 videamus
713 1261 824 1301 modo
850 1268 988 1315 quanta
1014 1262 1064 1301 sit
1089 1261 1248 1301 duorum
1275 1261 1335 1301 vel
1360 1261 1472 1302 trium
1495 1261 1655 1302 istorum
1723 1270 1799 1310 Cap.

140 1328 416 1378 inconstantia,
457 1335 570 1382 atque
594 1328 639 1368 de
662 1328 794 1368 iisdem
820 1343 895 1369 non
919 1329 1051 1369 eadem
1075 1330 1351 1384 pronuncient,
1390 1329 1457 1369 sed
1481 1336 1520 1369 et
1542 1329 1657 1369 rebus
1675 1315 1835 1347 XXXIV

140 1395 234 1450 ipsis
256 1403 296 1436 et
317 1395 515 1436 vocabulis
542 1410 563 1436 a
585 1410 626 1436 se
647 1395 813 1437 invicem
839 1395 1081 1437 dissentiant.
1144 1395 1297 1436 Etenim
1320 1396 1383 1451 qui
1405 1411 1424 1436 a
1451 1395 1657 1437 Gnostico-

140 1478 223 1503 rum
244 1463 392 1504 haeresi
411 1464 631 1518 deprompta
653 1464 837 1517 quaedam
858 1463 964 1503 initia
983 1464 1124 1518 primus
1146 1464 1346 1519 peculiaris
1364 1464 1407 1504 ad
1427 1472 1557 1505 sectae
1580 1465 1656 1504 for-

139 1545 238 1572 mam
263 1531 477 1582 transtulit,
522 1530 751 1572 Valentinus
774 1532 827 1571 ita
852 1531 1016 1571 definiit:
1059 1530 1255 1572 Binarium
1279 1532 1464 1586 quendam
1485 1533 1568 1573 sine
1590 1547 1656 1573 no-

140 1599 240 1639 mine
264 1599 477 1650 constituit,
510 1612 562 1639 ex
586 1598 755 1638 Arrheto
777 1606 815 1639 et
837 1597 930 1653 Sige
954 1606 1209 1640 constantem.
1271 1599 1331 1639 Ab
1355 1600 1425 1640 lioc
1447 1600 1656 1640 secundum

141 1674 386 1722 propagatum
409 1680 496 1707 esse
520 1665 740 1716 Binarium,
775 1680 848 1720 quo
872 1664 990 1706 Pater
1011 1681 1055 1707 ac
1079 1666 1234 1708 Veritas
1261 1667 1491 1708 continetur.
1555 1667 1656 1708 Tum

140 1749 192 1776 ex
219 1733 478 1787 Quaternario
511 1733 679 1774 Verbum
714 1740 752 1773 et
785 1732 937 1784 Vitam,
979 1734 1207 1785 Hominem,
1252 1733 1542 1789 Ecclesiamque
1571 1750 1657 1790 pro-

141 1802 279 1853 diisse,
312 1803 407 1842 hanc
430 1816 517 1843 esse
540 1801 697 1855 primam
720 1799 958 1855 Ogdoadem.
1012 1800 1105 1842 lude
1125 1816 1174 1843 ex
1198 1801 1328 1843 Verbo
1350 1817 1393 1843 ac
1416 1801 1505 1843 Vita
1526 1803 1657 1843 decem

141 1869 371 1926 profluxisse
397 1868 595 1919 Virtutes,
639 1883 733 1922 quas
758 1875 868 1909 antea
896 1869 1116 1910 retulimus:
1161 1870 1206 1910 ab
1231 1869 1396 1910 Homine
1421 1877 1458 1910 et
1480 1870 1657 1911 Ecclesia

141 1937 365 1987 duodecim,
408 1950 430 1977 a
471 1937 605 1990 quibus
648 1951 722 1977 una
761 1936 1222 1992 deficienssordinemque
1258 1939 1442 1978 deserens
1473 1939 1656 1993 reliquum

142 2019 253 2045 omne
283 2019 378 2060 opus
408 2004 587 2045 absolvit.
650 2004 803 2044 Adiecit
833 2012 870 2044 et
896 2004 1023 2045 Horos
1055 2005 1172 2056 duos,
1216 2006 1375 2046 alterum
1399 2006 1460 2060 qui
1488 2004 1657 2062 Bythum

144 2073 245 2113 inter
273 2087 317 2113 ac
343 2072 521 2113 Pleroma
546 2072 730 2126 reliquum
756 2072 958 2112 intercedit
987 2079 1026 2112 et
1049 2073 1200 2127 genitos
1225 2073 1382 2113 Aeonas
1413 2073 1459 2113 ab
1483 2072 1657 2128 ingenito

144 2139 258 2181 Patre
289 2139 453 2191 dirimit,
501 2140 661 2180 alterum
696 2139 758 2193 qui
790 2138 953 2180 Matrem
990 2140 1139 2181 illorum
1175 2155 1197 2181 a
1225 2139 1441 2182 Pleromate
1472 2142 1654 2182 secernit.

145 2205 338 2249 Christum
366 2222 480 2263 porro
505 2222 579 2248 non
605 2222 625 2247 a
652 2206 880 2247 Pleromatis
908 2207 1105 2248 Aeonibus
1135 2209 1297 2259 editum,
1342 2209 1408 2250 sed
1436 2209 1482 2249 ab
1509 2209 1656 2250 extorri

143 2274 271 2316 Matre
311 2289 360 2316 ex
391 2276 588 2316 meliorum
624 2275 887 2315 recordatione
921 2290 1003 2316 cum
1039 2276 1197 2330 quadam
1233 2277 1364 2317 umbra
1399 2284 1652 2332 procreatum.

143 2342 409 2398 Eundemque,
443 2358 527 2384 cum
546 2350 650 2383 esset
671 2343 876 2393 masculus,
909 2343 1056 2384 abiecta
1079 2358 1101 2384 a
1119 2351 1240 2384 semet
1259 2344 1390 2385 umbra
1413 2345 1457 2385 ad
1479 2343 1655 2385 Pleroma

144 2411 380 2462 recurrisse,
420 2410 586 2451 Matrem
613 2423 706 2450 vero
729 2424 811 2450 cum
835 2410 967 2452 umbra
990 2412 1160 2452 relictam
1190 2425 1234 2452 ac
1258 2413 1418 2466 spiritali
1443 2413 1655 2453 substantia

145 2480 372 2520 exhaustam
405 2479 517 2519 alium
550 2491 775 2532 procreasse
809 2478 951 2530 filium,
995 2479 1174 2520 videlicet
1206 2476 1481 2531 Conditorem,
1526 2480 1585 2521 cui
1618 2481 1654 2520 in

143 2607 251 2647 reliqui
270 2607 348 2636 libri.
393 2601 469 2637 τότε
489 2601 546 2645 μὲν
569 2604 586 2635 λ
605 2602 668 2645 (vel
689 2601 876 2645 τριάκοντα)
921 2614 1009 2644 ram,
1041 2606 1073 2636 in
1094 2615 1152 2645 quo
1176 2606 1283 2645 legitur
1303 2603 1531 2648 ἐξηφέρησεν,
1562 2616 1656 2646 quam

144 2652 301 2683 emendari
321 2651 480 2682 voluerunt
502 2649 611 2679 Fronto
635 2650 792 2687 Ducaeus,
815 2650 877 2680 Bil-
921 2651 1079 2689 vulyatam
1113 2647 1367 2691 ἐξηροφόρησεν.
1420 2652 1479 2682 Vet.
1509 2652 1657 2691 Interpres

143 2697 221 2736 lius,
246 2697 387 2727 Grabius.
922 2695 1010 2726 habet
1041 2694 1103 2734 Qui
1125 2694 1211 2725 enim
1235 2701 1283 2725 est
1306 2694 1426 2737 primus
1450 2695 1490 2727 ab
1514 2707 1551 2727 ea
1575 2707 1656 2739 quae

192 2742 241 2772 10.
263 2737 375 2781 πάσης
396 2740 587 2771 desideratur
609 2740 641 2769 in
663 2739 727 2769 cod.
750 2740 820 2770 Ven.
923 2738 1041 2771 dicitur
1067 2739 1222 2771 Gnostica
1247 2739 1407 2779 haeresis,
1445 2740 1592 2784 antiquas
1622 2741 1655 2772 iu

193 2784 267 2816 CAP.
281 2785 440 2816 XXXIV.
455 2802 497 2807 —
518 2785 545 2816 l.
565 2780 722 2825 ἅνόμασιν
739 2781 878 2822 καὶτοῖς
922 2795 1013 2815 suum
1033 2784 1252 2816 characterem
1271 2783 1436 2816 doctrinas
1455 2786 1653 2818 transferens

146 2828 332 2872 πράγμασιν
355 2831 421 2861 cod.
445 2831 515 2861 Ven.
561 2830 698 2860 Eundem
719 2830 877 2860 verborum
923 2829 1110 2860 Valentinus
1129 2829 1176 2860 sic
1192 2828 1355 2861 definivit:
1377 2829 1568 2863 dualitatem
1588 2835 1652 2863 cett.

147 2877 280 2907 ordinem
303 2878 378 2906 tenet
403 2875 464 2906 Vec.
482 2876 638 2913 Inter-pres.
964 2874 995 2907 3.
1020 2871 1128 2908 αὗτῶν
1161 2875 1225 2906 cod.
1249 2875 1320 2906 Ven.
1353 2876 1469 2915 faciens
1496 2886 1563 2908 cum
1592 2878 1653 2909 Vel.

189 2919 221 2952 2.
244 2917 436 2963 ἐξαφόρισεν
455 2921 573 2951 restitui
591 2928 656 2950 meo
674 2919 808 2958 periculo
829 2928 874 2950 se·
918 2921 1088 2959 Interprete.
1137 2921 1232 2959 Vu190
1256 2923 1339 2951 extat
1361 2916 1464 2963 αὐτῷ.

148 2967 231 2997 cutus
243 2967 417 3004 corruptam
431 2966 532 3004 muyae's
551 2965 616 2996 cod.
634 2965 730 2994 Venet.
747 2965 875 3003 scriptu·
965 2962 994 2995 4.
1017 2963 1297 3006 apoqeve'yxwimv.
1320 2966 1386 2996 cod.
1410 2967 1478 2997 Ven.
