<?xml version="1.0" encoding="UTF-8"?>
<!DOCTYPE html PUBLIC "-//W3C//DTD XHTML 1.0 Transitional//EN"
    "http://www.w3.org/TR/xhtml1/DTD/xhtml1-transitional.dtd">
<html xmlns="http://www.w3.org/1999/xhtml" xml:lang="en" lang="en">
 <head>
  <title>
</title>
<meta http-equiv="Content-Type" content="text/html;charset=utf-8" />
  <meta name='ocr-system' content='tesseract 3.04.00' />
  <meta name='ocr-capabilities' content='ocr_page ocr_carea ocr_par ocr_line ocrx_word'/>
</head>
<body>
  <div class='ocr_page' id='page_1' title='image "./p1corporishaereseo02epipuoft/p1corporishaereseo02epipuoft_0165.png"; bbox 0 0 2034 3267; ppageno 0'>
   <div class='ocr_carea' id='block_1_1' title="bbox 496 199 1666 238">
    <p class='ocr_par' dir='ltr' id='par_1_1' title="bbox 496 199 1666 238">
     <span class='ocr_line' id='line_1_1' title="bbox 496 199 1666 238; baseline 0.002 -3"><span class='ocrx_word' id='word_1_1' title='bbox 496 205 672 236; x_wconf 80' lang='lat' dir='ltr'><strong>PANARH</strong></span> <span class='ocrx_word' id='word_1_2' title='bbox 698 204 778 236; x_wconf 88' lang='lat' dir='ltr'><strong>LlB.</strong></span> <span class='ocrx_word' id='word_1_3' title='bbox 799 206 822 237; x_wconf 90' lang='grc' dir='ltr'><strong>Ι.</strong></span> <span class='ocrx_word' id='word_1_4' title='bbox 848 205 953 238; x_wconf 83' lang='grc' dir='ltr'><strong>ΤΟΜ.</strong></span> <span class='ocrx_word' id='word_1_5' title='bbox 971 206 1011 237; x_wconf 88' lang='lat'><strong>11.</strong></span> <span class='ocrx_word' id='word_1_6' title='bbox 1039 206 1167 237; x_wconf 79' lang='lat' dir='ltr'><strong>HAER.</strong></span> <span class='ocrx_word' id='word_1_7' title='bbox 1191 206 1318 238; x_wconf 78' lang='lat' dir='ltr'><strong>XXIV.</strong></span> <span class='ocrx_word' id='word_1_8' title='bbox 1592 199 1666 237; x_wconf 82' lang='lat'><strong>153</strong></span> 
     </span>
    </p>
   </div>
   <div class='ocr_carea' id='block_1_2' title="bbox 144 283 1869 2833">
    <p class='ocr_par' dir='ltr' id='par_1_2' title="bbox 147 283 1670 807">
     <span class='ocr_line' id='line_1_2' title="bbox 150 283 1669 340; baseline 0.002 -18"><span class='ocrx_word' id='word_1_9' title='bbox 150 283 294 323; x_wconf 91' lang='lat' dir='ltr'><strong>duobus</strong></span> <span class='ocrx_word' id='word_1_10' title='bbox 335 297 386 323; x_wconf 78' lang='lat' dir='ltr'><strong>ex</strong></span> <span class='ocrx_word' id='word_1_11' title='bbox 423 284 553 323; x_wconf 85' lang='lat' dir='ltr'><strong>decem</strong></span> <span class='ocrx_word' id='word_1_12' title='bbox 594 283 756 323; x_wconf 87' lang='lat' dir='ltr'><strong>millibus</strong></span> <span class='ocrx_word' id='word_1_13' title='bbox 797 283 985 336; x_wconf 87' lang='lat' dir='ltr'><strong>aperiant.</strong></span> <span class='ocrx_word' id='word_1_14' title='bbox 1047 283 1150 337; x_wconf 81' lang='lat' dir='ltr'><strong>Quin</strong></span> <span class='ocrx_word' id='word_1_15' title='bbox 1190 291 1228 323; x_wconf 89' lang='lat' dir='ltr'><strong>et</strong></span> <span class='ocrx_word' id='word_1_16' title='bbox 1267 285 1347 325; x_wconf 88' lang='lat' dir='ltr'><strong>suis</strong></span> <span class='ocrx_word' id='word_1_17' title='bbox 1385 285 1579 340; x_wconf 80' lang='lat' dir='ltr'><strong>discipulis</strong></span> <span class='ocrx_word' id='word_1_18' title='bbox 1617 286 1669 325; x_wconf 87' lang='lat' dir='ltr'><strong>ita</strong></span> 
     </span>
     <span class='ocr_line' id='line_1_3' title="bbox 148 348 1668 405; baseline 0.003 -16"><span class='ocrx_word' id='word_1_19' title='bbox 148 350 354 404; x_wconf 77' lang='lat' dir='ltr'><strong>praecipit:</strong></span> <span class='ocrx_word' id='word_1_20' title='bbox 397 348 518 401; x_wconf 86' lang='lat' dir='ltr'><strong>Date,</strong></span> <span class='ocrx_word' id='word_1_21' title='bbox 552 352 695 404; x_wconf 87' lang='lat' dir='ltr'><strong>inquit,</strong></span> <span class='ocrx_word' id='word_1_22' title='bbox 730 365 886 404; x_wconf 78' lang='lat' dir='ltr'><strong>operam</strong></span> <span class='ocrx_word' id='word_1_23' title='bbox 910 359 949 390; x_wconf 94' lang='lat' dir='ltr'><strong>ut</strong></span> <span class='ocrx_word' id='word_1_24' title='bbox 976 353 1102 392; x_wconf 81' lang='lat' dir='ltr'><strong>onmia</strong></span> <span class='ocrx_word' id='word_1_25' title='bbox 1129 353 1395 405; x_wconf 82' lang='lat' dir='ltr'><strong>cognoscatis,</strong></span> <span class='ocrx_word' id='word_1_26' title='bbox 1430 367 1542 393; x_wconf 90' lang='lat' dir='ltr'><strong>nemo</strong></span> <span class='ocrx_word' id='word_1_27' title='bbox 1574 367 1668 393; x_wconf 87' lang='lat' dir='ltr'><strong>vero</strong></span> 
     </span>
     <span class='ocr_line' id='line_1_4' title="bbox 147 417 1668 475; baseline 0.002 -19"><span class='ocrx_word' id='word_1_28' title='bbox 147 431 218 457; x_wconf 90' lang='lat' dir='ltr'><strong>vos</strong></span> <span class='ocrx_word' id='word_1_29' title='bbox 244 426 467 471; x_wconf 85' lang='lat' dir='ltr'><strong>cognoscat.</strong></span> <span class='ocrx_word' id='word_1_30' title='bbox 531 417 737 459; x_wconf 78' lang='lat' dir='ltr'><strong>Caeterum</strong></span> <span class='ocrx_word' id='word_1_31' title='bbox 769 425 842 457; x_wconf 86' lang='lat' dir='ltr'><strong>tam</strong></span> <span class='ocrx_word' id='word_1_32' title='bbox 876 418 958 471; x_wconf 89' lang='lat' dir='ltr'><strong>ipse</strong></span> <span class='ocrx_word' id='word_1_33' title='bbox 978 433 1088 471; x_wconf 80' lang='lat' dir='ltr'><strong>quam</strong></span> <span class='ocrx_word' id='word_1_34' title='bbox 1121 420 1182 473; x_wconf 90' lang='lat' dir='ltr'><strong>qui</strong></span> <span class='ocrx_word' id='word_1_35' title='bbox 1210 420 1291 459; x_wconf 87' lang='lat' dir='ltr'><strong>eius</strong></span> <span class='ocrx_word' id='word_1_36' title='bbox 1326 427 1469 460; x_wconf 84' lang='lat' dir='ltr'><strong>sectam</strong></span> <span class='ocrx_word' id='word_1_37' title='bbox 1501 421 1668 475; x_wconf 83' lang='lat' dir='ltr'><strong>amplexi</strong></span> 
     </span>
     <span class='ocr_line' id='line_1_5' title="bbox 148 483 1670 541; baseline 0.003 -17"><span class='ocrx_word' id='word_1_38' title='bbox 148 492 237 525; x_wconf 90' lang='lat' dir='ltr'><strong>sunt</strong></span> <span class='ocrx_word' id='word_1_39' title='bbox 259 485 409 538; x_wconf 87' lang='lat' dir='ltr'><strong>quoties</strong></span> <span class='ocrx_word' id='word_1_40' title='bbox 432 486 720 538; x_wconf 83' lang='lat' dir='ltr'><strong>interrogantur</strong></span> <span class='ocrx_word' id='word_1_41' title='bbox 743 483 904 529; x_wconf 84' lang='lat' dir='ltr'><strong>ludaeos</strong></span> <span class='ocrx_word' id='word_1_42' title='bbox 927 485 1074 538; x_wconf 82' lang='lat' dir='ltr'><strong>quidem</strong></span> <span class='ocrx_word' id='word_1_43' title='bbox 1105 500 1145 525; x_wconf 91' lang='lat' dir='ltr'><strong>se</strong></span> <span class='ocrx_word' id='word_1_44' title='bbox 1171 500 1256 527; x_wconf 74' lang='lat' dir='ltr'><strong>esse</strong></span> <span class='ocrx_word' id='word_1_45' title='bbox 1281 495 1445 541; x_wconf 81' lang='lat' dir='ltr'><strong>negant,</strong></span> <span class='ocrx_word' id='word_1_46' title='bbox 1481 486 1670 529; x_wconf 88' lang='lat' dir='ltr'><strong>Christia-</strong></span> 
     </span>
     <span class='ocr_line' id='line_1_6' title="bbox 147 549 1669 609; baseline 0.003 -17"><span class='ocrx_word' id='word_1_47' title='bbox 147 565 218 592; x_wconf 91' lang='lat' dir='ltr'><strong>nos</strong></span> <span class='ocrx_word' id='word_1_48' title='bbox 240 566 333 592; x_wconf 92' lang='lat' dir='ltr'><strong>vero</strong></span> <span class='ocrx_word' id='word_1_49' title='bbox 357 554 520 592; x_wconf 91' lang='lat' dir='ltr'><strong>nondum</strong></span> <span class='ocrx_word' id='word_1_50' title='bbox 547 553 678 593; x_wconf 80' lang='lat' dir='ltr'><strong>fuisse.</strong></span> <span class='ocrx_word' id='word_1_51' title='bbox 741 549 808 591; x_wconf 90' lang='lat' dir='ltr'><strong>Sic</strong></span> <span class='ocrx_word' id='word_1_52' title='bbox 832 552 1025 605; x_wconf 85' lang='lat' dir='ltr'><strong>abnegare</strong></span> <span class='ocrx_word' id='word_1_53' title='bbox 1054 561 1235 606; x_wconf 87' lang='lat' dir='ltr'><strong>perpetuo</strong></span> <span class='ocrx_word' id='word_1_54' title='bbox 1261 555 1368 594; x_wconf 82' lang='lat' dir='ltr'><strong>fidem</strong></span> <span class='ocrx_word' id='word_1_55' title='bbox 1385 587 1394 605; x_wconf 90' lang='lat'><strong>,</strong></span> <span class='ocrx_word' id='word_1_56' title='bbox 1429 569 1589 609; x_wconf 87' lang='lat' dir='ltr'><strong>eamque</strong></span> <span class='ocrx_word' id='word_1_57' title='bbox 1613 563 1669 596; x_wconf 91' lang='lat' dir='ltr'><strong>ta-</strong></span> 
     </span>
     <span class='ocr_line' id='line_1_7' title="bbox 150 618 1670 676; baseline 0.003 -17"><span class='ocrx_word' id='word_1_58' title='bbox 150 618 226 659; x_wconf 88' lang='lat' dir='ltr'><strong>cite</strong></span> <span class='ocrx_word' id='word_1_59' title='bbox 267 621 363 674; x_wconf 88' lang='lat' dir='ltr'><strong>apud</strong></span> <span class='ocrx_word' id='word_1_60' title='bbox 403 634 445 660; x_wconf 91' lang='lat' dir='ltr'><strong>se</strong></span> <span class='ocrx_word' id='word_1_61' title='bbox 485 620 700 668; x_wconf 83' lang='lat' dir='ltr'><strong>custodire,</strong></span> <span class='ocrx_word' id='word_1_62' title='bbox 750 631 820 657; x_wconf 88' lang='lat' dir='ltr'><strong>nec</strong></span> <span class='ocrx_word' id='word_1_63' title='bbox 856 619 917 658; x_wconf 88' lang='lat' dir='ltr'><strong>ulli</strong></span> <span class='ocrx_word' id='word_1_64' title='bbox 960 622 1179 673; x_wconf 76' lang='lat' dir='ltr'><strong>patefacere</strong></span> <span class='ocrx_word' id='word_1_65' title='bbox 1209 635 1300 661; x_wconf 90' lang='lat' dir='ltr'><strong>suos</strong></span> <span class='ocrx_word' id='word_1_66' title='bbox 1340 623 1525 674; x_wconf 78' lang='lat' dir='ltr'><strong>institnit3</strong></span> <span class='ocrx_word' id='word_1_67' title='bbox 1570 624 1670 676; x_wconf 91' lang='lat' dir='ltr'><strong>quod</strong></span> 
     </span>
     <span class='ocr_line' id='line_1_8' title="bbox 148 685 1670 740; baseline 0.003 -14"><span class='ocrx_word' id='word_1_68' title='bbox 148 687 326 727; x_wconf 90' lang='lat' dir='ltr'><strong>nimirum</strong></span> <span class='ocrx_word' id='word_1_69' title='bbox 353 694 567 740; x_wconf 89' lang='lat' dir='ltr'><strong>suspectam</strong></span> <span class='ocrx_word' id='word_1_70' title='bbox 590 685 726 725; x_wconf 83' lang='lat' dir='ltr'><strong>haheat</strong></span> <span class='ocrx_word' id='word_1_71' title='bbox 746 685 828 738; x_wconf 88' lang='lat' dir='ltr'><strong>ipse</strong></span> <span class='ocrx_word' id='word_1_72' title='bbox 857 686 1126 740; x_wconf 68' lang='lat' dir='ltr'><strong>turpitudinem</strong></span> <span class='ocrx_word' id='word_1_73' title='bbox 1155 701 1286 737; x_wconf 85' lang='lat' dir='ltr'><strong>suam,</strong></span> <span class='ocrx_word' id='word_1_74' title='bbox 1320 703 1403 728; x_wconf 90' lang='lat' dir='ltr'><strong>cum</strong></span> <span class='ocrx_word' id='word_1_75' title='bbox 1431 697 1504 729; x_wconf 87' lang='lat' dir='ltr'><strong>tam</strong></span> <span class='ocrx_word' id='word_1_76' title='bbox 1536 689 1670 730; x_wconf 88' lang='lat' dir='ltr'><strong>imma-</strong></span> 
     </span>
     <span class='ocr_line' id='line_1_9' title="bbox 148 752 1638 807; baseline 0.003 -13"><span class='ocrx_word' id='word_1_77' title='bbox 148 754 208 794; x_wconf 92' lang='lat' dir='ltr'><strong>nis</strong></span> <span class='ocrx_word' id='word_1_78' title='bbox 239 755 401 794; x_wconf 82' lang='lat' dir='ltr'><strong>foeditas</strong></span> <span class='ocrx_word' id='word_1_79' title='bbox 432 761 544 807; x_wconf 87' lang='lat' dir='ltr'><strong>atque</strong></span> <span class='ocrx_word' id='word_1_80' title='bbox 574 753 719 806; x_wconf 88' lang='lat' dir='ltr'><strong>impura</strong></span> <span class='ocrx_word' id='word_1_81' title='bbox 745 752 943 806; x_wconf 84' lang='lat' dir='ltr'><strong>disciplina</strong></span> <span class='ocrx_word' id='word_1_82' title='bbox 974 753 1158 793; x_wconf 80' lang='lat' dir='ltr'><strong>audacter</strong></span> <span class='ocrx_word' id='word_1_83' title='bbox 1188 755 1359 807; x_wconf 84' lang='lat' dir='ltr'><strong>evulgari</strong></span> <span class='ocrx_word' id='word_1_84' title='bbox 1385 771 1459 796; x_wconf 91' lang='lat' dir='ltr'><strong>non</strong></span> <span class='ocrx_word' id='word_1_85' title='bbox 1486 759 1638 798; x_wconf 85' lang='lat' dir='ltr'><strong>audeat.</strong></span> 
     </span>
    </p>

    <p class='ocr_par' dir='ltr' id='par_1_3' title="bbox 147 819 1869 1415">
     <span class='ocr_line' id='line_1_10' title="bbox 264 819 1846 879; baseline 0.004 -18"><span class='ocrx_word' id='word_1_86' title='bbox 264 821 387 862; x_wconf 90' lang='lat' dir='ltr'><strong>Huius</strong></span> <span class='ocrx_word' id='word_1_87' title='bbox 423 834 517 861; x_wconf 85' lang='lat' dir='ltr'><strong>vero</strong></span> <span class='ocrx_word' id='word_1_88' title='bbox 548 819 736 873; x_wconf 87' lang='lat' dir='ltr'><strong>pessimae</strong></span> <span class='ocrx_word' id='word_1_89' title='bbox 772 827 901 859; x_wconf 86' lang='lat' dir='ltr'><strong>sectae</strong></span> <span class='ocrx_word' id='word_1_90' title='bbox 939 819 1181 860; x_wconf 85' lang='lat' dir='ltr'><strong>occasionem</strong></span> <span class='ocrx_word' id='word_1_91' title='bbox 1217 822 1442 876; x_wconf 85' lang='lat' dir='ltr'><strong>initiumque</strong></span> <span class='ocrx_word' id='word_1_92' title='bbox 1474 824 1575 864; x_wconf 83' lang='lat' dir='ltr'><strong>dedit</strong></span> <span class='ocrx_word' id='word_1_93' title='bbox 1605 826 1666 865; x_wconf 89' lang='lat' dir='ltr'><strong>illa</strong></span> <span class='ocrx_word' id='word_1_94' title='bbox 1694 836 1846 879; x_wconf 78' lang='lat' dir='ltr'><strong>Cap.V1.</strong></span> 
     </span>
     <span class='ocr_line' id='line_1_11' title="bbox 150 886 1667 942; baseline 0.002 -14"><span class='ocrx_word' id='word_1_95' title='bbox 150 890 325 942; x_wconf 80' lang='lat' dir='ltr'><strong>quaestio</strong></span> <span class='ocrx_word' id='word_1_96' title='bbox 350 903 393 929; x_wconf 88' lang='lat' dir='ltr'><strong>ac</strong></span> <span class='ocrx_word' id='word_1_97' title='bbox 417 886 646 940; x_wconf 77' lang='lat' dir='ltr'><strong>disputatio,</strong></span> <span class='ocrx_word' id='word_1_98' title='bbox 680 887 869 926; x_wconf 86' lang='lat' dir='ltr'><strong>undenam</strong></span> <span class='ocrx_word' id='word_1_99' title='bbox 893 888 1030 926; x_wconf 88' lang='lat' dir='ltr'><strong>malum</strong></span> <span class='ocrx_word' id='word_1_100' title='bbox 1060 887 1246 941; x_wconf 85' lang='lat' dir='ltr'><strong>originem</strong></span> <span class='ocrx_word' id='word_1_101' title='bbox 1277 889 1465 930; x_wconf 87' lang='lat' dir='ltr'><strong>habuerit.</strong></span> <span class='ocrx_word' id='word_1_102' title='bbox 1524 890 1667 931; x_wconf 84' lang='lat' dir='ltr'><strong>Verum</strong></span> 
     </span>
     <span class='ocr_line' id='line_1_12' title="bbox 149 953 1670 1010; baseline 0.003 -16"><span class='ocrx_word' id='word_1_103' title='bbox 149 957 407 1009; x_wconf 87' lang='lat' dir='ltr'><strong>unusquisque</strong></span> <span class='ocrx_word' id='word_1_104' title='bbox 441 954 651 993; x_wconf 88' lang='lat' dir='ltr'><strong>cuiusmodi</strong></span> <span class='ocrx_word' id='word_1_105' title='bbox 676 953 748 1003; x_wconf 92' lang='lat' dir='ltr'><strong>sit,</strong></span> <span class='ocrx_word' id='word_1_106' title='bbox 781 954 1115 994; x_wconf 83' lang='lat' dir='ltr'><strong>administratione</strong></span> <span class='ocrx_word' id='word_1_107' title='bbox 1143 970 1188 995; x_wconf 82' lang='lat' dir='ltr'><strong>ac</strong></span> <span class='ocrx_word' id='word_1_108' title='bbox 1212 956 1473 1010; x_wconf 83' lang='lat' dir='ltr'><strong>negotiatione</strong></span> <span class='ocrx_word' id='word_1_109' title='bbox 1505 972 1573 998; x_wconf 88' lang='lat' dir='ltr'><strong>sna</strong></span> <span class='ocrx_word' id='word_1_110' title='bbox 1605 960 1670 998; x_wconf 88' lang='lat' dir='ltr'><strong>de—</strong></span> 
     </span>
     <span class='ocr_line' id='line_1_13' title="bbox 151 1019 1668 1075; baseline 0.002 -13"><span class='ocrx_word' id='word_1_111' title='bbox 151 1023 322 1062; x_wconf 88' lang='lat' dir='ltr'><strong>clarabit.</strong></span> <span class='ocrx_word' id='word_1_112' title='bbox 383 1019 626 1073; x_wconf 86' lang='lat' dir='ltr'><strong>Proindeque</strong></span> <span class='ocrx_word' id='word_1_113' title='bbox 652 1021 836 1061; x_wconf 88' lang='lat' dir='ltr'><strong>malorum</strong></span> <span class='ocrx_word' id='word_1_114' title='bbox 865 1023 1082 1075; x_wconf 78' lang='lat' dir='ltr'><strong>negotiator</strong></span> <span class='ocrx_word' id='word_1_115' title='bbox 1104 1038 1179 1062; x_wconf 91' lang='lat' dir='ltr'><strong>non</strong></span> <span class='ocrx_word' id='word_1_116' title='bbox 1202 1023 1389 1063; x_wconf 87' lang='lat' dir='ltr'><strong>bonorum</strong></span> <span class='ocrx_word' id='word_1_117' title='bbox 1414 1031 1475 1064; x_wconf 91' lang='lat' dir='ltr'><strong>est</strong></span> <span class='ocrx_word' id='word_1_118' title='bbox 1492 1024 1555 1065; x_wconf 88' lang='lat' dir='ltr'><strong>ille</strong></span> <span class='ocrx_word' id='word_1_119' title='bbox 1581 1026 1668 1065; x_wconf 91' lang='lat' dir='ltr'><strong>mali</strong></span> 
     </span>
     <span class='ocr_line' id='line_1_14' title="bbox 150 1088 1869 1144; baseline 0.001 -14"><span class='ocrx_word' id='word_1_120' title='bbox 150 1092 312 1138; x_wconf 83' lang='lat' dir='ltr'><strong>artifex,</strong></span> <span class='ocrx_word' id='word_1_121' title='bbox 346 1088 660 1142; x_wconf 87' lang='lat' dir='ltr'><strong>quemadmodum</strong></span> <span class='ocrx_word' id='word_1_122' title='bbox 687 1088 876 1142; x_wconf 88' lang='lat' dir='ltr'><strong>scriptura</strong></span> <span class='ocrx_word' id='word_1_123' title='bbox 903 1096 1089 1129; x_wconf 87' lang='lat' dir='ltr'><strong>testatur:</strong></span> <span class='ocrx_word' id='word_1_124' title='bbox 1126 1093 1200 1140; x_wconf 74' lang='lat' dir='ltr'><strong>Qui</strong></span> <span class='ocrx_word' id='word_1_125' title='bbox 1219 1100 1405 1142; x_wconf 76' lang='lat' dir='ltr'><strong>quaerunt</strong></span> <span class='ocrx_word' id='word_1_126' title='bbox 1422 1095 1538 1139; x_wconf 81' lang='lat' dir='ltr'><strong>mala,</strong></span> <span class='ocrx_word' id='word_1_127' title='bbox 1573 1096 1668 1132; x_wconf 79' lang='lat' dir='ltr'><strong>mala</strong></span> <span class='ocrx_word' id='word_1_128' title='bbox 1683 1109 1869 1144; x_wconf 77' lang='lat' dir='ltr'><strong>Eecles.7‚l.</strong></span> 
     </span>
     <span class='ocr_line' id='line_1_15' title="bbox 149 1154 1670 1212; baseline 0.002 -16"><span class='ocrx_word' id='word_1_129' title='bbox 149 1173 209 1196; x_wconf 80' lang='lat' dir='ltr'><strong>eos</strong></span> <span class='ocrx_word' id='word_1_130' title='bbox 232 1157 512 1208; x_wconf 77' lang='lat' dir='ltr'><strong>apprehendent.</strong></span> <span class='ocrx_word' id='word_1_131' title='bbox 563 1154 665 1195; x_wconf 89' lang='lat' dir='ltr'><strong>Nam</strong></span> <span class='ocrx_word' id='word_1_132' title='bbox 696 1169 819 1210; x_wconf 86' lang='lat' dir='ltr'><strong>neque</strong></span> <span class='ocrx_word' id='word_1_133' title='bbox 842 1157 980 1196; x_wconf 89' lang='lat' dir='ltr'><strong>malum</strong></span> <span class='ocrx_word' id='word_1_134' title='bbox 1007 1158 1209 1211; x_wconf 86' lang='lat' dir='ltr'><strong>aliquando</strong></span> <span class='ocrx_word' id='word_1_135' title='bbox 1235 1159 1379 1210; x_wconf 77' lang='lat' dir='ltr'><strong>extitit,</strong></span> <span class='ocrx_word' id='word_1_136' title='bbox 1414 1173 1537 1212; x_wconf 89' lang='lat' dir='ltr'><strong>neque</strong></span> <span class='ocrx_word' id='word_1_137' title='bbox 1558 1161 1670 1200; x_wconf 81' lang='lat' dir='ltr'><strong>radix</strong></span> 
     </span>
     <span class='ocr_line' id='line_1_16' title="bbox 150 1222 1670 1280; baseline 0.002 -16"><span class='ocrx_word' id='word_1_138' title='bbox 150 1225 224 1264; x_wconf 89' lang='lat' dir='ltr'><strong>ulla</strong></span> <span class='ocrx_word' id='word_1_139' title='bbox 254 1222 445 1276; x_wconf 84' lang='lat' dir='ltr'><strong>nequitiae</strong></span> <span class='ocrx_word' id='word_1_140' title='bbox 482 1222 573 1272; x_wconf 87' lang='lat' dir='ltr'><strong>fuit,</strong></span> <span class='ocrx_word' id='word_1_141' title='bbox 619 1237 743 1277; x_wconf 89' lang='lat' dir='ltr'><strong>neque</strong></span> <span class='ocrx_word' id='word_1_142' title='bbox 773 1224 927 1264; x_wconf 89' lang='lat' dir='ltr'><strong>omnino</strong></span> <span class='ocrx_word' id='word_1_143' title='bbox 962 1225 1101 1265; x_wconf 88' lang='lat' dir='ltr'><strong>malum</strong></span> <span class='ocrx_word' id='word_1_144' title='bbox 1129 1226 1293 1265; x_wconf 85' lang='lat' dir='ltr'><strong>solidum</strong></span> <span class='ocrx_word' id='word_1_145' title='bbox 1327 1227 1503 1280; x_wconf 90' lang='lat' dir='ltr'><strong>quiddam</strong></span> <span class='ocrx_word' id='word_1_146' title='bbox 1536 1234 1595 1266; x_wconf 86' lang='lat' dir='ltr'><strong>est</strong></span> <span class='ocrx_word' id='word_1_147' title='bbox 1625 1241 1670 1268; x_wconf 88' lang='lat' dir='ltr'><strong>ac</strong></span> 
     </span>
     <span class='ocr_line' id='line_1_17' title="bbox 149 1288 1670 1345; baseline 0.003 -14"><span class='ocrx_word' id='word_1_148' title='bbox 149 1290 378 1331; x_wconf 80' lang='lat' dir='ltr'><strong>consistens.</strong></span> <span class='ocrx_word' id='word_1_149' title='bbox 441 1288 591 1343; x_wconf 81' lang='lat' dir='ltr'><strong>Quippe</strong></span> <span class='ocrx_word' id='word_1_150' title='bbox 622 1290 758 1330; x_wconf 86' lang='lat' dir='ltr'><strong>malum</strong></span> <span class='ocrx_word' id='word_1_151' title='bbox 791 1292 1018 1345; x_wconf 85' lang='lat' dir='ltr'><strong>quandoque</strong></span> <span class='ocrx_word' id='word_1_152' title='bbox 1055 1293 1197 1333; x_wconf 90' lang='lat' dir='ltr'><strong>nnllnm</strong></span> <span class='ocrx_word' id='word_1_153' title='bbox 1237 1293 1327 1344; x_wconf 82' lang='lat' dir='ltr'><strong>fuit,</strong></span> <span class='ocrx_word' id='word_1_154' title='bbox 1370 1295 1437 1334; x_wconf 92' lang='lat' dir='ltr'><strong>sed</strong></span> <span class='ocrx_word' id='word_1_155' title='bbox 1473 1308 1523 1334; x_wconf 79' lang='lat' dir='ltr'><strong>ex</strong></span> <span class='ocrx_word' id='word_1_156' title='bbox 1559 1308 1670 1334; x_wconf 88' lang='lat' dir='ltr'><strong>occa-</strong></span> 
     </span>
     <span class='ocr_line' id='line_1_18' title="bbox 147 1357 1666 1415; baseline 0.003 -18"><span class='ocrx_word' id='word_1_157' title='bbox 147 1358 255 1397; x_wconf 89' lang='lat' dir='ltr'><strong>sione</strong></span> <span class='ocrx_word' id='word_1_158' title='bbox 278 1357 534 1397; x_wconf 88' lang='lat' dir='ltr'><strong>introductum</strong></span> <span class='ocrx_word' id='word_1_159' title='bbox 559 1364 595 1397; x_wconf 92' lang='lat' dir='ltr'><strong>et</strong></span> <span class='ocrx_word' id='word_1_160' title='bbox 619 1358 802 1398; x_wconf 88' lang='lat' dir='ltr'><strong>adscitum</strong></span> <span class='ocrx_word' id='word_1_161' title='bbox 825 1360 860 1398; x_wconf 90' lang='lat' dir='ltr'><strong>in</strong></span> <span class='ocrx_word' id='word_1_162' title='bbox 887 1373 1114 1413; x_wconf 89' lang='lat' dir='ltr'><strong>unoquoque</strong></span> <span class='ocrx_word' id='word_1_163' title='bbox 1137 1359 1238 1400; x_wconf 88' lang='lat' dir='ltr'><strong>inest</strong></span> <span class='ocrx_word' id='word_1_164' title='bbox 1255 1362 1316 1415; x_wconf 91' lang='lat' dir='ltr'><strong>qni</strong></span> <span class='ocrx_word' id='word_1_165' title='bbox 1339 1361 1427 1401; x_wconf 90' lang='lat' dir='ltr'><strong>illud</strong></span> <span class='ocrx_word' id='word_1_166' title='bbox 1451 1361 1666 1402; x_wconf 87' lang='lat' dir='ltr'><strong>committit.</strong></span> 
     </span>
    </p>

    <p class='ocr_par' dir='ltr' id='par_1_4' title="bbox 144 1423 1809 1614">
     <span class='ocr_line' id='line_1_19' title="bbox 147 1423 1669 1482; baseline 0.004 -19"><span class='ocrx_word' id='word_1_167' title='bbox 147 1423 257 1476; x_wconf 79' lang='lat' dir='ltr'><strong>Quod</strong></span> <span class='ocrx_word' id='word_1_168' title='bbox 282 1425 315 1464; x_wconf 91' lang='lat' dir='ltr'><strong>si</strong></span> <span class='ocrx_word' id='word_1_169' title='bbox 347 1424 500 1464; x_wconf 89' lang='lat' dir='ltr'><strong>minime</strong></span> <span class='ocrx_word' id='word_1_170' title='bbox 531 1426 791 1465; x_wconf 86' lang='lat' dir='ltr'><strong>committatur</strong></span> <span class='ocrx_word' id='word_1_171' title='bbox 818 1440 893 1465; x_wconf 92' lang='lat' dir='ltr'><strong>non</strong></span> <span class='ocrx_word' id='word_1_172' title='bbox 924 1427 1046 1477; x_wconf 85' lang='lat' dir='ltr'><strong>inest,</strong></span> <span class='ocrx_word' id='word_1_173' title='bbox 1090 1428 1125 1466; x_wconf 89' lang='lat' dir='ltr'><strong>id</strong></span> <span class='ocrx_word' id='word_1_174' title='bbox 1154 1428 1250 1481; x_wconf 92' lang='lat' dir='ltr'><strong>quod</strong></span> <span class='ocrx_word' id='word_1_175' title='bbox 1286 1442 1401 1482; x_wconf 89' lang='lat' dir='ltr'><strong>supra</strong></span> <span class='ocrx_word' id='word_1_176' title='bbox 1429 1430 1669 1469; x_wconf 89' lang='lat' dir='ltr'><strong>demonstra-</strong></span> 
     </span>
     <span class='ocr_line' id='line_1_20' title="bbox 144 1491 1809 1551; baseline 0.004 -20"><span class='ocrx_word' id='word_1_177' title='bbox 144 1492 285 1531; x_wconf 88' lang='lat' dir='ltr'><strong>vimus.</strong></span> <span class='ocrx_word' id='word_1_178' title='bbox 330 1491 485 1531; x_wconf 88' lang='lat' dir='ltr'><strong>Etenim</strong></span> <span class='ocrx_word' id='word_1_179' title='bbox 512 1492 685 1532; x_wconf 88' lang='lat' dir='ltr'><strong>dominus</strong></span> <span class='ocrx_word' id='word_1_180' title='bbox 708 1508 790 1532; x_wconf 91' lang='lat' dir='ltr'><strong>cum</strong></span> <span class='ocrx_word' id='word_1_181' title='bbox 818 1494 999 1534; x_wconf 84' lang='lat' dir='ltr'><strong>universa</strong></span> <span class='ocrx_word' id='word_1_182' title='bbox 1028 1502 1223 1545; x_wconf 86' lang='lat' dir='ltr'><strong>creasset,</strong></span> <span class='ocrx_word' id='word_1_183' title='bbox 1255 1498 1367 1543; x_wconf 84' lang='lat' dir='ltr'><strong>Ecce,</strong></span> <span class='ocrx_word' id='word_1_184' title='bbox 1394 1497 1532 1551; x_wconf 86' lang='lat' dir='ltr'><strong>inquit,</strong></span> <span class='ocrx_word' id='word_1_185' title='bbox 1565 1500 1670 1536; x_wconf 79' lang='lat' dir='ltr'><strong>valde</strong></span> <span class='ocrx_word' id='word_1_186' title='bbox 1689 1515 1763 1542; x_wconf 82' lang='lat' dir='ltr'><strong>Gen.</strong></span> <span class='ocrx_word' id='word_1_187' title='bbox 1785 1517 1809 1543; x_wconf 74' lang='lat'><strong>1,</strong></span> 
     </span>
     <span class='ocr_line' id='line_1_21' title="bbox 146 1560 1669 1614; baseline 0.005 -17"><span class='ocrx_word' id='word_1_188' title='bbox 146 1560 238 1598; x_wconf 81' lang='lat' dir='ltr'><strong>bona</strong></span> <span class='ocrx_word' id='word_1_189' title='bbox 254 1567 344 1598; x_wconf 77' lang='lat' dir='ltr'><strong>sunt</strong></span> <span class='ocrx_word' id='word_1_190' title='bbox 362 1563 506 1608; x_wconf 73' lang='lat' dir='ltr'><strong>omnia,-</strong></span> <span class='ocrx_word' id='word_1_191' title='bbox 541 1574 614 1613; x_wconf 91' lang='lat' dir='ltr'><strong>quo</strong></span> <span class='ocrx_word' id='word_1_192' title='bbox 636 1560 735 1599; x_wconf 86' lang='lat' dir='ltr'><strong>istud</strong></span> <span class='ocrx_word' id='word_1_193' title='bbox 760 1560 882 1614; x_wconf 87' lang='lat' dir='ltr'><strong>ipsum</strong></span> <span class='ocrx_word' id='word_1_194' title='bbox 907 1563 1151 1613; x_wconf 80' lang='lat' dir='ltr'><strong>ostenderet,</strong></span> <span class='ocrx_word' id='word_1_195' title='bbox 1186 1577 1262 1602; x_wconf 90' lang='lat' dir='ltr'><strong>uon</strong></span> <span class='ocrx_word' id='word_1_196' title='bbox 1288 1577 1376 1603; x_wconf 87' lang='lat' dir='ltr'><strong>esse</strong></span> <span class='ocrx_word' id='word_1_197' title='bbox 1401 1571 1511 1605; x_wconf 89' lang='lat' dir='ltr'><strong>vetus</strong></span> <span class='ocrx_word' id='word_1_198' title='bbox 1538 1567 1669 1605; x_wconf 86' lang='lat' dir='ltr'><strong>admo-</strong></span> 
     </span>
    </p>

    <p class='ocr_par' dir='ltr' id='par_1_5' title="bbox 146 1627 1664 1684">
     <span class='ocr_line' id='line_1_22' title="bbox 146 1627 1664 1684; baseline 0.004 -18"><span class='ocrx_word' id='word_1_199' title='bbox 146 1628 233 1666; x_wconf 87' lang='lat' dir='ltr'><strong>dum</strong></span> <span class='ocrx_word' id='word_1_200' title='bbox 257 1627 411 1676; x_wconf 86' lang='lat' dir='ltr'><strong>malum,</strong></span> <span class='ocrx_word' id='word_1_201' title='bbox 446 1641 569 1681; x_wconf 89' lang='lat' dir='ltr'><strong>neque</strong></span> <span class='ocrx_word' id='word_1_202' title='bbox 591 1627 714 1676; x_wconf 88' lang='lat' dir='ltr'><strong>initio,</strong></span> <span class='ocrx_word' id='word_1_203' title='bbox 749 1628 967 1682; x_wconf 89' lang='lat' dir='ltr'><strong>priusquam</strong></span> <span class='ocrx_word' id='word_1_204' title='bbox 993 1630 1039 1668; x_wconf 91' lang='lat' dir='ltr'><strong>ab</strong></span> <span class='ocrx_word' id='word_1_205' title='bbox 1064 1629 1215 1669; x_wconf 87' lang='lat' dir='ltr'><strong>homine</strong></span> <span class='ocrx_word' id='word_1_206' title='bbox 1239 1630 1441 1684; x_wconf 87' lang='lat' dir='ltr'><strong>inciperet,</strong></span> <span class='ocrx_word' id='word_1_207' title='bbox 1471 1632 1664 1673; x_wconf 81' lang='lat' dir='ltr'><strong>extitisse.</strong></span> 
     </span>
    </p>

    <p class='ocr_par' dir='ltr' id='par_1_6' title="bbox 146 1692 1669 1752">
     <span class='ocr_line' id='line_1_23' title="bbox 146 1692 1669 1752; baseline 0.003 -18"><span class='ocrx_word' id='word_1_208' title='bbox 146 1692 223 1734; x_wconf 88' lang='lat' dir='ltr'><strong>Per</strong></span> <span class='ocrx_word' id='word_1_209' title='bbox 247 1708 317 1734; x_wconf 88' lang='lat' dir='ltr'><strong>nos</strong></span> <span class='ocrx_word' id='word_1_210' title='bbox 339 1693 440 1733; x_wconf 88' lang='lat' dir='ltr'><strong>enim</strong></span> <span class='ocrx_word' id='word_1_211' title='bbox 464 1695 502 1733; x_wconf 87' lang='lat' dir='ltr'><strong>lit</strong></span> <span class='ocrx_word' id='word_1_212' title='bbox 527 1701 591 1734; x_wconf 89' lang='lat' dir='ltr'><strong>aut</strong></span> <span class='ocrx_word' id='word_1_213' title='bbox 616 1709 691 1734; x_wconf 92' lang='lat' dir='ltr'><strong>non</strong></span> <span class='ocrx_word' id='word_1_214' title='bbox 717 1696 770 1735; x_wconf 83' lang='lat' dir='ltr'><strong>lit.</strong></span> <span class='ocrx_word' id='word_1_215' title='bbox 832 1694 895 1735; x_wconf 80' lang='lat' dir='ltr'><strong>Ex</strong></span> <span class='ocrx_word' id='word_1_216' title='bbox 920 1710 966 1736; x_wconf 91' lang='lat' dir='ltr'><strong>eo</strong></span> <span class='ocrx_word' id='word_1_217' title='bbox 991 1711 1084 1750; x_wconf 84' lang='lat' dir='ltr'><strong>ergo</strong></span> <span class='ocrx_word' id='word_1_218' title='bbox 1109 1697 1258 1737; x_wconf 87' lang='lat' dir='ltr'><strong>scilicet</strong></span> <span class='ocrx_word' id='word_1_219' title='bbox 1277 1699 1374 1752; x_wconf 91' lang='lat' dir='ltr'><strong>quod</strong></span> <span class='ocrx_word' id='word_1_220' title='bbox 1401 1699 1525 1752; x_wconf 91' lang='lat' dir='ltr'><strong>quivis</strong></span> <span class='ocrx_word' id='word_1_221' title='bbox 1550 1700 1669 1739; x_wconf 85' lang='lat' dir='ltr'><strong>homi-</strong></span> 
     </span>
    </p>

    <p class='ocr_par' dir='ltr' id='par_1_7' title="bbox 147 1762 1668 1816">
     <span class='ocr_line' id='line_1_24' title="bbox 147 1762 1668 1816; baseline 0.004 -15"><span class='ocrx_word' id='word_1_222' title='bbox 147 1776 234 1802; x_wconf 90' lang='lat' dir='ltr'><strong>num</strong></span> <span class='ocrx_word' id='word_1_223' title='bbox 262 1762 396 1801; x_wconf 86' lang='lat' dir='ltr'><strong>malum</strong></span> <span class='ocrx_word' id='word_1_224' title='bbox 428 1763 554 1802; x_wconf 82' lang='lat' dir='ltr'><strong>facere</strong></span> <span class='ocrx_word' id='word_1_225' title='bbox 581 1763 716 1816; x_wconf 83' lang='lat' dir='ltr'><strong>possit,</strong></span> <span class='ocrx_word' id='word_1_226' title='bbox 750 1771 814 1803; x_wconf 92' lang='lat' dir='ltr'><strong>aut</strong></span> <span class='ocrx_word' id='word_1_227' title='bbox 839 1763 993 1804; x_wconf 89' lang='lat' dir='ltr'><strong>minime</strong></span> <span class='ocrx_word' id='word_1_228' title='bbox 1020 1765 1163 1813; x_wconf 74' lang='lat' dir='ltr'><strong>facere,</strong></span> <span class='ocrx_word' id='word_1_229' title='bbox 1196 1765 1228 1804; x_wconf 90' lang='lat' dir='ltr'><strong>si</strong></span> <span class='ocrx_word' id='word_1_230' title='bbox 1255 1765 1386 1816; x_wconf 80' lang='lat' dir='ltr'><strong>faciat,</strong></span> <span class='ocrx_word' id='word_1_231' title='bbox 1419 1767 1558 1806; x_wconf 85' lang='lat' dir='ltr'><strong>malum</strong></span> <span class='ocrx_word' id='word_1_232' title='bbox 1583 1767 1668 1807; x_wconf 85' lang='lat' dir='ltr'><strong>exi-</strong></span> 
     </span>
    </p>

    <p class='ocr_par' dir='ltr' id='par_1_8' title="bbox 146 1829 1669 1950">
     <span class='ocr_line' id='line_1_25' title="bbox 147 1829 1669 1886; baseline 0.003 -17"><span class='ocrx_word' id='word_1_233' title='bbox 147 1836 244 1878; x_wconf 86' lang='lat' dir='ltr'><strong>stet,</strong></span> <span class='ocrx_word' id='word_1_234' title='bbox 278 1829 310 1868; x_wconf 88' lang='lat' dir='ltr'><strong>si</strong></span> <span class='ocrx_word' id='word_1_235' title='bbox 337 1844 412 1868; x_wconf 89' lang='lat' dir='ltr'><strong>non</strong></span> <span class='ocrx_word' id='word_1_236' title='bbox 439 1830 574 1880; x_wconf 78' lang='lat' dir='ltr'><strong>faciat,</strong></span> <span class='ocrx_word' id='word_1_237' title='bbox 608 1830 748 1869; x_wconf 88' lang='lat' dir='ltr'><strong>nullum</strong></span> <span class='ocrx_word' id='word_1_238' title='bbox 777 1832 850 1870; x_wconf 90' lang='lat' dir='ltr'><strong>erit</strong></span> <span class='ocrx_word' id='word_1_239' title='bbox 873 1832 1043 1871; x_wconf 83' lang='lat' dir='ltr'><strong>omnino.</strong></span> <span class='ocrx_word' id='word_1_240' title='bbox 1104 1830 1179 1872; x_wconf 90' lang='lat' dir='ltr'><strong>Ubi</strong></span> <span class='ocrx_word' id='word_1_241' title='bbox 1209 1831 1327 1886; x_wconf 84' lang='lat' dir='ltr'><strong>igitur</strong></span> <span class='ocrx_word' id='word_1_242' title='bbox 1351 1834 1464 1873; x_wconf 80' lang='lat' dir='ltr'><strong>radix</strong></span> <span class='ocrx_word' id='word_1_243' title='bbox 1485 1834 1548 1874; x_wconf 88' lang='lat' dir='ltr'><strong>illa</strong></span> <span class='ocrx_word' id='word_1_244' title='bbox 1580 1835 1669 1875; x_wconf 87' lang='lat' dir='ltr'><strong>mali</strong></span> 
     </span>
     <span class='ocr_line' id='line_1_26' title="bbox 146 1896 862 1950; baseline 0.001 -14"><span class='ocrx_word' id='word_1_245' title='bbox 146 1896 421 1950; x_wconf 86' lang='lat' dir='ltr'><strong>pravitatisque</strong></span> <span class='ocrx_word' id='word_1_246' title='bbox 454 1905 591 1937; x_wconf 85' lang='lat' dir='ltr'><strong>natura</strong></span> <span class='ocrx_word' id='word_1_247' title='bbox 622 1897 862 1938; x_wconf 78' lang='lat' dir='ltr'><strong>subsistens?</strong></span> 
     </span>
    </p>

    <p class='ocr_par' dir='ltr' id='par_1_9' title="bbox 145 1963 1855 2833">
     <span class='ocr_line' id='line_1_27' title="bbox 257 1963 1855 2023; baseline 0.006 -20"><span class='ocrx_word' id='word_1_248' title='bbox 257 1963 474 2004; x_wconf 87' lang='lat' dir='ltr'><strong>Admodum</strong></span> <span class='ocrx_word' id='word_1_249' title='bbox 499 1979 590 2005; x_wconf 86' lang='lat' dir='ltr'><strong>vero</strong></span> <span class='ocrx_word' id='word_1_250' title='bbox 616 1965 776 2005; x_wconf 86' lang='lat' dir='ltr'><strong>stolidus</strong></span> <span class='ocrx_word' id='word_1_251' title='bbox 801 1973 880 2016; x_wconf 84' lang='lat' dir='ltr'><strong>est,</strong></span> <span class='ocrx_word' id='word_1_252' title='bbox 914 1981 997 2006; x_wconf 88' lang='lat' dir='ltr'><strong>cum</strong></span> <span class='ocrx_word' id='word_1_253' title='bbox 1027 1980 1047 2006; x_wconf 90' lang='lat' dir='ltr'><strong>a</strong></span> <span class='ocrx_word' id='word_1_254' title='bbox 1073 1966 1215 2007; x_wconf 90' lang='lat' dir='ltr'><strong>virtute</strong></span> <span class='ocrx_word' id='word_1_255' title='bbox 1238 1968 1459 2022; x_wconf 87' lang='lat' dir='ltr'><strong>productam</strong></span> <span class='ocrx_word' id='word_1_256' title='bbox 1490 1968 1664 2010; x_wconf 87' lang='lat' dir='ltr'><strong>Mentem</strong></span> <span class='ocrx_word' id='word_1_257' title='bbox 1693 1981 1855 2023; x_wconf 81' lang='lat' dir='ltr'><strong>Cap.V11.</strong></span> 
     </span>
     <span class='ocr_line' id='line_1_28' title="bbox 146 2030 1668 2085; baseline 0.005 -15"><span class='ocrx_word' id='word_1_258' title='bbox 146 2030 308 2081; x_wconf 88' lang='lat' dir='ltr'><strong>asserit,</strong></span> <span class='ocrx_word' id='word_1_259' title='bbox 342 2045 363 2071; x_wconf 87' lang='lat' dir='ltr'><strong>a</strong></span> <span class='ocrx_word' id='word_1_260' title='bbox 386 2030 521 2072; x_wconf 85' lang='lat' dir='ltr'><strong>Mente</strong></span> <span class='ocrx_word' id='word_1_261' title='bbox 547 2031 740 2081; x_wconf 79' lang='lat' dir='ltr'><strong>Verbum,</strong></span> <span class='ocrx_word' id='word_1_262' title='bbox 775 2047 818 2073; x_wconf 82' lang='lat' dir='ltr'><strong>ac</strong></span> <span class='ocrx_word' id='word_1_263' title='bbox 844 2033 914 2073; x_wconf 85' lang='lat' dir='ltr'><strong>hoc</strong></span> <span class='ocrx_word' id='word_1_264' title='bbox 935 2032 1207 2085; x_wconf 84' lang='lat' dir='ltr'><strong>Prudentiam,</strong></span> <span class='ocrx_word' id='word_1_265' title='bbox 1251 2035 1348 2076; x_wconf 87' lang='lat' dir='ltr'><strong>hanc</strong></span> <span class='ocrx_word' id='word_1_266' title='bbox 1379 2035 1568 2077; x_wconf 88' lang='lat' dir='ltr'><strong>Virtutem</strong></span> <span class='ocrx_word' id='word_1_267' title='bbox 1596 2035 1668 2078; x_wconf 81' lang='lat' dir='ltr'><strong>Sa-</strong></span> 
     </span>
     <span class='ocr_line' id='line_1_29' title="bbox 146 2098 1667 2158; baseline 0.005 -21"><span class='ocrx_word' id='word_1_268' title='bbox 146 2098 404 2152; x_wconf 86' lang='lat' dir='ltr'><strong>pientiamque</strong></span> <span class='ocrx_word' id='word_1_269' title='bbox 438 2100 655 2154; x_wconf 84' lang='lat' dir='ltr'><strong>peperisse,</strong></span> <span class='ocrx_word' id='word_1_270' title='bbox 698 2114 718 2139; x_wconf 92' lang='lat' dir='ltr'><strong>a</strong></span> <span class='ocrx_word' id='word_1_271' title='bbox 751 2101 884 2154; x_wconf 91' lang='lat' dir='ltr'><strong>quibus</strong></span> <span class='ocrx_word' id='word_1_272' title='bbox 916 2099 1138 2143; x_wconf 88' lang='lat' dir='ltr'><strong>Potestates</strong></span> <span class='ocrx_word' id='word_1_273' title='bbox 1172 2110 1210 2142; x_wconf 86' lang='lat' dir='ltr'><strong>et</strong></span> <span class='ocrx_word' id='word_1_274' title='bbox 1237 2102 1413 2144; x_wconf 88' lang='lat' dir='ltr'><strong>Virtutes</strong></span> <span class='ocrx_word' id='word_1_275' title='bbox 1450 2105 1667 2158; x_wconf 86' lang='lat' dir='ltr'><strong>Angelique</strong></span> 
     </span>
     <span class='ocr_line' id='line_1_30' title="bbox 146 2165 1667 2224; baseline 0.005 -19"><span class='ocrx_word' id='word_1_276' title='bbox 146 2166 371 2220; x_wconf 87' lang='lat' dir='ltr'><strong>prodierint.</strong></span> <span class='ocrx_word' id='word_1_277' title='bbox 436 2165 513 2207; x_wconf 88' lang='lat' dir='ltr'><strong>Sed</strong></span> <span class='ocrx_word' id='word_1_278' title='bbox 548 2168 604 2207; x_wconf 86' lang='lat' dir='ltr'><strong>his</strong></span> <span class='ocrx_word' id='word_1_279' title='bbox 638 2168 812 2208; x_wconf 90' lang='lat' dir='ltr'><strong>omnibus</strong></span> <span class='ocrx_word' id='word_1_280' title='bbox 847 2168 1085 2223; x_wconf 85' lang='lat' dir='ltr'><strong>superiorem</strong></span> <span class='ocrx_word' id='word_1_281' title='bbox 1121 2171 1308 2224; x_wconf 87' lang='lat' dir='ltr'><strong>quandam</strong></span> <span class='ocrx_word' id='word_1_282' title='bbox 1337 2171 1424 2211; x_wconf 90' lang='lat' dir='ltr'><strong>Vim</strong></span> <span class='ocrx_word' id='word_1_283' title='bbox 1458 2171 1587 2212; x_wconf 86' lang='lat' dir='ltr'><strong>statuit</strong></span> <span class='ocrx_word' id='word_1_284' title='bbox 1622 2187 1667 2212; x_wconf 86' lang='lat' dir='ltr'><strong>ac</strong></span> 
     </span>
     <span class='ocr_line' id='line_1_31' title="bbox 145 2231 1666 2291; baseline 0.005 -19"><span class='ocrx_word' id='word_1_285' title='bbox 145 2231 402 2287; x_wconf 81' lang='lat' dir='ltr'><strong>Principium,</strong></span> <span class='ocrx_word' id='word_1_286' title='bbox 449 2236 546 2288; x_wconf 89' lang='lat' dir='ltr'><strong>quod</strong></span> <span class='ocrx_word' id='word_1_287' title='bbox 579 2235 759 2275; x_wconf 85' lang='lat' dir='ltr'><strong>Abrasax</strong></span> <span class='ocrx_word' id='word_1_288' title='bbox 792 2237 976 2290; x_wconf 87' lang='lat' dir='ltr'><strong>appellat,</strong></span> <span class='ocrx_word' id='word_1_289' title='bbox 1020 2237 1106 2277; x_wconf 84' lang='lat' dir='ltr'><strong>ideo</strong></span> <span class='ocrx_word' id='word_1_290' title='bbox 1141 2239 1240 2291; x_wconf 89' lang='lat' dir='ltr'><strong>quod</strong></span> <span class='ocrx_word' id='word_1_291' title='bbox 1274 2239 1356 2278; x_wconf 87' lang='lat' dir='ltr'><strong>eius</strong></span> <span class='ocrx_word' id='word_1_292' title='bbox 1392 2240 1498 2279; x_wconf 85' lang='lat' dir='ltr'><strong>vocis</strong></span> <span class='ocrx_word' id='word_1_293' title='bbox 1533 2239 1666 2279; x_wconf 86' lang='lat' dir='ltr'><strong>literae</strong></span> 
     </span>
     <span class='ocr_line' id='line_1_32' title="bbox 149 2297 1666 2358; baseline 0.004 -18"><span class='ocrx_word' id='word_1_294' title='bbox 149 2297 377 2341; x_wconf 87' lang='lat' dir='ltr'><strong>CCCLXV</strong></span> <span class='ocrx_word' id='word_1_295' title='bbox 411 2316 609 2342; x_wconf 89' lang='lat' dir='ltr'><strong>numerum</strong></span> <span class='ocrx_word' id='word_1_296' title='bbox 640 2303 828 2352; x_wconf 89' lang='lat' dir='ltr'><strong>efficiunt,</strong></span> <span class='ocrx_word' id='word_1_297' title='bbox 876 2311 989 2358; x_wconf 87' lang='lat' dir='ltr'><strong>atque</strong></span> <span class='ocrx_word' id='word_1_298' title='bbox 1020 2319 1072 2344; x_wconf 80' lang='lat' dir='ltr'><strong>ex</strong></span> <span class='ocrx_word' id='word_1_299' title='bbox 1104 2319 1149 2345; x_wconf 89' lang='lat' dir='ltr'><strong>eo</strong></span> <span class='ocrx_word' id='word_1_300' title='bbox 1188 2306 1388 2345; x_wconf 82' lang='lat' dir='ltr'><strong>confictam</strong></span> <span class='ocrx_word' id='word_1_301' title='bbox 1426 2306 1527 2346; x_wconf 88' lang='lat' dir='ltr'><strong>illam</strong></span> <span class='ocrx_word' id='word_1_302' title='bbox 1560 2321 1666 2346; x_wconf 84' lang='lat' dir='ltr'><strong>suam</strong></span> 
     </span>
     <span class='ocr_line' id='line_1_33' title="bbox 147 2365 1667 2426; baseline 0.005 -19"><span class='ocrx_word' id='word_1_303' title='bbox 147 2367 193 2407; x_wconf 89' lang='lat' dir='ltr'><strong>de</strong></span> <span class='ocrx_word' id='word_1_304' title='bbox 217 2365 445 2409; x_wconf 85' lang='lat' dir='ltr'><strong>CCCLXV</strong></span> <span class='ocrx_word' id='word_1_305' title='bbox 468 2369 585 2409; x_wconf 79' lang='lat' dir='ltr'><strong>coelis</strong></span> <span class='ocrx_word' id='word_1_306' title='bbox 609 2369 769 2409; x_wconf 85' lang='lat' dir='ltr'><strong>fabulam</strong></span> <span class='ocrx_word' id='word_1_307' title='bbox 793 2372 1043 2426; x_wconf 88' lang='lat' dir='ltr'><strong>comprobare</strong></span> <span class='ocrx_word' id='word_1_308' title='bbox 1067 2372 1215 2413; x_wconf 89' lang='lat' dir='ltr'><strong>nititur.</strong></span> <span class='ocrx_word' id='word_1_309' title='bbox 1259 2371 1409 2425; x_wconf 83' lang='lat' dir='ltr'><strong>Quibus</strong></span> <span class='ocrx_word' id='word_1_310' title='bbox 1435 2374 1554 2414; x_wconf 86' lang='lat' dir='ltr'><strong>coelis</strong></span> <span class='ocrx_word' id='word_1_311' title='bbox 1578 2374 1667 2414; x_wconf 91' lang='lat' dir='ltr'><strong>toti-</strong></span> 
     </span>
     <span class='ocr_line' id='line_1_34' title="bbox 148 2436 1669 2495; baseline 0.005 -21"><span class='ocrx_word' id='word_1_312' title='bbox 148 2436 231 2475; x_wconf 91' lang='lat' dir='ltr'><strong>dem</strong></span> <span class='ocrx_word' id='word_1_313' title='bbox 259 2449 308 2475; x_wconf 83' lang='lat' dir='ltr'><strong>ex</strong></span> <span class='ocrx_word' id='word_1_314' title='bbox 332 2437 610 2476; x_wconf 86' lang='lat' dir='ltr'><strong>mathematicis</strong></span> <span class='ocrx_word' id='word_1_315' title='bbox 637 2437 847 2479; x_wconf 89' lang='lat' dir='ltr'><strong>rationibus</strong></span> <span class='ocrx_word' id='word_1_316' title='bbox 881 2440 976 2480; x_wconf 90' lang='lat' dir='ltr'><strong>situs</strong></span> <span class='ocrx_word' id='word_1_317' title='bbox 1010 2455 1054 2480; x_wconf 90' lang='lat' dir='ltr'><strong>ac</strong></span> <span class='ocrx_word' id='word_1_318' title='bbox 1092 2440 1263 2480; x_wconf 88' lang='lat' dir='ltr'><strong>locorum</strong></span> <span class='ocrx_word' id='word_1_319' title='bbox 1292 2441 1571 2495; x_wconf 86' lang='lat' dir='ltr'><strong>descriptiones</strong></span> <span class='ocrx_word' id='word_1_320' title='bbox 1604 2455 1669 2481; x_wconf 85' lang='lat' dir='ltr'><strong>ac-</strong></span> 
     </span>
     <span class='ocr_line' id='line_1_35' title="bbox 148 2503 1669 2558; baseline 0.005 -16"><span class='ocrx_word' id='word_1_321' title='bbox 148 2503 391 2543; x_wconf 90' lang='lat' dir='ltr'><strong>commodare</strong></span> <span class='ocrx_word' id='word_1_322' title='bbox 418 2503 520 2543; x_wconf 86' lang='lat' dir='ltr'><strong>omni</strong></span> <span class='ocrx_word' id='word_1_323' title='bbox 550 2518 621 2558; x_wconf 90' lang='lat' dir='ltr'><strong>ope</strong></span> <span class='ocrx_word' id='word_1_324' title='bbox 656 2518 701 2544; x_wconf 89' lang='lat' dir='ltr'><strong>ac</strong></span> <span class='ocrx_word' id='word_1_325' title='bbox 726 2507 850 2546; x_wconf 86' lang='lat' dir='ltr'><strong>studio</strong></span> <span class='ocrx_word' id='word_1_326' title='bbox 876 2508 1086 2548; x_wconf 85' lang='lat' dir='ltr'><strong>contendit.</strong></span> <span class='ocrx_word' id='word_1_327' title='bbox 1148 2507 1250 2548; x_wconf 88' lang='lat' dir='ltr'><strong>Nam</strong></span> <span class='ocrx_word' id='word_1_328' title='bbox 1280 2508 1429 2549; x_wconf 89' lang='lat' dir='ltr'><strong>illorum</strong></span> <span class='ocrx_word' id='word_1_329' title='bbox 1458 2509 1669 2549; x_wconf 81' lang='lat' dir='ltr'><strong>vanissima</strong></span> 
     </span>
     <span class='ocr_line' id='line_1_36' title="bbox 148 2570 1668 2630; baseline 0.005 -21"><span class='ocrx_word' id='word_1_330' title='bbox 148 2570 384 2610; x_wconf 87' lang='lat' dir='ltr'><strong>theoremata</strong></span> <span class='ocrx_word' id='word_1_331' title='bbox 411 2585 493 2611; x_wconf 91' lang='lat' dir='ltr'><strong>cum</strong></span> <span class='ocrx_word' id='word_1_332' title='bbox 524 2571 628 2625; x_wconf 83' lang='lat' dir='ltr'><strong>ipse,</strong></span> <span class='ocrx_word' id='word_1_333' title='bbox 658 2578 751 2624; x_wconf 34' lang='lat' dir='ltr'><strong>,tum</strong></span> <span class='ocrx_word' id='word_1_334' title='bbox 774 2573 835 2627; x_wconf 85' lang='lat' dir='ltr'><strong>qui</strong></span> <span class='ocrx_word' id='word_1_335' title='bbox 863 2588 911 2615; x_wconf 80' lang='lat' dir='ltr'><strong>ex</strong></span> <span class='ocrx_word' id='word_1_336' title='bbox 938 2575 1019 2615; x_wconf 83' lang='lat' dir='ltr'><strong>eius</strong></span> <span class='ocrx_word' id='word_1_337' title='bbox 1046 2576 1245 2630; x_wconf 87' lang='lat' dir='ltr'><strong>disciplina</strong></span> <span class='ocrx_word' id='word_1_338' title='bbox 1271 2583 1382 2625; x_wconf 89' lang='lat' dir='ltr'><strong>sunt,</strong></span> <span class='ocrx_word' id='word_1_339' title='bbox 1417 2576 1471 2616; x_wconf 90' lang='lat' dir='ltr'><strong>sic</strong></span> <span class='ocrx_word' id='word_1_340' title='bbox 1497 2576 1668 2630; x_wconf 86' lang='lat' dir='ltr'><strong>arripue-</strong></span> 
     </span>
     <span class='ocr_line' id='line_1_37' title="bbox 148 2638 1668 2697; baseline 0.005 -21"><span class='ocrx_word' id='word_1_341' title='bbox 148 2645 259 2688; x_wconf 90' lang='lat' dir='ltr'><strong>runt,</strong></span> <span class='ocrx_word' id='word_1_342' title='bbox 293 2645 333 2678; x_wconf 91' lang='lat' dir='ltr'><strong>ut</strong></span> <span class='ocrx_word' id='word_1_343' title='bbox 367 2638 404 2677; x_wconf 92' lang='lat' dir='ltr'><strong>in</strong></span> <span class='ocrx_word' id='word_1_344' title='bbox 440 2653 549 2678; x_wconf 89' lang='lat' dir='ltr'><strong>usum</strong></span> <span class='ocrx_word' id='word_1_345' title='bbox 573 2640 812 2680; x_wconf 78' lang='lat' dir='ltr'><strong>conformata</strong></span> <span class='ocrx_word' id='word_1_346' title='bbox 842 2655 950 2682; x_wconf 92' lang='lat' dir='ltr'><strong>suum</strong></span> <span class='ocrx_word' id='word_1_347' title='bbox 985 2643 1030 2682; x_wconf 90' lang='lat' dir='ltr'><strong>ad</strong></span> <span class='ocrx_word' id='word_1_348' title='bbox 1053 2643 1240 2683; x_wconf 89' lang='lat' dir='ltr'><strong>idolorum</strong></span> <span class='ocrx_word' id='word_1_349' title='bbox 1266 2643 1570 2697; x_wconf 84' lang='lat' dir='ltr'><strong>propugnatricis</strong></span> <span class='ocrx_word' id='word_1_350' title='bbox 1600 2644 1668 2683; x_wconf 84' lang='lat' dir='ltr'><strong>fal-</strong></span> 
     </span>
     <span class='ocr_line' id='line_1_38' title="bbox 150 2705 1668 2764; baseline 0.005 -21"><span class='ocrx_word' id='word_1_351' title='bbox 150 2717 292 2758; x_wconf 89' lang='lat' dir='ltr'><strong>saeque</strong></span> <span class='ocrx_word' id='word_1_352' title='bbox 326 2712 363 2744; x_wconf 90' lang='lat' dir='ltr'><strong>et</strong></span> <span class='ocrx_word' id='word_1_353' title='bbox 400 2705 639 2746; x_wconf 86' lang='lat' dir='ltr'><strong>adulterinae</strong></span> <span class='ocrx_word' id='word_1_354' title='bbox 668 2707 864 2748; x_wconf 90' lang='lat' dir='ltr'><strong>doctrinae</strong></span> <span class='ocrx_word' id='word_1_355' title='bbox 897 2723 1073 2751; x_wconf 90' lang='lat' dir='ltr'><strong>caussam</strong></span> <span class='ocrx_word' id='word_1_356' title='bbox 1110 2717 1224 2764; x_wconf 88' lang='lat' dir='ltr'><strong>atque</strong></span> <span class='ocrx_word' id='word_1_357' title='bbox 1258 2709 1445 2764; x_wconf 82' lang='lat' dir='ltr'><strong>originem</strong></span> <span class='ocrx_word' id='word_1_358' title='bbox 1483 2712 1668 2751; x_wconf 77' lang='lat' dir='ltr'><strong>transfer-</strong></span> 
     </span>
     <span class='ocr_line' id='line_1_39' title="bbox 149 2770 1668 2833; baseline 0.005 -23"><span class='ocrx_word' id='word_1_359' title='bbox 149 2779 249 2811; x_wconf 87' lang='lat' dir='ltr'><strong>rent.</strong></span> <span class='ocrx_word' id='word_1_360' title='bbox 296 2770 405 2824; x_wconf 83' lang='lat' dir='ltr'><strong>Quae</strong></span> <span class='ocrx_word' id='word_1_361' title='bbox 426 2773 574 2826; x_wconf 84' lang='lat' dir='ltr'><strong>quidem</strong></span> <span class='ocrx_word' id='word_1_362' title='bbox 597 2774 774 2814; x_wconf 89' lang='lat' dir='ltr'><strong>similium</strong></span> <span class='ocrx_word' id='word_1_363' title='bbox 795 2778 1103 2830; x_wconf 87' lang='lat' dir='ltr'><strong>supputationum</strong></span> <span class='ocrx_word' id='word_1_364' title='bbox 1127 2778 1357 2832; x_wconf 88' lang='lat' dir='ltr'><strong>comparatis</strong></span> <span class='ocrx_word' id='word_1_365' title='bbox 1378 2778 1565 2833; x_wconf 78' lang='lat' dir='ltr'><strong>exemplis</strong></span> <span class='ocrx_word' id='word_1_366' title='bbox 1583 2792 1668 2818; x_wconf 89' lang='lat' dir='ltr'><strong>cor—</strong></span> 
     </span>
    </p>
   </div>
   <div class='ocr_carea' id='block_1_3' title="bbox 149 2895 1667 3026">
    <p class='ocr_par' dir='ltr' id='par_1_10' title="bbox 149 2895 1667 3026">
     <span class='ocr_line' id='line_1_40' title="bbox 151 2895 1667 2944; baseline 0.004 -19"><span class='ocrx_word' id='word_1_367' title='bbox 151 2895 268 2934; x_wconf 74' lang='lat' dir='ltr'><strong>Reliqui</strong></span> <span class='ocrx_word' id='word_1_368' title='bbox 285 2898 355 2927; x_wconf 87' lang='lat' dir='ltr'><strong>libri</strong></span> <span class='ocrx_word' id='word_1_369' title='bbox 379 2897 454 2934; x_wconf 78' lang='grc' dir='ltr'>ἴσας</span> <span class='ocrx_word' id='word_1_370' title='bbox 474 2900 542 2934; x_wconf 78' lang='grc' dir='ltr'><strong>τοῖς</strong></span> <span class='ocrx_word' id='word_1_371' title='bbox 561 2897 752 2938; x_wconf 71' lang='grc' dir='ltr'>ποὲῖητικοῖς</span> <span class='ocrx_word' id='word_1_372' title='bbox 775 2898 883 2941; x_wconf 63' lang='lat' dir='ltr'><strong>(not-q·</strong></span> <span class='ocrx_word' id='word_1_373' title='bbox 929 2900 1075 2933; x_wconf 85' lang='lat' dir='ltr'><strong>locorum</strong></span> <span class='ocrx_word' id='word_1_374' title='bbox 1105 2900 1303 2943; x_wconf 84' lang='lat' dir='ltr'><strong>digestiones</strong></span> <span class='ocrx_word' id='word_1_375' title='bbox 1338 2901 1476 2944; x_wconf 86' lang='lat' dir='ltr'><strong>poeticis</strong></span> <span class='ocrx_word' id='word_1_376' title='bbox 1500 2900 1667 2933; x_wconf 87' lang='lat' dir='ltr'><strong>divisioni-</strong></span> 
     </span>
     <span class='ocr_line' id='line_1_41' title="bbox 149 2942 1569 2990; baseline 0.005 -20"><span class='ocrx_word' id='word_1_377' title='bbox 149 2942 251 2976; x_wconf 78' lang='grc' dir='ltr'>τικοῖς</span> <span class='ocrx_word' id='word_1_378' title='bbox 276 2943 448 2973; x_wconf 78' lang='lat' dir='ltr'><strong>emendavit</strong></span> <span class='ocrx_word' id='word_1_379' title='bbox 478 2944 659 2985; x_wconf 79' lang='lat' dir='ltr'><strong>Ceruarius)</strong></span> <span class='ocrx_word' id='word_1_380' title='bbox 693 2942 883 2983; x_wconf 81' lang='grc' dir='ltr'>διαιρέσεσι.</span> <span class='ocrx_word' id='word_1_381' title='bbox 929 2946 988 2978; x_wconf 86' lang='lat' dir='ltr'><strong>bus</strong></span> <span class='ocrx_word' id='word_1_382' title='bbox 1012 2958 1106 2990; x_wconf 81' lang='lat' dir='ltr'><strong>pares</strong></span> <span class='ocrx_word' id='word_1_383' title='bbox 1127 2945 1326 2979; x_wconf 82' lang='lat' dir='ltr'><strong>constituere</strong></span> <span class='ocrx_word' id='word_1_384' title='bbox 1347 2946 1481 2979; x_wconf 85' lang='lat' dir='ltr'><strong>studens</strong></span> <span class='ocrx_word' id='word_1_385' title='bbox 1503 2950 1569 2979; x_wconf 77' lang='lat' dir='ltr'><strong>cett.</strong></span> 
     </span>
     <span class='ocr_line' id='line_1_42' title="bbox 153 2983 887 3026; baseline 0.012 -14"><span class='ocrx_word' id='word_1_386' title='bbox 153 2983 318 3016; x_wconf 74' lang='lat' dir='ltr'><strong>Corriurius</strong></span> <span class='ocrx_word' id='word_1_387' title='bbox 350 2989 456 3018; x_wconf 66' lang='lat' dir='ltr'><strong>vertit:</strong></span> <span class='ocrx_word' id='word_1_388' title='bbox 503 2986 625 3026; x_wconf 80' lang='lat' dir='ltr'><strong>Quibus</strong></span> <span class='ocrx_word' id='word_1_389' title='bbox 661 2987 759 3019; x_wconf 82' lang='lat' dir='ltr'><strong>coelis</strong></span> <span class='ocrx_word' id='word_1_390' title='bbox 790 2988 887 3021; x_wconf 81' lang='lat' dir='ltr'><strong>etiam</strong></span> 
     </span>
    </p>
   </div>
  </div>
 </body>
</html>
