2034 3267
206 551 270 580 pag.
291 542 331 569 4⁴.

175 1083 261 1123 Κεφ.
290 1077 325 1117 ς’.

211 2515 275 2544 pag.
294 2503 333 2531 45.

184 2690 271 2732 Κεφ.
294 2686 335 2721 α’.

355 176 431 215 102
901 177 1059 209 εΑΝοΤι
1083 175 1304 207 EPIPHANH

353 266 434 308 τοῖς
455 258 652 312 μετέπειτα
669 251 852 310 γεγονόσι.
884 253 963 292 Καὶ
985 252 1185 305 κέχρηνται
1206 248 1308 307 αὐτῷ
1330 252 1506 308 τέσσαρες
1523 254 1697 309 αἱρέσεις,
1722 252 1854 306 ἐπειδὴ

352 327 557 381 θέλγονται
577 327 623 380 τῇ
644 319 766 362 αὐτοῦ
785 317 926 376 πλάνῃ,
955 316 1203 372 Ἐβιωναίων
1224 333 1275 368 τε,
1296 322 1372 359 τῶν
1390 321 1585 371 μετέπειτα
1605 326 1856 377 Ναζωραίων,

353 391 548 444 Ὀσσηνῶν
571 405 630 439 τε,
659 392 736 428 τῶν
754 385 830 442 πρὸ
855 384 976 427 αὐτοῦ
996 386 1062 427 καὶ
1085 384 1155 427 σύν
1180 382 1302 442 αὐτῷ,
1333 385 1398 426 καὶ
1421 390 1655 441 Νασαραίων
1675 393 1752 429 τῶν
1777 386 1857 428 ἅνω

355 476 420 513 μοι
439 455 802 511 προδεδηλωμένων.
859 452 972 507 Αὕτη
994 453 1036 495 δὲ
1061 451 1087 506 ἡ
1107 454 1252 507 αἵρεσις
1277 457 1355 493 τῶν
1381 451 1476 504 ἑπτὰ
1496 458 1571 494 τῶν
1593 457 1633 497 ἐν
1652 454 1857 510 Ἱεροσολύ-

356 542 461 579 μοις,
499 525 640 571 αἵτινες
669 523 864 575 ἐνέμειναν
896 519 983 576 ἄχρι
1006 525 1076 573 τῆς
1102 525 1172 562 τοῦ
1198 524 1368 575 Χριστοῦ
1397 523 1631 574 παρουσίας,
1668 524 1733 564 καὶ
1766 519 1858 576 μετά

353 591 420 644 τὴν
445 594 615 645 Χριστοῦ
637 591 825 643 ἕνσαρκον
845 590 1062 643 παρουσίαν
1087 586 1173 643 ι’)ίχρι
1197 592 1266 641 τῆς
1287 592 1364 628 τῶν
1381 585 1651 642 Ἱεροσολύμων
1669 587 1857 639 ἁλώσεως,

351 659 437 712 ἥτις
461 658 614 712 γέγονεν
640 655 718 698 dm}
745 660 859 698 Τίτου
889 656 1073 709 βασιλέως
1104 653 1273 706 ἀδελφοῦ
1296 659 1559 707 Δομετιανοῦ,
1590 657 1677 696 υἱοῦ
1698 657 1739 698 δὲ
1766 655 1859 698 Οὐε-

351 730 568 768 σπασιανοῦ
597 725 793 777 βασιλέως.
851 721 966 764 Μετά
996 723 1038 764 δὲ
1061 721 1131 776 τήν
1150 727 1226 764 τῶν
1252 720 1523 777 Ἱεροσολύμων
1546 722 1686 763 ἅλωσιν
1711 725 1856 776 ἐπέμει-

350 810 415 834 νεν
438 791 463 846 ’ἥ
482 809 521 834 τε
550 791 647 845 αὕτη
671 792 736 833 καὶ
766 793 808 832 αἱ
829 789 936 832 ἄλλαι
960 789 1073 848 ὀλίγῳ
1101 794 1152 847 τῷ
1177 788 1300 847 χρόνῳ
1333 792 1376 831 αἱ
1405 788 1657 843 φημιζόμεναι
1682 792 1857 844 αἱρέσεις,

352 862 634 902 Σαδδουκαίων
658 860 783 912 φημὶ,
821 859 888 900 καὶ
910 863 948 898 Γ
943 858 1190 911 ραμματέων,
1230 860 1452 912 Φαρισαίων
1472 875 1533 908 τε,
1563 858 1627 898 καὶ
1651 855 1856 911 Ἡμεροβα-

350 932 534 980 πτιστῶν,
562 928 628 969 καὶ
652 928 908 981 Νασαραίων,
937 926 1004 967 καὶ
1024 923 1241 978 Ὀσσηνῶν,
1279 926 1346 966 καὶ
1368 921 1638 978 Ἡρῳδιανῶν,
1677 923 1783 979 ἄχρις
1812 920 1860 966 οὗ

350 994 449 1037 κατά
475 993 612 1049 καιρόν
633 995 700 1035 καὶ
719 992 815 1035 κατα
837 991 976 1047 χρόνον
1002 991 1140 1045 ἑκάστη
1164 990 1293 1033 αὐτῶν
1315 994 1660 1046 διασκορπισθεῖσα
1684 991 1856 1045 διελύθη.

467 1060 671 1117 1Ἀρκείτω
694 1061 735 1102 δὲ
756 1062 854 1114 ἔχειν
876 1058 939 1101 ἄπ’
964 1059 1084 1113 αὐτῆς
1111 1064 1180 1112 τῆς
1202 1057 1330 1100 αὐτῶν
1357 1062 1658 1114 φρενοβλαβείας
1686 1060 1752 1100 καὶ
1780 1064 1859 1100 τῶν

350 1129 532 1184 ῥημάτων
553 1133 623 1171 τοῦ
645 1127 892 1183 κηρύγματος
911 1132 980 1169 τοῦ
1004 1129 1234 1181 δηλητηρίου
1261 1128 1322 1168 ιὀῦ
1346 1124 1591 1180 ἀλεξητήριον
1618 1128 1738 1183 ἑαυτῷ
1762 1126 1857 1168 πάν-

349 1216 395 1240 τα
421 1199 581 1249 νουνεχῆ
600 1197 903 1245 κατασκευάσαι,
932 1192 1172 1249 καταγνόντα
1202 1197 1271 1246 τῆς
1300 1192 1574 1246 συρφετώδους
1603 1191 1729 1234 αὐτῶν
1753 1197 1858 1236 διδα-

351 1267 507 1313 σκαλίας
531 1280 570 1304 τε
593 1264 658 1304 καὶ
686 1266 840 1312 λαλιᾶς,
877 1263 942 1303 καὶ
968 1260 1126 1314 μάλιστα
1147 1263 1216 1301 τοῦ
1241 1262 1379 1314 κυρίου
1402 1258 1524 1308 εὐθύς
1547 1262 1723 1315 λέγοντος
1752 1263 1793 1302 ἔν
1821 1278 1861 1302 τε

350 1338 404 1390 τῷ
423 1331 532 1387 νόμῳ
553 1331 618 1371 καὶ
637 1331 676 1371 ἐν
696 1334 748 1386 τῷ
769 1327 990 1383 εὐαγγελίῳ,
1027 1326 1109 1368 Οὐκ
1127 1329 1277 1369 ἔσονταί
1296 1340 1355 1368 σοι
1375 1328 1464 1368 θεοὶ
1486 1328 1603 1380 ἕτεροι
1623 1327 1723 1382 πλὴν
1745 1330 1858 1381 ἐμοῦ·

353 1399 399 1442 οὗ
419 1397 527 1455 λήψῃ
549 1396 672 1449 ὄνομά
695 1413 799 1444 τινος
820 1396 950 1450 ἑτέρου
972 1392 1032 1446 ἐφ’
1056 1393 1177 1451 ὅρκῳ·
1209 1395 1276 1435 καὶ
1302 1392 1416 1435 πάλιν
1445 1396 1484 1436 έν
1504 1400 1556 1452 τῷ
1579 1394 1781 1452 εὐαγγελίῳ
1804 1394 1860 1436 λέ-

351 1483 499 1523 γοντος,
526 1462 602 1517 Μή
622 1462 785 1516 ὀμνύναι
807 1461 901 1516 μήτε
917 1460 983 1503 τὸν
1003 1459 1183 1517 οὐρανόν,
1203 1460 1296 1514 μήτε
1319 1460 1386 1514 την
1407 1465 1490 1517 γῆν,
1511 1461 1603 1516 μήτε
1628 1461 1756 1517 ἕτερόν
1776 1480 1860 1503 τινα

1234 1527 1242 1542 ἱ
1297 1527 1315 1542 Ἃ
1366 1528 1375 1541 Ἰ

352 1535 490 1589 ὅρκον,
522 1529 597 1573 ἀλλ’
620 1530 699 1585 ἤτω
722 1528 831 1584 ὑμῶν
851 1529 894 1572 τὸ
921 1531 984 1571 ναὶ
1008 1530 1085 1580 ναὶ,
1115 1530 1181 1570 καὶ
1201 1546 1243 1570 το
1268 1546 1314 1570 ου
1336 1528 1403 1580 ου’,
1432 1527 1473 1570 τό
1501 1529 1767 1584 περισσότερον
1785 1528 1859 1585 γάρ

351 1601 498 1644 τούτων
530 1600 574 1641 ἐκ
597 1604 667 1640 τοῦ
696 1601 873 1653 πονηροῦ
897 1595 1069 1652 ὑπάρχει.
1126 1594 1231 1651 Ἐγώ
1262 1597 1303 1638 δὲ
1330 1597 1416 1652 περὶ
1444 1595 1583 1638 τούτου
1620 1600 1760 1650 νομίζω
1790 1603 1856 1638 θε-

353 1672 484 1712 σπίσαι
503 1665 570 1709 τόν
590 1665 726 1721 κύριον
749 1664 812 1708 διά
835 1664 876 1707 τὸ
899 1666 1042 1718 μέλλειν
1065 1662 1169 1712 τινας
1187 1665 1307 1719 λέγειν
1327 1665 1366 1706 ἐν
1389 1663 1513 1713 ἄλλοις
1532 1662 1714 1718 ὀνόμασιν
1737 1664 1859 1720 ὅρκον

352 1734 660 1789 προβάλλεσθαι,
691 1737 844 1788 πρῶτον
874 1733 941 1785 μὲν
967 1726 1038 1774 οὗν
1065 1730 1124 1773 ὅτι
1148 1729 1194 1773 ού
1227 1734 1289 1772 δεῖ
1309 1729 1489 1784 ὀμνύναι,
1530 1730 1616 1772 οὔτε
1645 1730 1764 1774 αὐτόν
1792 1731 1859 1774 τόν

351 1803 507 1858 κύριον,
537 1800 626 1843 οὔτε
656 1799 767 1842 ἄλλον
802 1799 887 1842 τινα
915 1799 1053 1855 ὅρκον·
1097 1804 1166 1841 τοῦ
1190 1798 1262 1854 γάρ
1290 1803 1464 1854 πονηροῦ
1496 1800 1572 1840 ἐστι
1605 1798 1648 1841 τό
1682 1797 1857 1852 ὀμνύναι.

357 1868 538 1925 Πονηρὸς
563 1869 603 1909 δὲ
630 1867 706 1922 ἄρα
731 1869 796 1909 καὶ
817 1866 839 1909 ὁ
863 1869 903 1909 ἐν
927 1872 978 1924 τῷ
999 1865 1131 1916 Ἠλξαῒ
1147 1865 1331 1920 λαλήσας,
1363 1864 1384 1907 ὁ
1403 1865 1696 1921 καταναγκάσας
1716 1865 1763 1907 ού
1786 1866 1855 1919 μό-

354 1956 421 1981 νον
444 1939 484 1979 ἐν
504 1941 585 1993 θεῷ
607 1935 793 1989 ὀμνύναι,
832 1933 924 1976 άλλά
947 1936 1012 1976 καὶ
1036 1935 1074 1976 ἐν
1096 1932 1178 1985 cim,
1218 1935 1284 1975 καὶ
1306 1935 1346 1975 ἐν
1371 1933 1501 1984 ὕδατι,
1539 1935 1605 1975 καὶ
1637 1936 1678 1976 ἐν
1711 1935 1855 1989 αἰθέρι,

354 2008 418 2048 καὶ
441 2007 481 2047 ἐν
500 2002 648 2060 άνέμῳ,
678 2004 744 2044 καὶ
769 2004 811 2044 ἐν
831 2005 876 2060 τῇ
899 2006 968 2059 γῇ,
998 2003 1060 2043 καὶ
1088 2003 1128 2043 ἐν
1148 2000 1313 2058 οὐρανῷ.
1368 1998 1544 2056 ’Λρκετόν
1569 2002 1610 2042 δὲ
1641 1999 1693 2049 ὥς
1719 2003 1759 2043 ἐν
1785 2019 1857 2042 πα-

356 2073 458 2130 ρόδῳ
484 2070 547 2114 διὰ
571 2076 646 2112 τῶν
675 2069 745 2112 δύο
768 2068 892 2125 λόγων
916 2068 1014 2123 πρὸς
1038 2067 1234 2111 άντίθεσιν
1262 2073 1331 2122 τῆς
1357 2067 1474 2110 αὐτοῦ
1500 2067 1646 2121 πλάνης
1669 2066 1856 2126 οῗντιδότῳ

355 2146 522 2196 χρῆσθαι
544 2138 612 2180 τόν
635 2136 872 2191 βουλόμενον
895 2139 1155 2191 ίατρευθῆναι.
1216 2134 1430 2192 Παρελθών
1456 2135 1496 2176 δὲ
1516 2134 1658 2177 τούτου
1682 2135 1753 2189 τὴν
1776 2137 1855 2192 ε’ρε-

356 2211 501 2262 σχελίαν
534 2207 601 2248 καὶ
631 2205 673 2247 τό
704 2205 878 2247 ὕπουλον
908 2203 1050 2256 ταύτης
1075 2208 1144 2257 τῆς
1177 2205 1357 2258 αἱρέσεως
1387 2204 1521 2256 ἐφεξῆς
1548 2201 1759 2256 ποιήσομαι
1789 2207 1858 2256 τῆς

357 2275 526 2328 ἑβδόμης
554 2274 736 2327 αἱρέσεως
766 2271 833 2314 τὸν
855 2273 1026 2327 ἔλεγχον,
1055 2275 1121 2324 τῆς
1143 2270 1247 2327 παρὰ
1270 2277 1352 2320 τοῖς
1375 2269 1504 2319 αὐτοῖς
1527 2269 1611 2312 τότε
1636 2285 1856 2324 νομιστευο-

361 2344 486 2396 μένης.
547 2342 626 2382 Καὶ
654 2342 755 2383 ἔστιν
784 2339 892 2393 αὕτη.

742 2504 946 2548 ΚΑΤΑ
997 2502 1479 2547 ΗΡΩΔΙΑΝΩΝ.

352 2578 546 2642 Ἑβδόμη
582 2582 739 2642 αἵρεσις
774 2578 860 2627 ἀπὸ
896 2578 1189 2639 Ἰουδαϊσμοῦ,
1235 2577 1407 2638 εἰκοστὴ
1441 2579 1489 2625 δὲ
1520 2579 1576 2638 τῇ
1613 2575 1855 2641 ἀκολουθίᾳ.

472 2676 587 2719 Mero}
615 2677 758 2730 ταύτην
792 2677 833 2718 δὲ
864 2677 930 2718 καὶ
960 2674 1052 2729 μετά
1085 2674 1226 2724 ταύτας
1259 2675 1374 2718 πάλιν
1406 2673 1551 2728 ἑβδόμη
1585 2675 1727 2728 αἵρεσις
1757 2669 1806 2726 ἧν
1832 2672 1861 2727 ἦ

360 2750 436 2786 τῶν
454 2743 701 2798 Ἡρωδιανῶν
724 2744 949 2797 καλουμένη.
1012 2741 1134 2784 Οὐδὲν
1158 2744 1199 2785 δὲ
1219 2745 1329 2797 ἔσχον
1350 2761 1382 2785 τι
1407 2741 1717 2796 παρηλλαγμένον
1738 2736 1859 2791 οὗτοι,

362 2810 439 2852 ἄλλ’
463 2811 544 2853 ὅλοι
566 2813 658 2853 εἰσὶν
675 2810 876 2861 Ἰουδαῖοι,
906 2809 1017 2865 άργοί
1046 2827 1083 2851 τε
1114 2812 1180 2851 καὶ
1209 2809 1421 2866 ὑποκριταί.
1476 2807 1651 2864 Ἡρώδην
1682 2808 1723 2848 δὲ
1751 2803 1859 2850 οὗτοι

363 2877 524 2934 ἡγοῦντο
547 2878 713 2933 Χριστόν
735 2878 890 2933 κύριον,
919 2876 986 2920 τόν
1005 2879 1046 2919 έν
1068 2877 1210 2926 πάσαις
1229 2882 1395 2933 γραφαῖς
1416 2875 1538 2929 νόμου
1557 2892 1595 2916 τε
1620 2875 1687 2916 καὶ
1708 2893 1860 2930 προφη-

418 2971 492 3002 Cn.
516 2971 571 3003 VI.
604 2989 646 2996 -
694 2971 723 3004 1.
747 2972 897 3011 Rescripsi
930 2966 1097 3011 Ἀρκείτω.
1143 2971 1227 3001 Libri
1252 2971 1359 3001 habent
1375 2965 1552 3010 Ἀρκετῶς.
1601 2968 1735 2999 Celerum
1763 2969 1863 3008 possis
