2034 3267
452 182 631 213 PANARu
657 183 756 216 ADV.
781 183 1003 215 HAERESES
1027 183 1108 215 Lm.
1128 185 1152 215 1.
1176 184 1281 217 ToM.
1301 185 1324 216 1.
1592 178 1643 216 37

129 275 175 301 eo
200 261 284 300 loco
311 260 510 300 consilium
535 260 781 312 habuissent,
815 262 861 302 de
888 262 982 302 turri
1005 261 1175 315 urbeque
1201 261 1276 302 illic
1302 263 1517 303 extruenda
1541 263 1642 304 inter

127 341 169 368 se
195 334 380 367 statuunt.
429 325 504 380 Qui
527 341 659 367 omnes
681 329 778 381 quod
802 329 848 368 ab
870 327 1050 383 Europae
1076 328 1286 383 propinquo
1307 336 1431 370 tractu
1453 329 1492 370 in
1517 330 1638 371 Asiae

126 394 312 434 interiora
333 401 617 448 penetrassent,
649 395 864 448 insequenti
889 402 1058 449 tempore
1080 395 1312 450 Scytharum
1337 411 1550 450 cognomen
1572 398 1637 438 ad-

126 461 201 516 epti
237 468 340 501 sunt.
400 460 506 515 Ergo
540 461 592 500 illi
627 461 758 500 turrim
789 468 825 500 et
852 460 1089 515 Babylonem
1121 463 1336 503 aedificant.
1398 462 1474 504 Sed
1507 465 1634 505 divino

125 528 270 568 numini
296 529 341 569 de
363 528 497 568 insana
518 528 580 568 illa
602 527 798 567 molitione
824 528 1028 580 displicuit.
1082 526 1248 582 Ideoque
1272 530 1463 585 dissipatis
1482 532 1633 572 illorum

123 595 263 648 linguis
290 596 532 650 septuaginta
557 595 649 634 duas
671 607 722 633 ex
749 608 822 633 una
849 594 960 645 fecit,
995 609 1062 648 pro
1084 595 1276 636 hominum
1302 612 1461 639 numero
1488 599 1549 653 qui
1569 599 1634 640 illo

125 669 295 716 tempore
316 669 492 717 repertus
515 668 586 701 est.
634 659 742 701 Unde
762 667 800 700 et
818 659 1003 715 Meropes
1025 675 1045 700 a
1066 662 1174 702 vocis
1199 662 1387 704 divisione
1410 667 1630 721 nuncupati.

125 729 265 770 Turris
289 730 370 784 ipsa
395 729 555 782 denique
579 734 781 767 ventorum
806 727 948 782 impetu
970 728 1142 768 disiecta.
1205 727 1424 770 Secundum
1455 732 1548 773 haec
1579 734 1632 775 illi

124 810 191 850 per
223 797 443 836 universum
478 795 607 834 orbem
642 795 779 833 dextra
809 807 854 833 ac
891 794 1048 834 sinistra
1082 794 1266 849 dispersi,
1309 797 1372 836 alii
1402 811 1449 838 eo
1482 801 1631 842 rediere

121 864 220 903 unde
245 864 515 911 discesserant,
549 859 612 900 alii
636 860 786 914 longius
807 861 853 900 ad
876 861 1063 902 orientem
1091 863 1287 916 progressi
1309 871 1412 904 sunt.
1459 863 1504 905 In
1525 867 1631 908 Afri-

122 944 205 970 cam
236 929 402 970 nonnulli
434 935 707 981 pervenerunt.
771 926 883 981 Quod
915 929 947 968 si
980 929 1063 982 quis
1096 930 1168 969 ista
1202 930 1420 984 diligentius
1449 931 1631 986 indagare

121 998 298 1048 voluerit,
331 1010 402 1048 quo
424 994 573 1034 illorum
597 995 756 1049 quisque
779 995 829 1035 sit
850 997 1061 1050 profectus,
1091 1011 1251 1050 quamve
1276 998 1412 1038 sortito
1438 1012 1489 1038 ex
1511 1000 1632 1039 omni—

121 1064 191 1104 bus
213 1064 404 1117 regionem
431 1063 642 1115 occuparit,
672 1063 782 1102 facile
806 1063 1079 1117 deprehendet.
1130 1063 1188 1104 Ita
1208 1063 1386 1105 Mistrem
1405 1066 1444 1105 in
1463 1066 1631 1121 Aegypti

121 1129 399 1186 possessionem
431 1128 601 1179 invadit,
635 1127 741 1170 Chus
764 1130 1010 1185 Aethiopiam
1041 1131 1208 1183 obtinet,
1241 1130 1342 1172 Psus
1365 1131 1629 1173 Axumiticum
1648 1150 1722 1178 Gen,
1743 1152 1783 1179 10,

120 1204 301 1246 tractum,
330 1195 523 1249 Rhegma,
559 1195 790 1248 Sabacatha,
827 1197 1021 1238 Thoiidim
1043 1205 1081 1239 et
1101 1197 1203 1239 Elud
1228 1197 1482 1240 Garamorum
1505 1199 1545 1240 in
1570 1214 1632 1241 re-

119 1264 230 1317 gione
262 1263 534 1303 constiterunt.

225 1328 370 1371 Verum
411 1344 458 1370 ne
497 1330 637 1371 diutius
673 1345 782 1384 quam
819 1345 980 1372 necesse
1015 1333 1065 1372 sit
1099 1333 1137 1373 in
1175 1333 1285 1374 huius
1316 1334 1444 1389 operis
1479 1335 1630 1390 praefa-
1655 1343 1805 1386 Cap.V1.

114 1397 218 1438 tione
257 1412 560 1449 commoremur,
604 1405 775 1438 nostrum
809 1413 878 1439 nos
910 1400 956 1439 ad
987 1399 1202 1441 institutum
1236 1402 1471 1453 referemus,
1514 1409 1628 1456 atque

111 1465 325 1505 inchoatam
356 1465 546 1518 originum
578 1466 862 1506 successionem
895 1466 1020 1508 denuo
1052 1474 1314 1522 pertexemus.
1375 1467 1499 1523 Igitur
1526 1469 1629 1510 iuter

110 1531 278 1573 Heberis
299 1547 343 1572 ac
359 1531 513 1573 Phaleci
538 1539 723 1586 tempora,
754 1547 836 1573 cum
861 1540 899 1573 et
919 1534 1116 1575 aedificata
1134 1536 1251 1576 turris
1268 1543 1305 1576 et
1321 1536 1440 1590 prima
1459 1536 1624 1578 omnium

111 1600 202 1640 urbs
225 1607 312 1654 post
340 1600 521 1642 diluvium
547 1607 651 1640 esset
681 1600 872 1651 excitata,
904 1601 942 1640 in
972 1601 1055 1656 ipsa
1079 1603 1207 1656 operis
1232 1603 1476 1644 extructione
1506 1604 1625 1659 prima

110 1667 303 1707 hominum
329 1668 444 1708 coitio
471 1682 514 1708 ac
541 1667 760 1722 tyrannicus
781 1667 995 1708 dominatus
1020 1676 1177 1710 auctore
1199 1669 1415 1710 Nembroth
1439 1672 1624 1712 constitu-

110 1742 170 1775 tus
205 1741 277 1774 est.
339 1733 492 1775 Primus
519 1735 592 1774 iste
625 1749 785 1788 regnum
816 1735 998 1786 obtinuit,
1033 1733 1155 1776 Chusi
1180 1735 1383 1792 Aethiopis
1417 1738 1538 1789 filius,
1572 1752 1625 1778 ex

111 1817 184 1857 quo
215 1809 327 1842 natus
352 1801 500 1852 Assur,
535 1802 597 1855 qui
625 1800 789 1853 Orechi,
822 1801 993 1856 Arphale
1022 1810 1060 1843 et
1088 1801 1287 1844 Chalanne
1318 1819 1479 1858 regnum
1509 1818 1624 1845 exer-

111 1870 202 1910 cuit.
265 1868 367 1922 Quin
391 1877 427 1909 et
453 1869 596 1909 Thiras
626 1869 755 1909 urbem
785 1870 973 1920 condidit,
1008 1877 1046 1910 et
1069 1870 1308 1922 Thobelem,
1341 1879 1380 1912 et
1399 1870 1551 1912 Lobum
1580 1873 1619 1913 in
1639 1889 1714 1917 Gen.
1735 1891 1776 1925 1⁰,
1794 1890 1820 1918 2.

109 1936 290 1992 Assyria.
354 1935 496 1977 Graeci
518 1936 768 1977 Zoroastrem
793 1937 889 1977 hunc
916 1937 1035 1978 fuisse
1061 1946 1291 1979 memorant.
1352 1938 1428 1992 Qui
1461 1940 1622 1981 orientis

108 2004 293 2044 interiora
315 2011 521 2058 penetrans
537 2003 765 2044 Bac-trorum
788 2005 961 2059 oppidum
981 2005 1121 2046 erexit.
1164 2004 1334 2060 Indeque
1355 2006 1497 2056 omnia,
1525 2020 1621 2060 quae

109 2072 146 2112 in
172 2071 300 2112 orbem
322 2071 475 2111 invecta
499 2079 587 2112 sunt
611 2072 774 2122 scelera,
807 2079 1015 2126 propagata
1039 2073 1228 2113 dicuntur.
1275 2071 1473 2126 Siquidem
1496 2074 1619 2114 malae

109 2146 234 2189 artes,
267 2139 477 2193 astrologia
501 2139 679 2180 videlicet
710 2153 753 2178 ac
779 2139 902 2193 magia
927 2147 1083 2180 auctore
1112 2140 1176 2180 illo
1207 2147 1383 2195 repertae
1412 2147 1515 2180 sunt.
1575 2140 1618 2181 Id

111 2207 209 2261 quod
237 2205 438 2246 Zoroastri
467 2221 489 2246 a
520 2205 710 2247 nonnullis
744 2205 934 2256 tribuitur,
966 2221 1104 2247 revera
1135 2207 1180 2247 ad
1204 2206 1420 2247 Nembroth
1451 2207 1618 2261 gigantis

109 2281 281 2328 tempora
311 2274 503 2328 pertinere
536 2273 740 2327 putandum
777 2280 849 2313 est.
912 2272 1139 2328 Quanquam
1174 2274 1276 2314 inter
1309 2281 1508 2328 utrumque
1541 2288 1616 2314 non

110 2341 266 2382 multum
300 2341 482 2396 temporis
512 2340 752 2380 interiectum
785 2347 858 2381 est.
920 2340 998 2382 Sed
1024 2341 1071 2382 iis
1100 2341 1252 2381 omissis
1275 2339 1418 2381 Phalec
1442 2340 1617 2395 Rhagam

109 2407 262 2461 genuit,
295 2408 405 2449 huius
440 2408 536 2448 filius
563 2406 710 2448 Seruch
741 2407 833 2458 fuit,
866 2409 964 2462 quod
990 2423 1128 2449 nomen
1156 2407 1469 2463 provocationem
1497 2408 1616 2462 signi-

110 2475 210 2516 fieat.
260 2474 347 2516 Hoc
371 2489 465 2516 vero
487 2482 658 2529 tempore
681 2475 920 2515 idololatriae
942 2476 1044 2517 inter
1065 2476 1238 2516 homines
1262 2489 1306 2515 ac
1330 2474 1525 2529 gentilium
1552 2489 1615 2516 su-

151 2565 205 2598 22.
229 2563 369 2599 Θωυδὰν
389 2567 454 2597 cod.
468 2566 594 2604 Rhedi9.
633 2563 752 2598 Θωϋὰν
773 2567 838 2597 eod.
928 2566 958 2600 7.
983 2564 1140 2609 Χαλλάνῃ
1165 2566 1231 2597 cod.
1255 2567 1324 2596 Ven.

109 2612 180 2642 Ven.
227 2608 371 2652 Θωϋδήν
396 2612 468 2641 editi
489 2611 566 2640 libri·
928 2610 959 2643 8.
983 2609 1099 2652 Θήρας
1121 2612 1185 2642 cod.
1210 2612 1278 2641 Ven.

150 2655 202 2687 23.
233 2654 291 2688 >eat
314 2653 406 2688 Λοὺδ
439 2655 505 2686 cod.
540 2656 609 2685 Veri.
658 2655 751 2694 Vulgo
782 2654 839 2687 καὶ
927 2654 960 2687 9.
982 2653 1024 2687 τὰ
1047 2666 1104 2686 om.
1129 2656 1194 2686 cod.
1218 2656 1287 2685 Ven.

107 2696 239 2733 Ἐλοῢδ.
908 2700 959 2732 10.
983 2699 1142 2743 διαδοχῆς
1165 2700 1230 2730 cod.
1253 2700 1351 2730 Venet.

153 2744 227 2775 CAP.
251 2745 305 2775 VI.
330 2763 370 2768 -—
421 2742 450 2776 1.
473 2743 536 2785 τῆς
560 2753 619 2775 om.
641 2744 707 2775 cod.
731 2745 800 2775 Ven.
908 2743 961 2776 11.
988 2742 1112 2787 χρόνος.
1174 2740 1255 2776 πολὺ
1293 2740 1331 2776 δὲ
1362 2738 1531 2786 Ἑλλήνων
1564 2744 1612 2787 τῷ

150 2788 181 2820 2.
205 2786 354 2833 Νεβρώξῖ
377 2799 435 2820 om.
460 2790 527 2820 cod.
550 2791 620 2820 Ven.
884 2786 992 2834 χρόνῳ
1017 2791 1081 2821 cod.
1107 2791 1177 2820 Ven.

151 2832 181 2865 3.
206 2832 350 2877 Νεβρώδ
373 2834 438 2865 cod.
465 2836 533 2864 Ven.
911 2834 960 2865 12.
984 2836 1018 2866 ln
1039 2835 1105 2865 cod.
1122 2836 1209 2872 Ven,
1242 2834 1294 2863 ubi
1316 2834 1370 2864 hoc
1390 2842 1498 2864 nomen
1526 2834 1616 2864 semel

152 2874 180 2908 4.
207 2881 303 2918 Vulyo
326 2877 427 2915 Χοῦς.
883 2882 1002 2911 tantum
1021 2882 1114 2917 extat,
1133 2879 1268 2916 suspicor
1288 2879 1434 2917 scriptum
1457 2886 1517 2909 esse
1538 2874 1614 2910 Ῥα-

153 2921 183 2952 5.
205 2919 327 2964 Ἀσοῡρ
351 2925 417 2954 cod.
441 2924 509 2954 Ven.
620 2927 630 2941 ·
885 2924 977 2967 γαοῦ.

153 2963 183 2996 6.
208 2969 253 2998 Ita
277 2977 379 2999 omnes
401 2969 479 2999 libri.
911 2968 961 3000 15.
983 2964 1006 3009 ἡ
1031 2977 1089 2999 οηι.
1114 2968 1180 2999 cod.
1203 2968 1271 2999 Ven.
