2034 3267
457 190 633 222 PANAnn
661 191 742 223 Lm.
762 193 787 224 1.
811 193 915 224 ToM.
936 194 976 225 11.
1002 193 1132 225 HAER.
1155 195 1305 228 xxxii.
1561 188 1640 228 395

123 271 351 325 darguerem
375 269 586 311 sceleratos
612 270 785 312 homines
810 280 848 312 et
873 272 1031 328 impios,
1073 272 1353 326 Basilidianos‚
1395 275 1570 330 inquam,
1605 283 1642 316 et

123 336 449 393 Carpocratianos
465 370 475 389 ‚
509 353 552 379 ac
574 337 772 379 Valentini
796 339 1082 395 Epiphanisque
1106 342 1336 397 discipulos,
1369 343 1414 383 ad
1435 357 1546 398 quem
1570 340 1642 385 Se-

122 406 267 447 cundus
287 406 392 461 prius
416 420 438 446 a
460 406 568 446 nobis
591 415 911 448 commemoratus
934 408 1166 462 adiungitur.
1224 409 1379 450 Etenim
1404 411 1454 451 illi
1476 426 1497 453 a
1519 426 1560 452 se
1583 412 1641 452 in-

120 475 243 515 vicem
270 474 490 528 propagati,
525 474 608 514 sive
630 475 703 515 iste
726 475 858 526 alteri⁷
892 475 974 515 sive
999 476 1096 515 alter
1117 477 1180 516 isti
1205 477 1309 517 velut
1331 479 1449 520 malas
1472 494 1638 530 merces,

119 542 172 582 ita
199 541 414 596 pestiferam
440 542 649 582 doctrinam
677 542 1060 583 communicaverint.
1104 544 1164 583 Ac
1185 544 1276 584 licet
1295 545 1417 599 aliqua
1439 546 1476 586 in
1499 562 1540 587 re
1565 548 1640 588 dis-

119 610 292 660 sideant,
334 609 372 649 in
396 610 528 649 eadem
556 616 679 649 tamen
706 610 868 650 haesere
894 617 1022 661 secta,
1061 617 1102 650 ut
1124 611 1185 651 vel
1207 625 1367 665 peccare
1390 613 1461 654 sibi
1486 623 1641 670 propter

119 677 222 718 vitae
247 676 520 731 perfectionem
547 678 662 717 licere
686 677 881 717 dicerent:
925 692 976 718 ex
999 692 1070 731 qua
1096 679 1135 717 fit
1157 687 1219 728 ut,
1262 682 1505 733 quantumvis
1527 684 1639 723 modo

118 745 363 799 deliquerint,
396 752 522 785 tamen
546 745 643 798 quod
670 745 895 785 naturaliter
917 745 963 785 ad
986 746 1294 799 consequendam
1319 748 1477 788 salutem
1503 750 1639 790 delecti

119 813 217 864 sint,
250 813 365 853 insita
390 813 547 866 quadam
572 812 676 866 ipsos
700 819 877 866 oporteat
899 813 1130 853 necessitate
1155 815 1320 855 servari.
1381 815 1521 871 Neque
1546 833 1639 860 vero

118 880 226 936 primi
250 881 464 935 dogmatum
488 879 685 919 architecti
707 880 914 920 eorundem
935 882 1276 936 perpetrandorum
1297 883 1391 937 ipsis
1411 892 1638 938 potestatem

117 949 274 989 faciunt.
337 946 414 988 Sed
441 954 480 986 ut
504 947 547 986 ad
573 946 658 986 illos
687 955 886 997 revertar,
921 949 1006 988 dum
1032 962 1074 988 se
1097 949 1142 989 ad
1170 950 1205 989 id
1232 951 1330 1004 quod
1356 952 1554 993 sublimius
1584 961 1639 993 at-

117 1031 190 1071 que
211 1016 249 1056 in
274 1015 491 1070 cognitione
512 1015 572 1054 illa
593 1028 660 1054 sua
680 1015 939 1069 praestantius
963 1024 1043 1068 est,
1078 1018 1204 1058 acrius
1226 1019 1529 1072 contenderunt,
1564 1022 1640 1076 pri-

116 1099 214 1126 mam
240 1083 416 1124 videlicet
442 1081 676 1134 Tetradem,
707 1082 760 1123 ita
785 1083 999 1139 disputant:
1032 1089 1134 1124 Ante
1156 1090 1276 1125 omnia
1294 1090 1455 1138 primam
1479 1097 1546 1137 est,
1581 1090 1638 1130 in-

116 1152 268 1206 quiunt,
310 1153 534 1201 Principium
561 1154 763 1202 quoddam,
802 1155 1034 1205 primumque
1061 1156 1343 1205 intellegentiam
1369 1171 1505 1196 omnem
1531 1173 1637 1210 supe—

115 1235 224 1268 rans,
259 1221 356 1271 quod
375 1233 441 1257 nee
461 1220 648 1270 eoeplieari
665 1221 784 1258 verbis
803 1235 869 1259 nee
889 1223 1133 1272 appellatione
1151 1225 1343 1262 declarari
1354 1233 1496 1276 potest,
1531 1241 1636 1278 quam

115 1303 183 1340 ego
210 1290 389 1327 Unitatem
411 1301 576 1326 numero.
641 1290 728 1326 Cum
752 1290 821 1327 liae
847 1292 972 1328 Virtus
994 1292 1169 1341 quaedam
1192 1294 1332 1339 extistit,
1368 1307 1474 1344 quam
1496 1302 1531 1332 et
1551 1297 1637 1334 Sin-

111 1358 351 1408 gularitatem
382 1369 482 1393 voco.
545 1356 687 1394 Ambae
713 1371 828 1408 porro
858 1372 939 1396 eum
967 1373 1076 1396 unum
1101 1366 1211 1410 atque
1234 1362 1326 1398 idem
1350 1363 1447 1408 sint,
1492 1365 1636 1401 Princi-

107 1427 211 1476 pium
233 1426 412 1475 quoddam
432 1426 589 1462 omnium
611 1438 757 1471 rerum,
791 1427 891 1477 quod
907 1428 1153 1477 intelligentia
1170 1430 1250 1466 sola
1266 1431 1488 1480 percipitur,
1522 1445 1638 1482 neque

108 1494 275 1543 genitum
298 1500 353 1530 est
378 1499 444 1530 aut
465 1493 704 1543 aspectabile,
740 1495 835 1531 eitra
851 1496 1131 1544 productionem
1155 1497 1268 1534 ullam
1293 1500 1508 1545 ediderunt,·
1541 1502 1639 1550 quod

111 1563 338 1612 Principiam
369 1563 405 1598 in
435 1563 555 1598 saeris
581 1562 699 1599 literis
729 1563 856 1599 Unitas
883 1564 1034 1600 dieitur.
1099 1565 1186 1602 Cum
1213 1566 1281 1603 hae
1309 1568 1454 1604 Unitate
1477 1569 1635 1606 eiusdem

111 1630 338 1668 substantiae
367 1630 443 1666 alia
471 1630 597 1666 lmus
627 1631 774 1675 eoez'stz't,
821 1643 927 1680 quam
958 1638 996 1668 et
1022 1633 1136 1682 ipsam
1171 1634 1286 1671 Unum
1314 1635 1471 1684 appello.
1537 1638 1637 1684 Quae

110 1699 252 1749 quidem
282 1699 466 1743 Virtutes,
517 1698 644 1734 Unilas
675 1699 843 1748 inquam,
890 1705 926 1736 et
950 1700 1226 1749 Singularitas,
1273 1703 1406 1740 Mona-5
1435 1710 1471 1741 et
1502 1706 1630 1751 Unum,

110 1767 274 1817 reliquas
303 1767 472 1803 Aeonum
503 1767 667 1815 origines
690 1773 966 1816 propagarunt.

222 1830 370 1873 Verum
394 1845 504 1885 quam
527 1831 622 1871 haec
646 1845 667 1871 a
687 1832 850 1873 veritate
872 1832 1106 1874 abhorreant
1127 1835 1275 1886 omnia,
1311 1836 1456 1891 egregii
1482 1838 1630 1892 quidam

110 1900 320 1955 scriptores
342 1899 453 1940 editis
474 1900 660 1940 adversus
681 1913 748 1940 eos
770 1902 1054 1942 commentariis
1077 1903 1404 1956 demonstrarunt,
1433 1907 1634 1962 praecipue

110 1983 204 2009 vero
225 1965 408 2008 Clemens
428 1966 737 2019 Alexandriam,
771 1982 880 2022 quem
903 1968 1180 2010 Atheniensem
1203 1971 1265 2011 alii
1290 1972 1446 2023 faciunt,
1481 1988 1525 2014 ac
1546 1989 1634 2015 san-

111 2044 193 2077 ctus
216 2034 418 2086 lrenaeus,
452 2035 515 2089 qui
535 2042 732 2089 postquam
757 2035 841 2076 illos
864 2037 1019 2086 derisit,
1054 2038 1238 2093 tragicam
1260 2040 1362 2080 illam
1385 2043 1634 2084 exclamatio-

110 2118 194 2145 nem
228 2103 403 2143 subiicit:
448 2101 555 2143 Heu!
591 2103 686 2143 heu!
733 2102 858 2143 Proh!
894 2105 1009 2159 proh!
1070 2105 1215 2147 Merito
1246 2107 1432 2162 siquidem
1463 2110 1554 2151 illud
1587 2112 1632 2151 de

110 2186 225 2213 scena
250 2172 510 2226 depromptum
532 2171 577 2210 ad
601 2184 682 2210 eam
708 2172 907 2212 transferri
928 2173 1180 2214 calamitatem
1202 2183 1329 2230 potest
1349 2192 1457 2231 quam
1480 2186 1633 2232 porten-

109 2240 201 2280 tosis
232 2239 392 2279 vocibus
425 2253 469 2278 ac
501 2245 576 2278 tam
605 2239 791 2279 effrenata
817 2240 972 2281 audacia
996 2256 1184 2296 nugarum
1211 2244 1263 2283 illi
1291 2245 1499 2299 scriptores
1524 2248 1632 2286 inve-

110 2308 224 2358 hunt,
258 2307 319 2361 qui
343 2306 550 2348 mendaciis
574 2306 653 2346 suis
679 2307 763 2347 ficta
785 2308 967 2361 quaedam
992 2310 1144 2350 nomina
1167 2311 1406 2366 impudenter
1430 2314 1627 2368 affingunt.

107 2374 210 2415 Nam
233 2390 317 2415 cum
343 2375 395 2415 ita
419 2374 573 2414 scribit:
616 2378 717 2413 Ante
741 2379 859 2415 omnia
878 2381 1037 2429 primam
1063 2382 1241 2430 quoddam
1266 2389 1320 2419 est
1341 2384 1565 2434 Principium
1587 2399 1632 2422 ae

109 2446 267 2482 Primum
281 2474 291 2491 ,
337 2445 618 2495 intellig-entiam
641 2457 776 2482 omnem
799 2459 997 2496 superans,
1042 2450 1140 2499 quod
1162 2463 1230 2499 ego
1253 2451 1447 2488 Monadem
1469 2454 1625 2502 appello,

110 2525 153 2551 ac
173 2524 348 2551 rursum:
385 2514 473 2550 Cum
499 2513 568 2549 kae
592 2513 749 2550 Monade
770 2515 895 2552 Virtus
917 2518 1058 2562 existit,
1093 2530 1198 2567 quam
1223 2524 1261 2555 et
1279 2520 1393 2568 ipsam
1414 2520 1629 2570 Singulari-

107 2637 171 2667 cod.
188 2637 335 2667 Vaticano
351 2639 378 2667 et
400 2638 460 2668 Vet.
477 2637 637 2675 Interprete
650 2637 785 2675 primum
798 2647 845 2669 re·
890 2639 987 2677 Pheu,
1004 2639 1086 2682 pheu
1100 2640 1106 2671 !
1131 2640 1305 2683 Tragieum
1317 2652 1393 2673 vere
1405 2641 1514 2674 dicere
1531 2655 1629 2687 opor-

106 2683 201 2712 stituit
222 2682 378 2712 petavius.
890 2690 940 2715 tet
962 2696 1059 2727 super
1081 2685 1166 2717 hanc
1186 2686 1353 2718 nominum
1372 2687 1548 2720 factionem
1562 2715 1569 2728 ‚
1596 2697 1627 2721 et

154 2725 229 2757 cip.
244 2726 300 2756 Vl.
320 2744 362 2749 —
384 2726 412 2758 1.
431 2724 492 2767 τήν
507 2728 627 2765 reposui
645 2735 683 2757 ex
701 2728 765 2758 cod.
784 2729 843 2759 Va·
888 2736 1012 2761 tantam
1039 2731 1206 2762 audaciam
1219 2755 1227 2769 ‚
1262 2732 1533 2774 quemadmodum
1557 2735 1626 2767 sine

108 2772 218 2802 [icario.
268 2772 364 2811 Vulyo
388 2775 470 2802 extat
493 2770 560 2803 καὶ.
888 2775 1007 2807 rubore
1025 2776 1195 2807 mendacio
1215 2788 1273 2808 suo
1290 2777 1420 2809 nomina
1438 2779 1557 2820 posuit.
1589 2782 1626 2812 Iu

151 2815 182 2846 2.
206 2817 342 2847 Delenda
373 2820 438 2847 erat
466 2818 577 2848 vocula
607 2811 624 2849 ὃ
653 2818 744 2857 vulgo
776 2822 843 2850 ante
890 2831 928 2852 eo
954 2820 1038 2852 enim
1063 2821 1151 2864 quod
1175 2821 1254 2853 dicit
1279 2826 1342 2854 cett.

107 2858 161 2893 ἐπὶ
183 2862 292 2900 obvia,
326 2863 504 2893 sententiam
530 2863 621 2901 plane
653 2864 843 2900 perturbans.
932 2862 962 2897 4.
986 2868 1097 2898 Billius
1119 2877 1187 2898 cum
1210 2869 1270 2899 Vel.
1291 2869 1419 2909 Interpr.
1442 2871 1559 2903 Irenaei
1580 2881 1626 2903 re-

109 2906 285 2937 Acoreverat
303 2907 440 2938 videlicet
461 2916 497 2938 ex
515 2916 694 2946 praegresso
711 2910 842 2940 vocabu·
885 2913 971 2950 ponit
992 2908 1180 2952 Μονότητα.

109 2951 136 2980 lo
161 2947 274 2983 ἐκεῖνο.
931 2956 962 2987 5.
984 2958 1095 2988 mlius
1109 2967 1177 2988 cum
1197 2959 1256 2990 t'et.
1272 2960 1388 2992 lrenaez'
1403 2961 1563 3001 Interprete
1577 2972 1624 2994 re-

153 2993 183 3026 3.
209 2997 296 3027 Vetus
318 2997 436 3028 Irenaei
458 2998 624 3037 Inter-pres:
655 2998 707 3037 Ιυ,
733 2997 784 3029 iu!
809 3005 843 3030 et
884 3003 971 3040 ponit
992 2998 1168 3044 Μονότητι.

1658 1852 1735 1896 cup.
1758 1855 1813 1885 vt.
