2034 3267
449 185 625 218 PANARn
650 186 732 219 1213.
753 187 777 218 1.
801 187 907 219 ToM.
926 187 982 218 111.
1006 185 1262 219 HAER.XL11.
1539 180 1618 220 657

97 263 287 304 addidisse
315 264 560 305 manifestum
591 273 662 306 est.
726 265 838 319 Quod
868 266 956 306 licet
982 266 1054 306 ista
1082 266 1195 306 dictio
1224 266 1276 306 ita
1309 273 1348 306 ut
1372 266 1541 321 concipis
1574 267 1620 308 ab

95 331 269 386 apostolo
292 339 397 372 esset
417 346 618 387 expressa,
648 341 760 387 atque
783 331 992 386 ἱερόθυτον
1010 334 1055 374 ad
1079 331 1342 375 εἰδωλόθυτον
1361 335 1618 387 adiunxisset,

98 413 212 439 unum
241 406 368 440 tamen
396 400 570 455 idemque
603 415 690 441 esse
717 401 930 441 iudicarent
961 401 986 441 ii
1018 402 1078 455 qni
1105 401 1265 443 rationis
1291 403 1482 458 paululum
1507 403 1621 443 habe-

97 474 205 518 rent,
251 468 306 507 sic
338 475 378 508 ut
405 468 590 509 abusione
619 469 778 523 quadam
804 469 911 509 vocis
935 469 1023 509 illud
1050 483 1258 524 usurpasse
1284 471 1508 511 crederetur
1532 486 1623 526 apo-

96 535 240 586 stolus,
276 536 374 589 qnod
407 536 581 577 homines
613 537 751 577 idolum
785 533 906 589 ἷερόν,
938 536 1009 576 hoc
1040 544 1100 576 est
1131 551 1306 589 sacrum,
1341 539 1533 594 appellare
1560 554 1622 579 so-

97 603 191 643 lent.
255 602 448 657 Quocirca
482 604 574 644 salsa
606 603 671 644 illa
702 611 764 644 tua
794 604 893 644 ratio
925 604 1114 656 concidit,
1163 620 1245 646 cum
1276 607 1312 646 id
1344 607 1546 647 verissime
1574 608 1624 648 sit

96 672 352 725 patefactum,
388 671 449 726 qui
473 671 584 712 idolis
608 671 821 722 immolant,
856 673 954 726 quod
981 669 1190 725 ἱερόθυτον
1209 673 1270 713 isti
1295 681 1450 727 vocant,
1485 675 1623 729 quique

94 739 166 779 hoc
190 754 231 780 se
257 740 457 780 mendacio
483 739 668 793 obstringi
695 740 794 794 passi
821 747 932 790 sunt,
977 747 1040 780 aut
1063 741 1184 781 adhuc
1210 741 1425 796 patiuntur,
1469 743 1624 783 daemo-

96 807 169 848 niis
200 808 399 848 immolare
431 822 505 847 non
532 805 704 848 Christo.
768 806 880 861 Quod
908 808 1058 861 quidem
1090 809 1204 863 longe
1230 809 1275 850 ah
1302 810 1376 850 illis
1403 810 1537 851 aberat
1561 811 1624 865 qui

98 891 150 917 ex
175 877 259 930 lege
288 883 362 916 tum
387 875 596 916 iustissime
621 875 904 915 sacrificabant.
968 874 1079 928 Quod
1102 877 1225 932 ipsum
1251 885 1374 919 tamen
1400 879 1533 919 eodem
1558 894 1626 920 vo—

95 945 197 984 lente
221 944 300 984 lieri
324 943 459 994 desiit,
492 943 807 997 quemadmodum
832 943 906 983 iam
933 944 1022 983 olim
1048 958 1116 999 per
1138 946 1361 1000 prophetam
1386 946 1625 987 Hieremiam

95 1012 328 1053 vaticinatus
354 1018 436 1051 est:
484 1013 530 1050 Ul
551 1014 641 1063 qaid
663 1013 757 1050 mila·
776 1019 834 1050 tus
864 1014 908 1050 de
931 1013 1031 1051 Saba
1053 1015 1191 1067 affers,
1233 1023 1270 1053 et
1291 1018 1556 1055 cinnamomum
1580 1019 1624 1055 cle
1642 1031 1725 1059 Hier.
1741 1032 1766 1067 6,
1785 1031 1825 1059 20-

98 1088 200 1120 terra
223 1082 454 1132 longinqua?
506 1076 624 1119 Item:
661 1082 837 1119 Vz‘etr'mae
855 1088 939 1119 tuae
957 1095 1028 1119 non
1045 1083 1272 1132 placuerant
1288 1085 1389 1122 me'lzl.
1442 1082 1495 1123 Et
1517 1083 1623 1134 alibi,

101 1151 201 1187 Tolle
230 1151 394 1187 vz'ele‘mas
424 1156 527 1195 Imm,
572 1150 697 1186 lsrael
704 1178 713 1195 ‚
758 1156 794 1186 el
817 1151 992 1187 comedite
1016 1164 1160 1189 carnes.
1223 1153 1307 1191 Non
1336 1155 1429 1191 enim
1448 1155 1629 1204 praecepi
1642 1168 1775 1196 Hierem.

89 1218 262 1268 patribus
285 1218 415 1255 vestris
436 1219 472 1255 in
497 1218 568 1263 die,
604 1230 675 1268 qua
699 1219 929 1268 apprehendi
946 1232 1089 1257 manum
1116 1233 1254 1267 eorum,
1293 1228 1335 1259 at
1355 1223 1542 1259 educerem
1566 1236 1626 1259 eos
1666 1204 1693 1237 τ’
1711 1204 1753 1230 ’Δι’

95 1288 138 1324 (Ie
169 1293 270 1324 terra
295 1287 483 1336 Aegypli,
519 1287 562 1323 de
591 1287 748 1323 m‘clz'mzls·
760 1315 769 1332 ,
812 1288 879 1324 sed
905 1288 973 1324 lzoe
994 1290 1172 1339 praecepi
1196 1290 1292 1335 t‘lle's,
1340 1303 1627 1341 nnmnquemque

88 1355 219 1405 faeere
248 1355 425 1391 iustitiam
460 1367 539 1390 eam
565 1356 739 1404 proaviae
771 1368 849 1392 suo.
915 1351 1013 1394 Cum
1047 1354 1161 1409 igitur
1192 1355 1304 1406 dicit,
1348 1359 1432 1396 Non
1453 1360 1632 1409 praecepi

95 1423 190 1468 illis,
227 1427 265 1460 et
289 1420 387 1460 idem
411 1428 538 1460 tamen
560 1420 598 1460 in
623 1421 706 1474 lege
728 1419 858 1476 Moysi
883 1421 1082 1476 praecipit,
1119 1425 1281 1472 Quilibet
1293 1426 1462 1475 filiorum
1484 1427 1618 1472 Israel,
1636 1441 1828 1477 Levit.22‚1e.

95 1493 133 1528 εἰ
149 1490 289 1543 offerat
307 1490 532 1539 sacrficium
557 1491 600 1527 de
621 1490 733 1527 bobas
754 1497 820 1528 aul
842 1491 981 1537 ovibus,
1016 1493 1217 1530 masculum
1240 1495 1512 1533 immacalatam
1536 1495 1628 1548 offe·

98 1565 173 1604 ral,
211 1571 254 1597 ac
281 1570 449 1608 rursum,
484 1560 531 1595 Se·
546 1560 628 1608 quis
646 1560 868 1608 peccaverit,
902 1565 938 1595 el
958 1561 994 1596 m
1015 1560 1140 1610 aliquo
1159 1563 1342 1600 inventam
1365 1569 1422 1600 est
1437 1564 1623 1610 delictum,

97 1627 233 1679 offeret
251 1639 405 1676 agnum,
441 1624 546 1674 item,
582 1628 629 1663 Sl‘
639 1629 853 1678 peccaverit
868 1628 1042 1677 populeae,
1069 1629 1203 1681 offere!
1223 1631 1389 1677 vitulam,
1427 1629 1484 1670 his
1505 1629 1628 1670 omni-

96 1693 167 1733 hus
198 1699 307 1746 grata
336 1692 406 1733 sibi
436 1692 553 1733 fuisse
580 1692 773 1732 sacrificia
799 1693 990 1744 declarat,
1033 1709 1131 1748 quae
1160 1702 1236 1736 tum
1260 1711 1327 1751 pro
1353 1698 1475 1738 salute
1499 1697 1629 1753 populi

98 1761 208 1800 istius
233 1760 358 1800 oblata
383 1767 493 1812 sunt,
538 1775 613 1800 non
647 1761 745 1814 quod
781 1761 854 1802 illis
878 1761 1091 1816 indigeret,
1135 1771 1201 1804 aut
1224 1765 1425 1806 admodum
1453 1773 1626 1821 cuperet,

99 1829 164 1869 sed
187 1835 228 1869 ut
250 1828 294 1868 ad
317 1842 449 1868 eorum
473 1842 514 1868 se
536 1828 834 1870 imbecillitatem
854 1836 893 1870 et
914 1830 1156 1886 anticipatam
1181 1832 1368 1874 humanae
1388 1835 1528 1875 mentis
1549 1835 1629 1890 opi-

98 1898 252 1937 nionem
286 1896 616 1946 accommodaret,
661 1904 775 1951 atque
812 1904 852 1938 ut
886 1911 906 1937 a
930 1899 1185 1953 ‘plurimorum
1220 1901 1323 1942 cultu
1355 1903 1549 1944 numinum
1582 1904 1629 1943 ad

100 1965 211 2006 unius
243 1965 301 2005 dei
329 1963 589 2018 cognitionem
617 1964 767 2006 illorum
795 1966 942 2007 animos
971 1968 1206 2009 traduceret.
1269 1968 1423 2011 Etenim
1450 1970 1628 2025 quoniam

98 2033 135 2074 in
164 2032 364 2074 sacrificiis
390 2031 642 2073 vehementer
665 2033 831 2088 ipsorum
855 2035 979 2075 delixa
1006 2050 1114 2077 mens
1141 2044 1239 2088 erat,
1277 2045 1453 2092 tanquam
1477 2038 1630 2094 pietatis

99 2102 194 2142 haec
216 2108 347 2142 essent
371 2100 514 2150 officia,
550 2115 646 2155 quae
672 2101 783 2142 idolis
806 2117 875 2157 pro
900 2103 1123 2159 expiatione
1149 2119 1217 2146 sua
1242 2120 1287 2146 ac
1309 2107 1432 2147 salute
1458 2114 1630 2162 praesta-

98 2176 208 2220 rent,
256 2169 368 2209 simul
400 2182 447 2208 ne
479 2168 526 2208 ob
560 2169 875 2211 consuetudinem
902 2173 1127 2227 extorqueri
1153 2173 1279 2215 subito
1308 2174 1381 2215 sibi
1403 2174 1478 2216 ista
1502 2176 1630 2217 omnia

100 2237 298 2278 molestius
327 2238 495 2287 ferrent,
529 2251 600 2278 suo
623 2238 659 2278 in
686 2238 839 2279 nomine
866 2240 946 2280 fieri
970 2241 1043 2281 ista
1068 2241 1263 2296 aliquanto
1291 2251 1463 2298 tempore
1488 2244 1626 2297 voluit,

101 2321 175 2361 quo
205 2320 225 2346 a
256 2305 418 2359 plurium
446 2305 602 2346 deorum
630 2306 732 2346 inani
759 2307 860 2348 cultu
887 2322 1034 2350 annuas
1059 2309 1144 2350 illas
1169 2311 1410 2352 ceremonias
1442 2312 1489 2351 ad
1516 2311 1628 2352 obse-

101 2374 228 2429 quium
253 2388 362 2414 suum
390 2374 669 2424 transferrent,
703 2382 816 2429 atque
844 2383 884 2416 ut
907 2391 982 2418 uno
1008 2378 1157 2418 demum
1184 2379 1339 2432 cognito
1366 2380 1462 2431 deo,
1496 2394 1628 2421 corro-

99 2442 309 2496 borataque
335 2442 371 2482 in
396 2441 500 2482 illum
525 2441 596 2482 fide
621 2449 777 2494 nostra,
819 2444 999 2500 deinceps
1024 2445 1070 2486 ab
1095 2446 1227 2487 eodem
1252 2447 1471 2489 audiamus:
1512 2451 1630 2488 Num·
1650 2463 1760 2491 Psaim.

100 2513 191 2563 quid
222 2511 448 2550 manducabo
483 2525 613 2550 earnes
647 2519 858 2560 taurorum,
907 2522 975 2553 aut
1000 2517 1217 2566 sangninem
1247 2517 1436 2555 hircorum
1462 2519 1629 2569 potabo?
1647 2498 1752 2533 49,13.

100 2578 215 2619 item:
249 2581 440 2631 Numquid
459 2581 709 2631 quadraginta
730 2584 837 2620 annis
860 2584 1086 2633 sacrficium
1107 2585 1292 2622 obtulistis
1314 2586 1408 2622 mz‘lzae'
1425 2587 1461 2624 z'lz
1483 2588 1628 2625 deserto
1648 2601 1772 2636 Amos&
1785 2601 1827 2629 25.

101 2649 226 2686 domas
248 2648 397 2686 Israel?
456 2644 695 2701 Quamquam
721 2647 867 2689 infinita
892 2650 962 2691 iam
991 2658 1103 2691 erant
1130 2651 1257 2691 oblata
1282 2652 1485 2693 sacrificia.
1548 2651 1627 2694 Sed

100 2772 192 2802 Aliter
212 2773 358 2804 Petavius
380 2774 494 2804 censuit
515 2775 541 2804 ei
562 2774 713 2805 taxationi
736 2783 842 2806 occur·
887 2771 1000 2814 αυτοῖς
1024 2787 1056 2818 γ’.
1058 2773 1139 2818 vo'toe
1142 2786 1180 2809 aa
1205 2774 1252 2814 εἰς
1273 2774 1388 2811 ἑαυτὸν
1413 2776 1623 2820 μεταλλάξαι.

100 2817 241 2856 rendum,
259 2819 311 2857 qui
327 2819 498 2856 rescripsit:
522 2816 568 2855 εἰς
584 2815 621 2851 δε
638 2815 673 2851 τὸ
692 2816 737 2861 μή
754 2814 842 2859 ἅπαξ
886 2823 1023 2854 Iudicem
1045 2823 1166 2853 eruditi

101 2862 255 2904 χαλεπῶς
269 2861 390 2904 epipam,
413 2860 468 2896 διὰ
482 2873 541 2904 την
560 2860 684 2916 cuv-(52⁶5
670 2875 747 2904 ιαν,
768 2865 842 2897 τοῦ-
931 2867 983 2899 40.
1009 2866 1171 2909 φά,ωμαι
1198 2868 1269 2898 edil.
1288 2870 1385 2907 princ.

100 2917 136 2938 το
166 2917 236 2939 not:
240 2910 266 2940 ῖν
298 2906 361 2945 ἕως
390 2908 504 2948 καιροῦ
536 2906 583 2945 εἰς
614 2903 715 2961 &maa
740 2905 842 2943 αυτοῦ
931 2909 983 2943 41
1008 2911 1137 2953 πίωμαι
1159 2913 1230 2943 libri
1253 2914 1336 2944 editi.

101 2946 269 2992 ηἶῒέλησε,
303 2952 360 2985 τοῦ
383 2949 591 2994 αποστρέψαι
613 2949 677 2987 εἷ’-ὂ
700 2954 794 2995 τῆς
785 2965 841 2987 -o-
932 2952 985 2988 42.
1009 2955 1042 2990 ἐν
1066 2956 1108 3000 τῇ
1134 2955 1252 3000 ἐρήμῳ
1276 2958 1342 2989 cod.
1361 2959 1431 2990 Ven.

102 2995 218 3029 λυὲῖέου
251 2997 456 3039 φαντασίας,
496 2997 553 3031 καὶ
587 2996 627 3032 τὰ
662 2995 734 3032 κατ’
770 2997 841 3038 ἔτος

169 3050 284 3087 Corpus
305 3051 482 3080 Haereseol.
502 3051 538 3080 11.
1304 3063 1355 3103 42
