2034 3267
336 599 351 607 n

220 610 283 638 pag.
304 601 360 626 lla.

225 2762 290 2789 pag.
312 2754 369 2781 118.

375 101 454 139 225
937 102 1020 134 SAN
1027 102 1094 134 CT1
1119 103 1337 136 ΕΡΙΡΗΑΝΠ

693 273 930 317 ΚΑΤΑ
996 272 1582 330 ΝΑΖΩΡΑΙΩΝ,

792 346 948 409 ἐνάτη,
985 346 1014 407 ἡ
1037 349 1115 394 καὶ
1144 347 1318 407 εἰκοστὴ
1345 347 1489 409 ἐνάτη.

493 452 715 501 Ναζωραῖοι
739 448 910 498 καθεξῆς
929 445 1081 494 τούτοις
1101 447 1276 495 ἕπονται,
1307 444 1387 498 ἅμα
1411 462 1450 486 τε
1472 444 1604 495 αὐτοῖς
1624 446 1749 498 ὄντες,
1779 446 1806 500 ἢ
1826 449 1892 488 καὶ

376 514 452 570 πρὸ
483 514 631 565 αὐτῶν,
668 513 696 567 ἢ
728 512 798 554 συν
820 512 970 561 αὐτοῖς,
1001 512 1026 566 ἢ
1048 511 1123 566 μετ’
1151 511 1314 562 αὐτοὺς,
1357 511 1462 564 ὅμως
1494 512 1710 567 σύγχρονοι·
1750 514 1796 557 οὗ
1817 514 1889 569 γάρ

380 581 648 637 ἀκριβέστερον
666 580 835 633 δύναμαι
856 583 1016 630 ἐξειπεῖν
1037 583 1137 629 τίνες
1158 583 1264 628 τίνας
1284 581 1512 628 διεδέξαντο.
1545 580 1666 621 Καθοὶ
1687 581 1757 637 γάρ
1779 585 1890 634 ἔφην,

376 650 581 705 σύγχρονοι
598 644 697 702 ἦσαν
718 647 914 701 άλλήλοις,
944 648 1010 689 καὶ
1037 647 1152 700 ὅμοια
1181 649 1382 699 κέκτηνται
1401 646 1447 687 τοὶ
1472 646 1711 700 φρονήματα.
1773 645 1890 690 Οὗτοι

374 717 446 773 γάρ
470 719 622 765 ἑαυτοῖς
651 715 773 769 ὄνομα
807 717 992 757 ἐπέθεντο
1029 713 1114 768 οὐχὶ
1141 717 1332 770 Χριστοῦ,
1371 713 1458 756 οὔτε
1494 712 1587 756 αὐτὸ
1612 713 1654 755 τδ
1679 714 1801 767 ὄνομα
1820 719 1890 757 τοῦ

372 784 526 837 Ἰησοῦ,
558 782 649 825 ἄλλά
676 787 926 838 Ναζωραίων.
988 784 1066 824 Καὶ
1089 781 1227 830 πάντες
1248 782 1289 823 δὲ
1315 782 1539 835 Χριστιανοὶ
1563 786 1786 837 Ναζωραῖοι
1806 786 1891 824 τότε

376 850 557 901 ὦςαύτως
593 853 809 893 ἐκαλοῦντο.
871 853 1010 906 Γέγονε
1036 850 1077 890 δὲ
1113 847 1170 891 ἐπ’
1206 847 1319 906 ὀλίγῳ
1351 848 1476 905 χρόνῳ
1507 854 1710 890 καλεῖσθαι
1750 848 1892 898 αὐτοὺς

373 919 607 969 Ἰεσσαίους,
637 920 730 972 πρὶν
754 917 780 971 ἢ
806 919 871 960 ἐπὶ
892 921 959 971 τῆς
981 917 1209 970 Ἀντιοχείας
1233 915 1352 971 ἀρχὴν
1376 915 1544 969 λάβωσιν
1569 919 1608 957 οἱ
1629 918 1803 969 μαθηταὶ
1823 935 1888 958 κα-

375 993 526 1028 λεῖσθαι
550 989 785 1041 Χριστιανοὶ.
843 984 1071 1027 Ἐκαλοῦντο
1107 985 1147 1026 δὲ
1174 982 1357 1025 Ἰεσσαῖοι
1382 983 1446 1024 διὰ
1478 982 1543 1024 τόν
1568 982 1731 1035 Ἰεσσαὶ,
1771 982 1891 1037 οἶμαι,

375 1054 580 1108 ἐπειδήπερ
609 1052 631 1095 ὁ
655 1055 784 1106 Δαβὶδ
812 1054 849 1102 ἐξ
870 1051 1031 1103 Ἰεσσαὶ,
1070 1054 1112 1094 ἐκ
1141 1052 1182 1094 δὲ
1205 1056 1275 1092 τοῦ
1303 1053 1432 1104 Λαβὶδ
1453 1050 1549 1091 κατά
1574 1050 1755 1104 διαδοχήν
1777 1053 1890 1103 σπέρ-

376 1139 493 1175 ματος
525 1120 551 1174 ’ἡ
580 1123 743 1175 Μαρία,
782 1122 1052 1174 πληρουμένης
1079 1125 1147 1172 τῆς
1171 1122 1285 1166 θείᾶς
1317 1123 1468 1172 γραφῆς
1498 1118 1595 1159 κατα
1626 1118 1696 1171 τήν
1728 1119 1892 1160 παλαιάν

376 1188 594 1242 διαθήκην,
623 1193 693 1229 τοῦ
712 1191 850 1242 κυρίου
871 1189 1048 1242 λέγοντος
1069 1186 1168 1241 πρὸς
1192 1185 1259 1227 τὸν
1280 1186 1429 1239 Δαβὶδ,
1457 1184 1531 1226 Ἐκ
1553 1191 1707 1239 καρποῦ
1726 1192 1794 1239 τῆς
1812 1204 1891 1228 κοι-

375 1260 458 1305 λίας
488 1272 558 1298 σου
587 1255 761 1309 θήσομαι
794 1256 857 1296 ἐπὶ
888 1259 956 1295 τοῦ
986 1253 1138 1307 θρόνου
1170 1267 1253 1294 σου.

491 1325 611 1364 Δέδια
638 1323 677 1363 δὲ
701 1320 793 1363 καθ’
813 1320 976 1373 ἑκάστην
999 1319 1194 1362 ὑπόθεσιν
1217 1320 1363 1369 λέξεως,
1395 1316 1447 1366 ὥς
1468 1317 1608 1372 ταύτην
1624 1319 1695 1373 τήν
1718 1318 1893 1374 ὑπόμνη-

377 1405 437 1432 σιν
461 1395 668 1442 ποιοῦμαι,
705 1387 997 1442 παρακινούσης
1031 1404 1075 1440 με
1109 1392 1176 1440 τῆς
1209 1385 1391 1438 άληθείας
1426 1384 1493 1434 τάς
1527 1388 1567 1427 ἐν
1602 1385 1697 1445 αὐτῇ
1723 1393 1769 1446 τῇ
1798 1390 1893 1438 λέξει

377 1460 547 1510 θεωρίας
574 1455 820 1508 ὑποφαίνειν,
851 1454 917 1497 διά
942 1453 983 1497 vd
1009 1454 1060 1507 μή
1085 1453 1183 1496 πολι)
1209 1453 1352 1501 πλάτος
1377 1452 1708 1508 περιποιήσασθαι
1733 1460 1778 1512 τῇ
1803 1470 1891 1496 συν-

377 1525 478 1574 τάξει
500 1530 570 1578 τῆς
590 1523 812 1579 διηγήσεως.
877 1528 955 1564 Τοῦ
976 1521 1049 1577 γάρ
1075 1525 1215 1575 κυρίου
1237 1520 1431 1574 φήσαντος
1453 1525 1503 1577 τῷ
1525 1523 1672 1574 Λαβὶδ,
1710 1521 1776 1563 Ἐκ
1799 1541 1892 1578 καρ-

378 1597 457 1634 ποῦ
479 1597 548 1645 τῆς
578 1595 724 1640 κοιλίας
756 1605 827 1632 σου
853 1589 1029 1643 θήσομαι
1059 1591 1122 1631 ἐπὶ
1147 1594 1216 1631 τοῦ
1247 1588 1396 1642 θρόνου
1421 1602 1514 1638 σου,
1554 1590 1619 1630 καὶ
1643 1588 1708 1639 τὸ,
1740 1588 1891 1643 ’Ὠμοσε

378 1659 514 1714 κύριος
538 1664 590 1716 τῷ
617 1661 767 1712 Λαβὶδ,
807 1660 874 1699 καὶ
907 1656 953 1699 οὕ
984 1656 1355 1711 μεταμεληθήσεται,
1396 1658 1511 1708 δῆλον
1549 1654 1601 1704 ὥς
1634 1654 1661 1709 ἡ
1691 1662 1760 1699 τοῦ
1792 1663 1890 1700 θεοῦ

381 1725 618 1779 ἄμετάθετός
639 1728 740 1768 ἐστιν
762 1727 983 1781 ἐπαγγελία,
1024 1726 1089 1766 καὶ
1112 1729 1266 1776 πρῶτον
1292 1724 1359 1776 μὲν
1382 1723 1440 1764 ὅτι
1469 1723 1587 1777 ὅρκος
1614 1724 1721 1778 παρά
1746 1730 1829 1782 θεῷ
1858 1728 1893 1766 τί

383 1795 484 1834 ἔστιν
514 1791 587 1834 ἀλλ’
610 1793 636 1846 ἢ
662 1793 740 1840 ὅτι,
784 1793 878 1834 Κατ’
901 1795 1068 1846 ἐμαυτοῦ
1094 1791 1245 1844 ὤμοσα,
1275 1792 1370 1846 λέγει
1392 1789 1547 1845 κύριος,
1611 1789 1669 1831 Οὕ
1694 1791 1765 1847 γάρ
1795 1792 1894 1834 κατά

384 1863 552 1912 μείζονος
577 1863 648 1913 ἔχει
671 1860 789 1915 ὅρκον
813 1859 921 1909 θεός.
978 1858 1094 1900 Ἀλλά
1116 1857 1207 1900 οὐδὲ
1227 1858 1367 1911 ὄμνυσι
1394 1857 1436 1899 τό
1458 1864 1590 1909 θεῖον,
1620 1860 1673 1907 εἰς
1697 1859 1891 1914 παράστα-

384 1942 444 1969 σιν
466 1929 505 1969 δὲ
535 1927 776 1980 βεβαιώσεως
807 1926 830 1969 ὁ
859 1927 972 1982 λόγος
999 1929 1074 1980 ἔχει
1097 1925 1167 1979 τήν
1191 1925 1378 1978 δύναμιν,
1414 1923 1500 1978 μεθ’
1520 1924 1641 1979 ὅρκου
1669 1925 1741 1981 γάρ
1768 1926 1894 1980 α’)’μοσε

384 1994 520 2048 κύριος
539 1999 593 2051 τῷ
615 1996 744 2047 Λαβὶδ
768 1996 810 2036 ἐκ
831 1999 985 2049 καρποῦ
1008 2000 1075 2047 τῆς
1096 1996 1242 2042 κοιλίας
1262 1993 1398 2047 θήσειν
1419 1994 1482 2034 ἐπὶ
1504 1992 1570 2034 τόν
1590 1992 1740 2047 θρόνον
1760 1993 1891 2037 αὐτοῦ.

386 2067 646 2116 Μαρτυροῦσι
666 2063 707 2103 δὲ
729 2064 769 2103 οἱ
787 2060 995 2103 οἷπόστολοι
1017 2061 1074 2103 ὅτι
1097 2063 1138 2103 ἐκ
1164 2062 1379 2115 σπέρματος
1397 2061 1523 2112 Δαβὶδ
1550 2062 1622 2101 ἔδει
1643 2060 1711 2102 τόν
1728 2062 1895 2116 Χριστόν

385 2132 641 2184 γεννηθῆναι,
674 2128 796 2183 α’)’ςπερ
824 2124 896 2170 οῦν
915 2130 980 2170 καὶ
1009 2128 1198 2186 ἐγεννήθη
1220 2127 1242 2170 o‘
1262 2128 1395 2183 κύριος
1414 2126 1524 2180 ἡμῶν
1542 2125 1695 2180 Ἰησοῦς
1717 2130 1893 2184 Χριστός.

390 2196 562 2250 Παρήσω
586 2197 627 2238 δὲ
647 2195 689 2238 τὸ
712 2201 868 2249 πλῆθος
889 2201 966 2237 τῶν
985 2202 1217 2250 μαρτυριῶν,
1247 2199 1310 2237 ἵνα
1334 2194 1386 2249 μὴ
1405 2197 1456 2243 εἰς
1477 2194 1599 2236 πολύν
1623 2194 1740 2249 ὄγκον
1762 2195 1892 2253 ἀγάγω

384 2263 449 2305 τὸν
473 2263 608 2318 λόγον,
640 2263 692 2312 ὥς
711 2280 752 2318 γε
774 2269 971 2317 προεῖπον.
1031 2266 1152 2305 Εἴποι
1177 2262 1209 2304 δ’
1232 2261 1280 2304 ἅν
1300 2281 1358 2312 τις
1381 2265 1493 2312 ἴσως,
1523 2267 1592 2304 τοῦ
1617 2267 1788 2317 Χριστοῦ
1810 2282 1893 2320 γεν-

386 2333 575 2384 νηθέντος
599 2333 641 2373 ἐκ
665 2332 882 2384 σπέρματος
903 2332 1032 2383 Δαβὶδ
1059 2330 1155 2372 κατά
1187 2330 1331 2386 σάρκα,
1361 2331 1552 2372 τουτέστιν
1581 2328 1656 2370 dno*
1686 2335 1752 2383 τῆς
1782 2330 1892 2387 ἁγίας

385 2400 588 2453 παρθένου
608 2401 788 2452 Μαρίας,
819 2401 891 2439 τίνι
912 2402 964 2454 τῷ
986 2396 1086 2454 λόγῳ
1110 2400 1172 2439 ἐπὶ
1193 2403 1262 2440 τοῦ
1281 2397 1434 2451 θρόνου
1456 2398 1584 2450 Δαβὶδ
1609 2396 1657 2438 ου’
1680 2400 1891 2448 καθέζεται.

378 2460 527 2507 τΗλθον
546 2464 632 2521 γάρ,
664 2467 761 2518 φησὶ
779 2464 820 2506 το“
847 2464 1083 2519 εὐαγγέλιον,
1114 2472 1239 2519 χρῖσαι
1261 2464 1379 2506 αὐτόν
1401 2467 1453 2513 εἰς
1479 2466 1653 2518 βασιλέα,
1683 2467 1749 2506 καὶ
1778 2467 1892 2520 γνούς

385 2531 620 2587 ἄνεχώρησε,
651 2534 716 2574 καὶ
741 2532 884 2586 ἐκρύβη
909 2534 950 2573 ἐν
971 2530 1147 2585 Ἐφραῒμ
1168 2532 1276 2574 πόλει
1299 2537 1366 2586 τῆς
1387 2532 1544 2586 ἐρήμου.
1606 2531 1835 2582 Φθάσαντες
1851 2537 1892 2577 δὲ

384 2599 494 2652 ’ἡμεῖς
517 2601 579 2642 ἐπὶ
600 2599 668 2642 τόν
688 2599 809 2642 τόπον
833 2604 902 2641 τοῦ
924 2602 1042 2653 ῥητοῦ
1064 2599 1222 2651 τούτου,
1253 2602 1318 2642 καὶ
1341 2599 1578 2652 ἐρωτώμενοι
1596 2601 1682 2653 περὶ
1704 2604 1773 2652 τῆς
1796 2619 1889 2655 μαρ-

382 2671 516 2721 τυρίας
538 2666 678 2721 ταύτης
697 2670 762 2709 καὶ
783 2672 851 2720 τῆς
872 2665 1117 2717 ὑποθέσεως,
1149 2667 1208 2709 ὅτι
1234 2671 1306 2708 τίνι
1332 2672 1383 2724 τῷ
1404 2666 1502 2724 λόγῳ
1524 2666 1619 2707 κατα
1643 2666 1684 2708 τό
1707 2668 1889 2721 σαρκικόν

385 2732 436 2775 οὔ
466 2734 709 2790 πεπλήρωται
745 2736 835 2777 Ιέπὶ
865 2733 932 2776 τόν
954 2739 1107 2789 σωτῆρα
1132 2734 1173 2776 τό
1199 2738 1360 2777 καθίσαι
1392 2735 1455 2776 ἐπὶ
1487 2733 1553 2775 τόν
1583 2733 1729 2788 θρόνον
1750 2739 1887 2788 Δαβίδ.

449 2893 528 2925 Cn.
549 2894 588 2924 ΙΙ.
624 2913 664 2917 -
716 2896 744 2925 l.
770 2896 914 2934 Suspicor
933 2893 1007 2935 περὶ
1027 2893 1082 2927 τὸν
1106 2895 1250 2938 σωτῆρα.
