<?xml version="1.0" encoding="UTF-8"?>
<!DOCTYPE html PUBLIC "-//W3C//DTD XHTML 1.0 Transitional//EN"
    "http://www.w3.org/TR/xhtml1/DTD/xhtml1-transitional.dtd">
<html xmlns="http://www.w3.org/1999/xhtml" xml:lang="en" lang="en">
 <head>
  <title>
</title>
<meta http-equiv="Content-Type" content="text/html;charset=utf-8" />
  <meta name='ocr-system' content='tesseract 3.04.00' />
  <meta name='ocr-capabilities' content='ocr_page ocr_carea ocr_par ocr_line ocrx_word'/>
</head>
<body>
  <div class='ocr_page' id='page_1' title='image "./p1corporishaereseo02epipuoft/p1corporishaereseo02epipuoft_0507.png"; bbox 0 0 2034 3267; ppageno 0'>
   <div class='ocr_carea' id='block_1_1' title="bbox 478 166 1680 208">
    <p class='ocr_par' dir='ltr' id='par_1_1' title="bbox 478 166 1680 208">
     <span class='ocr_line' id='line_1_1' title="bbox 478 166 1680 208; baseline -0.001 -2"><span class='ocrx_word' id='word_1_1' title='bbox 478 174 653 206; x_wconf 76' lang='lat' dir='ltr'>PANAnn</span> <span class='ocrx_word' id='word_1_2' title='bbox 680 176 762 207; x_wconf 65' lang='grc' dir='ltr'>ΜΒ.</span> <span class='ocrx_word' id='word_1_3' title='bbox 782 177 806 207; x_wconf 84' lang='grc' dir='ltr'>ι.</span> <span class='ocrx_word' id='word_1_4' title='bbox 831 176 936 208; x_wconf 85' lang='grc' dir='ltr'>ΤοΜ.</span> <span class='ocrx_word' id='word_1_5' title='bbox 956 176 1012 207; x_wconf 82' lang='grc' dir='ltr'>ιιι.</span> <span class='ocrx_word' id='word_1_6' title='bbox 1037 176 1167 207; x_wconf 73' lang='grc' dir='ltr'>ΗΑΕιι.</span> <span class='ocrx_word' id='word_1_7' title='bbox 1185 174 1363 207; x_wconf 77' lang='lat' dir='ltr'>xxxvii.</span> <span class='ocrx_word' id='word_1_8' title='bbox 1601 166 1680 206; x_wconf 85' lang='lat'>495</span> 
     </span>
    </p>
   </div>
   <div class='ocr_carea' id='block_1_2' title="bbox 154 254 1683 1720">
    <p class='ocr_par' dir='ltr' id='par_1_2' title="bbox 156 254 1683 981">
     <span class='ocr_line' id='line_1_2' title="bbox 159 254 1682 307; baseline -0.001 -13"><span class='ocrx_word' id='word_1_9' title='bbox 159 254 350 294; x_wconf 76' lang='lat' dir='ltr'><strong>trinsecus</strong></span> <span class='ocrx_word' id='word_1_10' title='bbox 373 254 550 304; x_wconf 74' lang='lat' dir='ltr'>ascitum,</span> <span class='ocrx_word' id='word_1_11' title='bbox 584 261 622 294; x_wconf 90' lang='lat' dir='ltr'>et</span> <span class='ocrx_word' id='word_1_12' title='bbox 641 268 661 294; x_wconf 85' lang='lat' dir='ltr'>a</span> <span class='ocrx_word' id='word_1_13' title='bbox 685 254 793 294; x_wconf 87' lang='lat' dir='ltr'>nobis</span> <span class='ocrx_word' id='word_1_14' title='bbox 816 269 967 294; x_wconf 91' lang='lat' dir='ltr'>rursum</span> <span class='ocrx_word' id='word_1_15' title='bbox 990 254 1101 294; x_wconf 84' lang='lat' dir='ltr'>habet</span> <span class='ocrx_word' id='word_1_16' title='bbox 1124 261 1163 294; x_wconf 92' lang='lat' dir='ltr'>ut</span> <span class='ocrx_word' id='word_1_17' title='bbox 1183 268 1268 294; x_wconf 87' lang='lat' dir='ltr'>esse</span> <span class='ocrx_word' id='word_1_18' title='bbox 1295 254 1467 304; x_wconf 70' lang='lat' dir='ltr'>desinat,</span> <span class='ocrx_word' id='word_1_19' title='bbox 1501 254 1682 307; x_wconf 85' lang='lat' dir='ltr'>quemad-</span> 
     </span>
     <span class='ocr_line' id='line_1_3' title="bbox 159 321 1682 376; baseline -0.001 -15"><span class='ocrx_word' id='word_1_20' title='bbox 159 322 309 361; x_wconf 84' lang='lat' dir='ltr'>modum</span> <span class='ocrx_word' id='word_1_21' title='bbox 342 335 426 361; x_wconf 86' lang='lat' dir='ltr'>eum</span> <span class='ocrx_word' id='word_1_22' title='bbox 457 321 676 375; x_wconf 85' lang='lat' dir='ltr'>singillatim</span> <span class='ocrx_word' id='word_1_23' title='bbox 707 323 894 362; x_wconf 88' lang='lat' dir='ltr'>adversus</span> <span class='ocrx_word' id='word_1_24' title='bbox 928 322 1110 362; x_wconf 77' lang='lat' dir='ltr'>haereses</span> <span class='ocrx_word' id='word_1_25' title='bbox 1144 322 1376 376; x_wconf 70' lang='lat' dir='ltr'>disputarem</span> <span class='ocrx_word' id='word_1_26' title='bbox 1409 322 1547 375; x_wconf 82' lang='lat' dir='ltr'>ubique</span> <span class='ocrx_word' id='word_1_27' title='bbox 1574 335 1682 361; x_wconf 88' lang='lat' dir='ltr'>mon-</span> 
     </span>
     <span class='ocr_line' id='line_1_4' title="bbox 158 387 1678 443; baseline -0.001 -14"><span class='ocrx_word' id='word_1_28' title='bbox 158 388 301 429; x_wconf 79' lang='lat' dir='ltr'>stravi:</span> <span class='ocrx_word' id='word_1_29' title='bbox 335 387 463 429; x_wconf 90' lang='lat' dir='ltr'>Unum</span> <span class='ocrx_word' id='word_1_30' title='bbox 486 390 664 430; x_wconf 82' lang='lat' dir='ltr'>videlieet</span> <span class='ocrx_word' id='word_1_31' title='bbox 685 404 772 430; x_wconf 88' lang='lat' dir='ltr'>esse</span> <span class='ocrx_word' id='word_1_32' title='bbox 795 391 904 429; x_wconf 87' lang='lat' dir='ltr'>deum</span> <span class='ocrx_word' id='word_1_33' title='bbox 930 403 951 429; x_wconf 85' lang='lat' dir='ltr'>a</span> <span class='ocrx_word' id='word_1_34' title='bbox 975 404 1049 443; x_wconf 92' lang='lat' dir='ltr'>quo</span> <span class='ocrx_word' id='word_1_35' title='bbox 1072 392 1169 429; x_wconf 77' lang='lat' dir='ltr'>saeta</span> <span class='ocrx_word' id='word_1_36' title='bbox 1191 390 1418 443; x_wconf 82' lang='lat' dir='ltr'>conditaque</span> <span class='ocrx_word' id='word_1_37' title='bbox 1439 390 1516 430; x_wconf 92' lang='lat' dir='ltr'>sint</span> <span class='ocrx_word' id='word_1_38' title='bbox 1536 388 1678 438; x_wconf 81' lang='lat' dir='ltr'>onmia,</span> 
     </span>
     <span class='ocr_line' id='line_1_5' title="bbox 158 455 1682 511; baseline -0.001 -15"><span class='ocrx_word' id='word_1_39' title='bbox 158 466 304 511; x_wconf 86' lang='lat' dir='ltr'>patrem</span> <span class='ocrx_word' id='word_1_40' title='bbox 328 457 469 496; x_wconf 92' lang='lat' dir='ltr'>domini</span> <span class='ocrx_word' id='word_1_41' title='bbox 494 458 613 498; x_wconf 91' lang='lat' dir='ltr'>nostri</span> <span class='ocrx_word' id='word_1_42' title='bbox 638 456 724 498; x_wconf 83' lang='lat' dir='ltr'>lesu</span> <span class='ocrx_word' id='word_1_43' title='bbox 747 455 916 506; x_wconf 76' lang='lat' dir='ltr'>Christi,</span> <span class='ocrx_word' id='word_1_44' title='bbox 953 471 1067 496; x_wconf 88' lang='lat' dir='ltr'>unum</span> <span class='ocrx_word' id='word_1_45' title='bbox 1093 458 1221 497; x_wconf 88' lang='lat' dir='ltr'>itidem</span> <span class='ocrx_word' id='word_1_46' title='bbox 1248 471 1334 497; x_wconf 90' lang='lat' dir='ltr'>esse</span> <span class='ocrx_word' id='word_1_47' title='bbox 1358 458 1471 497; x_wconf 81' lang='lat' dir='ltr'>lilium</span> <span class='ocrx_word' id='word_1_48' title='bbox 1494 457 1577 497; x_wconf 89' lang='lat' dir='ltr'>eins</span> <span class='ocrx_word' id='word_1_49' title='bbox 1599 456 1682 496; x_wconf 89' lang='lat' dir='ltr'>uni-</span> 
     </span>
     <span class='ocr_line' id='line_1_6' title="bbox 157 523 1682 578; baseline -0.001 -14"><span class='ocrx_word' id='word_1_50' title='bbox 157 524 326 577; x_wconf 86' lang='lat' dir='ltr'>genitum</span> <span class='ocrx_word' id='word_1_51' title='bbox 349 524 540 566; x_wconf 91' lang='lat' dir='ltr'>dominum</span> <span class='ocrx_word' id='word_1_52' title='bbox 565 534 758 575; x_wconf 87' lang='lat' dir='ltr'>nostrum,</span> <span class='ocrx_word' id='word_1_53' title='bbox 792 524 1024 565; x_wconf 87' lang='lat' dir='ltr'>salvatorem</span> <span class='ocrx_word' id='word_1_54' title='bbox 1048 538 1092 564; x_wconf 84' lang='lat' dir='ltr'>ac</span> <span class='ocrx_word' id='word_1_55' title='bbox 1114 526 1247 575; x_wconf 86' lang='lat' dir='ltr'>deum,</span> <span class='ocrx_word' id='word_1_56' title='bbox 1283 539 1397 564; x_wconf 91' lang='lat' dir='ltr'>unum</span> <span class='ocrx_word' id='word_1_57' title='bbox 1421 539 1571 578; x_wconf 88' lang='lat' dir='ltr'>quoqne</span> <span class='ocrx_word' id='word_1_58' title='bbox 1593 523 1682 578; x_wconf 90' lang='lat' dir='ltr'>Spi-</span> 
     </span>
     <span class='ocr_line' id='line_1_7' title="bbox 156 591 1682 645; baseline 0 -14"><span class='ocrx_word' id='word_1_59' title='bbox 156 591 268 632; x_wconf 90' lang='lat' dir='ltr'>ritum</span> <span class='ocrx_word' id='word_1_60' title='bbox 301 600 498 643; x_wconf 83' lang='lat' dir='ltr'>sanetum,</span> <span class='ocrx_word' id='word_1_61' title='bbox 541 608 653 634; x_wconf 89' lang='lat' dir='ltr'>unam</span> <span class='ocrx_word' id='word_1_62' title='bbox 685 599 855 633; x_wconf 76' lang='lat' dir='ltr'>sanctam</span> <span class='ocrx_word' id='word_1_63' title='bbox 887 591 1328 645; x_wconf 76' lang='lat' dir='ltr'>consubstantialemque</span> <span class='ocrx_word' id='word_1_64' title='bbox 1361 591 1615 642; x_wconf 69' lang='lat' dir='ltr'>Trinitatem,</span> <span class='ocrx_word' id='word_1_65' title='bbox 1661 607 1682 631; x_wconf 85' lang='lat' dir='ltr'>a</span> 
     </span>
     <span class='ocr_line' id='line_1_8' title="bbox 158 659 1682 715; baseline -0.001 -15"><span class='ocrx_word' id='word_1_66' title='bbox 158 674 229 713; x_wconf 80' lang='lat' dir='ltr'>qua</span> <span class='ocrx_word' id='word_1_67' title='bbox 264 668 369 700; x_wconf 81' lang='lat' dir='ltr'>reete</span> <span class='ocrx_word' id='word_1_68' title='bbox 402 669 491 700; x_wconf 87' lang='lat' dir='ltr'>sunt</span> <span class='ocrx_word' id='word_1_69' title='bbox 520 661 702 701; x_wconf 84' lang='lat' dir='ltr'>universa</span> <span class='ocrx_word' id='word_1_70' title='bbox 733 667 958 715; x_wconf 81' lang='lat' dir='ltr'>procreata,</span> <span class='ocrx_word' id='word_1_71' title='bbox 1003 674 1079 699; x_wconf 92' lang='lat' dir='ltr'>non</span> <span class='ocrx_word' id='word_1_72' title='bbox 1112 659 1235 712; x_wconf 84' lang='lat' dir='ltr'>aliqua</span> <span class='ocrx_word' id='word_1_73' title='bbox 1267 659 1387 709; x_wconf 86' lang='lat' dir='ltr'>mala,</span> <span class='ocrx_word' id='word_1_74' title='bbox 1433 662 1498 700; x_wconf 90' lang='lat' dir='ltr'>sed</span> <span class='ocrx_word' id='word_1_75' title='bbox 1527 660 1682 699; x_wconf 86' lang='lat' dir='ltr'>omnino</span> 
     </span>
     <span class='ocr_line' id='line_1_9' title="bbox 156 725 1683 783; baseline -0.001 -15"><span class='ocrx_word' id='word_1_76' title='bbox 156 728 280 779; x_wconf 86' lang='lat' dir='ltr'>bona,</span> <span class='ocrx_word' id='word_1_77' title='bbox 315 737 426 783; x_wconf 89' lang='lat' dir='ltr'>prout</span> <span class='ocrx_word' id='word_1_78' title='bbox 449 728 629 769; x_wconf 86' lang='lat' dir='ltr'>bonitatis</span> <span class='ocrx_word' id='word_1_79' title='bbox 653 729 754 768; x_wconf 89' lang='lat' dir='ltr'>illius</span> <span class='ocrx_word' id='word_1_80' title='bbox 777 728 956 767; x_wconf 84' lang='lat' dir='ltr'>voluntas</span> <span class='ocrx_word' id='word_1_81' title='bbox 984 727 1081 767; x_wconf 88' lang='lat' dir='ltr'>tulit.</span> <span class='ocrx_word' id='word_1_82' title='bbox 1143 725 1287 766; x_wconf 87' lang='lat' dir='ltr'>Eadem</span> <span class='ocrx_word' id='word_1_83' title='bbox 1314 740 1429 781; x_wconf 88' lang='lat' dir='ltr'>porro</span> <span class='ocrx_word' id='word_1_84' title='bbox 1453 741 1473 767; x_wconf 89' lang='lat' dir='ltr'>e</span> <span class='ocrx_word' id='word_1_85' title='bbox 1499 728 1615 767; x_wconf 78' lang='lat' dir='ltr'>nihilo</span> <span class='ocrx_word' id='word_1_86' title='bbox 1643 734 1683 766; x_wconf 89' lang='lat' dir='ltr'>ut</span> 
     </span>
     <span class='ocr_line' id='line_1_10' title="bbox 158 792 1681 850; baseline -0.001 -14"><span class='ocrx_word' id='word_1_87' title='bbox 158 803 291 836; x_wconf 80' lang='lat' dir='ltr'><strong>essent</strong></span> <span class='ocrx_word' id='word_1_88' title='bbox 318 797 456 850; x_wconf 81' lang='lat' dir='ltr'>aliquid</span> <span class='ocrx_word' id='word_1_89' title='bbox 489 803 650 837; x_wconf 80' lang='lat' dir='ltr'>evocata</span> <span class='ocrx_word' id='word_1_90' title='bbox 677 803 779 836; x_wconf 82' lang='lat' dir='ltr'>sunt.</span> <span class='ocrx_word' id='word_1_91' title='bbox 843 792 918 836; x_wconf 87' lang='lat' dir='ltr'>Cui</span> <span class='ocrx_word' id='word_1_92' title='bbox 943 795 1093 849; x_wconf 88' lang='lat' dir='ltr'>quidem</span> <span class='ocrx_word' id='word_1_93' title='bbox 1118 795 1189 834; x_wconf 87' lang='lat' dir='ltr'>deo</span> <span class='ocrx_word' id='word_1_94' title='bbox 1211 794 1331 848; x_wconf 82' lang='lat' dir='ltr'>gloria</span> <span class='ocrx_word' id='word_1_95' title='bbox 1348 826 1357 844; x_wconf 98' lang='lat'>,</span> <span class='ocrx_word' id='word_1_96' title='bbox 1404 794 1525 834; x_wconf 90' lang='lat' dir='ltr'>honor</span> <span class='ocrx_word' id='word_1_97' title='bbox 1549 802 1586 834; x_wconf 92' lang='lat' dir='ltr'>et</span> <span class='ocrx_word' id='word_1_98' title='bbox 1613 795 1681 834; x_wconf 91' lang='lat' dir='ltr'>im-</span> 
     </span>
     <span class='ocr_line' id='line_1_11' title="bbox 157 860 1680 918; baseline -0.001 -14"><span class='ocrx_word' id='word_1_99' title='bbox 157 863 304 918; x_wconf 88' lang='lat' dir='ltr'>perium</span> <span class='ocrx_word' id='word_1_100' title='bbox 328 865 399 915; x_wconf 89' lang='lat' dir='ltr'>sit,</span> <span class='ocrx_word' id='word_1_101' title='bbox 432 863 538 904; x_wconf 85' lang='lat' dir='ltr'>Patri</span> <span class='ocrx_word' id='word_1_102' title='bbox 562 865 599 904; x_wconf 92' lang='lat' dir='ltr'>in</span> <span class='ocrx_word' id='word_1_103' title='bbox 622 862 746 913; x_wconf 89' lang='lat' dir='ltr'>Filio,</span> <span class='ocrx_word' id='word_1_104' title='bbox 787 861 888 903; x_wconf 89' lang='lat' dir='ltr'>Filio</span> <span class='ocrx_word' id='word_1_105' title='bbox 912 863 949 902; x_wconf 93' lang='lat' dir='ltr'>in</span> <span class='ocrx_word' id='word_1_106' title='bbox 977 861 1118 913; x_wconf 88' lang='lat' dir='ltr'>Patre,</span> <span class='ocrx_word' id='word_1_107' title='bbox 1161 876 1244 902; x_wconf 84' lang='lat' dir='ltr'>cum</span> <span class='ocrx_word' id='word_1_108' title='bbox 1272 860 1419 917; x_wconf 76' lang='lat' dir='ltr'>Spiritu</span> <span class='ocrx_word' id='word_1_109' title='bbox 1441 870 1598 913; x_wconf 83' lang='lat' dir='ltr'>saneto,</span> <span class='ocrx_word' id='word_1_110' title='bbox 1643 863 1680 902; x_wconf 91' lang='lat' dir='ltr'>in</span> 
     </span>
     <span class='ocr_line' id='line_1_12' title="bbox 157 931 734 981; baseline -0.003 -9"><span class='ocrx_word' id='word_1_111' title='bbox 157 933 284 973; x_wconf 86' lang='lat' dir='ltr'>secula</span> <span class='ocrx_word' id='word_1_112' title='bbox 316 933 554 981; x_wconf 81' lang='lat' dir='ltr'>seculorum,</span> <span class='ocrx_word' id='word_1_113' title='bbox 592 931 734 971; x_wconf 90' lang='lat' dir='ltr'>Amen.</span> 
     </span>
    </p>

    <p class='ocr_par' dir='ltr' id='par_1_3' title="bbox 154 998 1682 1720">
     <span class='ocr_line' id='line_1_13' title="bbox 268 998 1682 1054; baseline -0.003 -14"><span class='ocrx_word' id='word_1_114' title='bbox 268 999 352 1041; x_wconf 78' lang='lat' dir='ltr'>Hac</span> <span class='ocrx_word' id='word_1_115' title='bbox 385 999 501 1054; x_wconf 84' lang='lat' dir='ltr'>igitur</span> <span class='ocrx_word' id='word_1_116' title='bbox 530 999 681 1039; x_wconf 87' lang='lat' dir='ltr'>haeresi</span> <span class='ocrx_word' id='word_1_117' title='bbox 713 998 843 1053; x_wconf 79' lang='lat' dir='ltr'>paucis</span> <span class='ocrx_word' id='word_1_118' title='bbox 874 1000 912 1038; x_wconf 89' lang='lat' dir='ltr'>in</span> <span class='ocrx_word' id='word_1_119' title='bbox 946 999 1044 1038; x_wconf 86' lang='lat' dir='ltr'>hune</span> <span class='ocrx_word' id='word_1_120' title='bbox 1080 999 1231 1038; x_wconf 87' lang='lat' dir='ltr'>modum</span> <span class='ocrx_word' id='word_1_121' title='bbox 1265 1011 1402 1039; x_wconf 84' lang='lat' dir='ltr'>eversa</span> <span class='ocrx_word' id='word_1_122' title='bbox 1436 999 1480 1039; x_wconf 82' lang='lat' dir='ltr'>ad</span> <span class='ocrx_word' id='word_1_123' title='bbox 1516 998 1682 1051; x_wconf 86' lang='lat' dir='ltr'>reliquas</span> 
     </span>
     <span class='ocr_line' id='line_1_14' title="bbox 159 1066 1678 1123; baseline -0.002 -15"><span class='ocrx_word' id='word_1_124' title='bbox 159 1069 414 1123; x_wconf 64' lang='lat' dir='ltr'>pergendum,</span> <span class='ocrx_word' id='word_1_125' title='bbox 448 1081 540 1121; x_wconf 89' lang='lat' dir='ltr'>quas</span> <span class='ocrx_word' id='word_1_126' title='bbox 563 1066 808 1121; x_wconf 78' lang='lat' dir='ltr'>singillatim,</span> <span class='ocrx_word' id='word_1_127' title='bbox 843 1074 955 1121; x_wconf 86' lang='lat' dir='ltr'>prout</span> <span class='ocrx_word' id='word_1_128' title='bbox 980 1067 1016 1106; x_wconf 90' lang='lat' dir='ltr'>in</span> <span class='ocrx_word' id='word_1_129' title='bbox 1043 1066 1154 1107; x_wconf 90' lang='lat' dir='ltr'>nobis</span> <span class='ocrx_word' id='word_1_130' title='bbox 1177 1068 1288 1106; x_wconf 88' lang='lat' dir='ltr'>situm</span> <span class='ocrx_word' id='word_1_131' title='bbox 1314 1068 1408 1117; x_wconf 92' lang='lat' dir='ltr'>erit,</span> <span class='ocrx_word' id='word_1_132' title='bbox 1443 1066 1678 1115; x_wconf 79' lang='lat' dir='ltr'><strong>refellemus,</strong></span> 
     </span>
     <span class='ocr_line' id='line_1_15' title="bbox 158 1131 1681 1190; baseline -0.001 -14"><span class='ocrx_word' id='word_1_133' title='bbox 158 1151 202 1177; x_wconf 86' lang='lat' dir='ltr'>ae</span> <span class='ocrx_word' id='word_1_134' title='bbox 242 1135 593 1190; x_wconf 72' lang='lat' dir='ltr'>perniciosissimae</span> <span class='ocrx_word' id='word_1_135' title='bbox 633 1135 780 1175; x_wconf 85' lang='lat' dir='ltr'>illarum</span> <span class='ocrx_word' id='word_1_136' title='bbox 819 1134 1013 1189; x_wconf 70' lang='lat' dir='ltr'>nequitiae</span> <span class='ocrx_word' id='word_1_137' title='bbox 1050 1135 1201 1175; x_wconf 87' lang='lat' dir='ltr'>modum</span> <span class='ocrx_word' id='word_1_138' title='bbox 1235 1135 1511 1175; x_wconf 77' lang='lat' dir='ltr'>adhibebimus.</span> <span class='ocrx_word' id='word_1_139' title='bbox 1582 1131 1681 1188; x_wconf 85' lang='lat' dir='ltr'>Seps</span> 
     </span>
     <span class='ocr_line' id='line_1_16' title="bbox 157 1201 1680 1257; baseline -0.002 -13"><span class='ocrx_word' id='word_1_140' title='bbox 157 1204 256 1244; x_wconf 85' lang='lat' dir='ltr'>enim</span> <span class='ocrx_word' id='word_1_141' title='bbox 280 1204 416 1243; x_wconf 86' lang='lat' dir='ltr'>merito</span> <span class='ocrx_word' id='word_1_142' title='bbox 442 1203 504 1243; x_wconf 89' lang='lat' dir='ltr'>ille</span> <span class='ocrx_word' id='word_1_143' title='bbox 529 1203 718 1243; x_wconf 87' lang='lat' dir='ltr'>nominari</span> <span class='ocrx_word' id='word_1_144' title='bbox 742 1210 881 1257; x_wconf 90' lang='lat' dir='ltr'>potest.</span> <span class='ocrx_word' id='word_1_145' title='bbox 945 1201 1057 1256; x_wconf 80' lang='lat' dir='ltr'>Quod</span> <span class='ocrx_word' id='word_1_146' title='bbox 1079 1203 1225 1242; x_wconf 87' lang='lat' dir='ltr'>bestiae</span> <span class='ocrx_word' id='word_1_147' title='bbox 1250 1217 1372 1257; x_wconf 85' lang='lat' dir='ltr'>genus</span> <span class='ocrx_word' id='word_1_148' title='bbox 1400 1217 1475 1243; x_wconf 90' lang='lat' dir='ltr'>nou</span> <span class='ocrx_word' id='word_1_149' title='bbox 1498 1209 1573 1242; x_wconf 89' lang='lat' dir='ltr'>tam</span> <span class='ocrx_word' id='word_1_150' title='bbox 1599 1216 1680 1242; x_wconf 89' lang='lat' dir='ltr'>ser-</span> 
     </span>
     <span class='ocr_line' id='line_1_17' title="bbox 156 1271 1680 1326; baseline -0.001 -14"><span class='ocrx_word' id='word_1_151' title='bbox 156 1286 272 1326; x_wconf 88' lang='lat' dir='ltr'>pens,</span> <span class='ocrx_word' id='word_1_152' title='bbox 306 1286 415 1325; x_wconf 87' lang='lat' dir='ltr'>quam</span> <span class='ocrx_word' id='word_1_153' title='bbox 440 1271 577 1326; x_wconf 89' lang='lat' dir='ltr'>reptile</span> <span class='ocrx_word' id='word_1_154' title='bbox 600 1271 817 1325; x_wconf 76' lang='lat' dir='ltr'>quadrupes</span> <span class='ocrx_word' id='word_1_155' title='bbox 843 1278 925 1321; x_wconf 88' lang='lat' dir='ltr'>est,</span> <span class='ocrx_word' id='word_1_156' title='bbox 960 1271 1150 1311; x_wconf 79' lang='lat' dir='ltr'>stellionis</span> <span class='ocrx_word' id='word_1_157' title='bbox 1173 1271 1325 1325; x_wconf 75' lang='lat' dir='ltr'>speeie,</span> <span class='ocrx_word' id='word_1_158' title='bbox 1359 1271 1420 1325; x_wconf 87' lang='lat' dir='ltr'>qui</span> <span class='ocrx_word' id='word_1_159' title='bbox 1445 1285 1527 1311; x_wconf 88' lang='lat' dir='ltr'>eum</span> <span class='ocrx_word' id='word_1_160' title='bbox 1552 1284 1680 1310; x_wconf 87' lang='lat' dir='ltr'>morsu</span> 
     </span>
     <span class='ocr_line' id='line_1_18' title="bbox 155 1338 1679 1394; baseline -0.001 -15"><span class='ocrx_word' id='word_1_161' title='bbox 155 1340 246 1380; x_wconf 91' lang='lat' dir='ltr'>nihil</span> <span class='ocrx_word' id='word_1_162' title='bbox 269 1340 469 1380; x_wconf 81' lang='lat' dir='ltr'>admodum</span> <span class='ocrx_word' id='word_1_163' title='bbox 493 1347 652 1389; x_wconf 85' lang='lat' dir='ltr'>noceat,</span> <span class='ocrx_word' id='word_1_164' title='bbox 688 1346 838 1393; x_wconf 84' lang='lat' dir='ltr'>sputum</span> <span class='ocrx_word' id='word_1_165' title='bbox 864 1340 985 1393; x_wconf 88' lang='lat' dir='ltr'>ipsum</span> <span class='ocrx_word' id='word_1_166' title='bbox 1013 1339 1044 1379; x_wconf 88' lang='lat' dir='ltr'>si</span> <span class='ocrx_word' id='word_1_167' title='bbox 1071 1342 1107 1379; x_wconf 89' lang='lat' dir='ltr'>in</span> <span class='ocrx_word' id='word_1_168' title='bbox 1131 1338 1254 1379; x_wconf 89' lang='lat' dir='ltr'>eibum</span> <span class='ocrx_word' id='word_1_169' title='bbox 1282 1346 1346 1378; x_wconf 87' lang='lat' dir='ltr'>aut</span> <span class='ocrx_word' id='word_1_170' title='bbox 1369 1347 1496 1394; x_wconf 91' lang='lat' dir='ltr'>potum</span> <span class='ocrx_word' id='word_1_171' title='bbox 1519 1338 1679 1388; x_wconf 81' lang='lat' dir='ltr'>eliserit,</span> 
     </span>
     <span class='ocr_line' id='line_1_19' title="bbox 155 1406 1682 1462; baseline -0.001 -15"><span class='ocrx_word' id='word_1_172' title='bbox 155 1421 339 1462; x_wconf 85' lang='lat' dir='ltr'>praesens</span> <span class='ocrx_word' id='word_1_173' title='bbox 373 1407 419 1447; x_wconf 90' lang='lat' dir='ltr'>iis</span> <span class='ocrx_word' id='word_1_174' title='bbox 451 1409 513 1461; x_wconf 91' lang='lat' dir='ltr'>qui</span> <span class='ocrx_word' id='word_1_175' title='bbox 542 1407 786 1447; x_wconf 87' lang='lat' dir='ltr'>adhibuerint</span> <span class='ocrx_word' id='word_1_176' title='bbox 815 1407 973 1447; x_wconf 78' lang='lat' dir='ltr'>exitium</span> <span class='ocrx_word' id='word_1_177' title='bbox 1007 1407 1147 1447; x_wconf 85' lang='lat' dir='ltr'>afferre</span> <span class='ocrx_word' id='word_1_178' title='bbox 1178 1406 1330 1447; x_wconf 80' lang='lat' dir='ltr'>dieitur.</span> <span class='ocrx_word' id='word_1_179' title='bbox 1392 1406 1592 1447; x_wconf 85' lang='lat' dir='ltr'>Eiusmodi</span> <span class='ocrx_word' id='word_1_180' title='bbox 1623 1413 1682 1446; x_wconf 88' lang='lat' dir='ltr'>est</span> 
     </span>
     <span class='ocr_line' id='line_1_20' title="bbox 154 1474 1681 1529; baseline -0.001 -13"><span class='ocrx_word' id='word_1_181' title='bbox 154 1475 255 1516; x_wconf 93' lang='lat' dir='ltr'>illius</span> <span class='ocrx_word' id='word_1_182' title='bbox 283 1475 472 1516; x_wconf 82' lang='lat' dir='ltr'>doctrina.</span> <span class='ocrx_word' id='word_1_183' title='bbox 535 1474 621 1515; x_wconf 90' lang='lat' dir='ltr'>Nos</span> <span class='ocrx_word' id='word_1_184' title='bbox 648 1482 774 1515; x_wconf 84' lang='lat' dir='ltr'>autem</span> <span class='ocrx_word' id='word_1_185' title='bbox 802 1475 913 1515; x_wconf 89' lang='lat' dir='ltr'>huius</span> <span class='ocrx_word' id='word_1_186' title='bbox 940 1489 1089 1529; x_wconf 86' lang='lat' dir='ltr'>quoque</span> <span class='ocrx_word' id='word_1_187' title='bbox 1117 1489 1269 1515; x_wconf 81' lang='lat' dir='ltr'>veneno</span> <span class='ocrx_word' id='word_1_188' title='bbox 1295 1476 1507 1528; x_wconf 76' lang='lat' dir='ltr'>patefacto,</span> <span class='ocrx_word' id='word_1_189' title='bbox 1551 1490 1594 1515; x_wconf 84' lang='lat' dir='ltr'>ae</span> <span class='ocrx_word' id='word_1_190' title='bbox 1626 1474 1681 1514; x_wconf 93' lang='lat' dir='ltr'>di-</span> 
     </span>
     <span class='ocr_line' id='line_1_21' title="bbox 155 1542 1682 1598; baseline -0.001 -14"><span class='ocrx_word' id='word_1_191' title='bbox 155 1544 245 1584; x_wconf 87' lang='lat' dir='ltr'>vina</span> <span class='ocrx_word' id='word_1_192' title='bbox 276 1558 346 1598; x_wconf 93' lang='lat' dir='ltr'>ope</span> <span class='ocrx_word' id='word_1_193' title='bbox 378 1557 429 1583; x_wconf 80' lang='lat' dir='ltr'>ex</span> <span class='ocrx_word' id='word_1_194' title='bbox 453 1543 604 1583; x_wconf 89' lang='lat' dir='ltr'>illorum</span> <span class='ocrx_word' id='word_1_195' title='bbox 635 1543 771 1597; x_wconf 91' lang='lat' dir='ltr'>quibus</span> <span class='ocrx_word' id='word_1_196' title='bbox 798 1543 951 1583; x_wconf 84' lang='lat' dir='ltr'>iamiam</span> <span class='ocrx_word' id='word_1_197' title='bbox 978 1543 1192 1583; x_wconf 82' lang='lat' dir='ltr'>nociturum</span> <span class='ocrx_word' id='word_1_198' title='bbox 1226 1549 1309 1582; x_wconf 83' lang='lat' dir='ltr'>erat</span> <span class='ocrx_word' id='word_1_199' title='bbox 1333 1542 1505 1583; x_wconf 81' lang='lat' dir='ltr'>faucibus</span> <span class='ocrx_word' id='word_1_200' title='bbox 1536 1550 1600 1582; x_wconf 90' lang='lat' dir='ltr'>aut</span> <span class='ocrx_word' id='word_1_201' title='bbox 1629 1543 1682 1582; x_wconf 81' lang='lat' dir='ltr'>la-</span> 
     </span>
     <span class='ocr_line' id='line_1_22' title="bbox 154 1610 1681 1662; baseline 0.001 -12"><span class='ocrx_word' id='word_1_202' title='bbox 154 1610 233 1651; x_wconf 89' lang='lat' dir='ltr'>bris</span> <span class='ocrx_word' id='word_1_203' title='bbox 258 1611 458 1662; x_wconf 83' lang='lat' dir='ltr'>absterso,</span> <span class='ocrx_word' id='word_1_204' title='bbox 502 1611 546 1650; x_wconf 91' lang='lat' dir='ltr'>ad</span> <span class='ocrx_word' id='word_1_205' title='bbox 570 1618 720 1651; x_wconf 81' lang='lat' dir='ltr'>ceteras</span> <span class='ocrx_word' id='word_1_206' title='bbox 745 1617 1009 1661; x_wconf 86' lang='lat' dir='ltr'>transeamus,</span> <span class='ocrx_word' id='word_1_207' title='bbox 1053 1618 1091 1651; x_wconf 87' lang='lat' dir='ltr'>et</span> <span class='ocrx_word' id='word_1_208' title='bbox 1111 1625 1201 1662; x_wconf 86' lang='lat' dir='ltr'>eas,</span> <span class='ocrx_word' id='word_1_209' title='bbox 1246 1618 1286 1650; x_wconf 87' lang='lat' dir='ltr'>ut</span> <span class='ocrx_word' id='word_1_210' title='bbox 1307 1611 1445 1651; x_wconf 85' lang='lat' dir='ltr'>dietum</span> <span class='ocrx_word' id='word_1_211' title='bbox 1470 1617 1551 1661; x_wconf 84' lang='lat' dir='ltr'>est,</span> <span class='ocrx_word' id='word_1_212' title='bbox 1595 1625 1681 1651; x_wconf 84' lang='lat' dir='ltr'>ora-</span> 
     </span>
     <span class='ocr_line' id='line_1_23' title="bbox 155 1679 710 1720; baseline 0.002 -2"><span class='ocrx_word' id='word_1_213' title='bbox 155 1679 259 1719; x_wconf 91' lang='lat' dir='ltr'>tione</span> <span class='ocrx_word' id='word_1_214' title='bbox 290 1687 421 1720; x_wconf 87' lang='lat' dir='ltr'>nostra</span> <span class='ocrx_word' id='word_1_215' title='bbox 453 1679 710 1719; x_wconf 76' lang='lat' dir='ltr'>confutemus.</span> 
     </span>
    </p>
   </div>
   <div class='ocr_carea' id='block_1_3' title="bbox 425 1838 1411 1980">
    <p class='ocr_par' dir='ltr' id='par_1_4' title="bbox 425 1838 1411 1980">
     <span class='ocr_line' id='line_1_24' title="bbox 503 1838 1326 1899; baseline 0 -13"><span class='ocrx_word' id='word_1_216' title='bbox 503 1838 919 1887; x_wconf 86' lang='lat' dir='ltr'><strong>ADVERSUS</strong></span> <span class='ocrx_word' id='word_1_217' title='bbox 976 1838 1326 1899; x_wconf 88' lang='lat' dir='ltr'>OPHITAS,</span> 
     </span>
     <span class='ocr_line' id='line_1_25' title="bbox 425 1918 1411 1980; baseline 0 -15"><span class='ocrx_word' id='word_1_218' title='bbox 425 1935 532 1980; x_wconf 86' lang='lat' dir='ltr'>quae</span> <span class='ocrx_word' id='word_1_219' title='bbox 571 1923 637 1966; x_wconf 85' lang='lat' dir='ltr'>est</span> <span class='ocrx_word' id='word_1_220' title='bbox 673 1919 865 1967; x_wconf 88' lang='lat' dir='ltr'>haeresis</span> <span class='ocrx_word' id='word_1_221' title='bbox 894 1919 1042 1966; x_wconf 88' lang='lat' dir='ltr'>XVII.</span> <span class='ocrx_word' id='word_1_222' title='bbox 1082 1919 1151 1967; x_wconf 84' lang='lat' dir='ltr'>vel</span> <span class='ocrx_word' id='word_1_223' title='bbox 1177 1918 1411 1966; x_wconf 86' lang='lat' dir='ltr'>XXXVII.</span> 
     </span>
    </p>
   </div>
   <div class='ocr_carea' id='block_1_4' title="bbox 153 2017 1680 2686">
    <p class='ocr_par' dir='ltr' id='par_1_5' title="bbox 153 2017 1680 2481">
     <span class='ocr_line' id='line_1_26' title="bbox 268 2017 1677 2074; baseline 0.001 -16"><span class='ocrx_word' id='word_1_224' title='bbox 268 2017 380 2072; x_wconf 86' lang='lat' dir='ltr'>Quod</span> <span class='ocrx_word' id='word_1_225' title='bbox 406 2019 521 2072; x_wconf 84' lang='lat' dir='ltr'>igitur</span> <span class='ocrx_word' id='word_1_226' title='bbox 546 2020 675 2060; x_wconf 90' lang='lat' dir='ltr'>divino</span> <span class='ocrx_word' id='word_1_227' title='bbox 702 2020 786 2060; x_wconf 84' lang='lat' dir='ltr'>l&#39;reti</span> <span class='ocrx_word' id='word_1_228' title='bbox 814 2020 1002 2074; x_wconf 83' lang='lat' dir='ltr'>praesidio</span> <span class='ocrx_word' id='word_1_229' title='bbox 1027 2019 1289 2074; x_wconf 73' lang='lat' dir='ltr'>suscepimus,</span> <span class='ocrx_word' id='word_1_230' title='bbox 1335 2017 1563 2074; x_wconf 85' lang='lat' dir='ltr'>Ophitarum</span> <span class='ocrx_word' id='word_1_231' title='bbox 1588 2020 1677 2060; x_wconf 86' lang='lat' dir='ltr'>hae—</span> 
     </span>
     <span class='ocr_line' id='line_1_27' title="bbox 155 2086 1677 2142; baseline 0 -15"><span class='ocrx_word' id='word_1_232' title='bbox 155 2086 281 2136; x_wconf 91' lang='lat' dir='ltr'>resin,</span> <span class='ocrx_word' id='word_1_233' title='bbox 327 2101 423 2141; x_wconf 81' lang='lat' dir='ltr'>quae</span> <span class='ocrx_word' id='word_1_234' title='bbox 448 2088 710 2141; x_wconf 88' lang='lat' dir='ltr'>superioribus</span> <span class='ocrx_word' id='word_1_235' title='bbox 738 2088 810 2128; x_wconf 85' lang='lat' dir='ltr'>illis</span> <span class='ocrx_word' id='word_1_236' title='bbox 837 2088 983 2128; x_wconf 88' lang='lat' dir='ltr'>insanis</span> <span class='ocrx_word' id='word_1_237' title='bbox 1009 2088 1233 2142; x_wconf 88' lang='lat' dir='ltr'>stolidisque</span> <span class='ocrx_word' id='word_1_238' title='bbox 1259 2087 1375 2127; x_wconf 82' lang='lat' dir='ltr'>sectis</span> <span class='ocrx_word' id='word_1_239' title='bbox 1403 2088 1579 2142; x_wconf 81' lang='lat' dir='ltr'>proxima</span> <span class='ocrx_word' id='word_1_240' title='bbox 1604 2096 1677 2138; x_wconf 85' lang='lat' dir='ltr'>est,</span> 
     </span>
     <span class='ocr_line' id='line_1_28' title="bbox 154 2153 1680 2209; baseline 0.001 -15"><span class='ocrx_word' id='word_1_241' title='bbox 154 2154 412 2209; x_wconf 83' lang='lat' dir='ltr'>aggredimur.</span> <span class='ocrx_word' id='word_1_242' title='bbox 477 2153 588 2208; x_wconf 79' lang='lat' dir='ltr'>Quae</span> <span class='ocrx_word' id='word_1_243' title='bbox 613 2154 762 2209; x_wconf 91' lang='lat' dir='ltr'>quidem</span> <span class='ocrx_word' id='word_1_244' title='bbox 787 2156 920 2209; x_wconf 87' lang='lat' dir='ltr'>partim</span> <span class='ocrx_word' id='word_1_245' title='bbox 945 2170 1029 2196; x_wconf 87' lang='lat' dir='ltr'>cum</span> <span class='ocrx_word' id='word_1_246' title='bbox 1052 2155 1127 2196; x_wconf 85' lang='lat' dir='ltr'>illis</span> <span class='ocrx_word' id='word_1_247' title='bbox 1149 2156 1346 2205; x_wconf 78' lang='lat' dir='ltr'>convenit,</span> <span class='ocrx_word' id='word_1_248' title='bbox 1381 2155 1514 2209; x_wconf 87' lang='lat' dir='ltr'>partim</span> <span class='ocrx_word' id='word_1_249' title='bbox 1537 2156 1680 2195; x_wconf 76' lang='lat' dir='ltr'>discre-</span> 
     </span>
     <span class='ocr_line' id='line_1_29' title="bbox 154 2223 1677 2277; baseline 0.001 -15"><span class='ocrx_word' id='word_1_250' title='bbox 154 2229 238 2277; x_wconf 86' lang='lat' dir='ltr'>pat,</span> <span class='ocrx_word' id='word_1_251' title='bbox 281 2237 349 2277; x_wconf 92' lang='lat' dir='ltr'>pro</span> <span class='ocrx_word' id='word_1_252' title='bbox 385 2237 517 2263; x_wconf 88' lang='lat' dir='ltr'>eorum</span> <span class='ocrx_word' id='word_1_253' title='bbox 549 2223 611 2276; x_wconf 92' lang='lat' dir='ltr'>qui</span> <span class='ocrx_word' id='word_1_254' title='bbox 644 2223 745 2263; x_wconf 89' lang='lat' dir='ltr'>illam</span> <span class='ocrx_word' id='word_1_255' title='bbox 777 2224 898 2263; x_wconf 83' lang='lat' dir='ltr'>secuti</span> <span class='ocrx_word' id='word_1_256' title='bbox 931 2231 1019 2263; x_wconf 91' lang='lat' dir='ltr'>sunt</span> <span class='ocrx_word' id='word_1_257' title='bbox 1049 2223 1217 2264; x_wconf 90' lang='lat' dir='ltr'>moribus</span> <span class='ocrx_word' id='word_1_258' title='bbox 1247 2223 1451 2276; x_wconf 84' lang='lat' dir='ltr'>habituque</span> <span class='ocrx_word' id='word_1_259' title='bbox 1482 2223 1677 2263; x_wconf 88' lang='lat' dir='ltr'>dissimili:</span> 
     </span>
     <span class='ocr_line' id='line_1_30' title="bbox 154 2291 1679 2347; baseline 0 -17"><span class='ocrx_word' id='word_1_260' title='bbox 154 2298 195 2330; x_wconf 92' lang='lat' dir='ltr'>ut</span> <span class='ocrx_word' id='word_1_261' title='bbox 227 2291 289 2330; x_wconf 90' lang='lat' dir='ltr'>vel</span> <span class='ocrx_word' id='word_1_262' title='bbox 319 2291 442 2331; x_wconf 82' lang='lat' dir='ltr'>inanis</span> <span class='ocrx_word' id='word_1_263' title='bbox 477 2292 540 2331; x_wconf 87' lang='lat' dir='ltr'>illa</span> <span class='ocrx_word' id='word_1_264' title='bbox 580 2298 618 2330; x_wconf 92' lang='lat' dir='ltr'>et</span> <span class='ocrx_word' id='word_1_265' title='bbox 651 2291 848 2331; x_wconf 88' lang='lat' dir='ltr'>erroribus</span> <span class='ocrx_word' id='word_1_266' title='bbox 878 2291 1068 2347; x_wconf 83' lang='lat' dir='ltr'>implicata</span> <span class='ocrx_word' id='word_1_267' title='bbox 1105 2291 1294 2332; x_wconf 78' lang='lat' dir='ltr'>discordia</span> <span class='ocrx_word' id='word_1_268' title='bbox 1332 2306 1470 2344; x_wconf 86' lang='lat' dir='ltr'>magno</span> <span class='ocrx_word' id='word_1_269' title='bbox 1504 2292 1679 2330; x_wconf 85' lang='lat' dir='ltr'>omnihus</span> 
     </span>
     <span class='ocr_line' id='line_1_31' title="bbox 154 2357 1680 2412; baseline 0 -14"><span class='ocrx_word' id='word_1_270' title='bbox 154 2365 380 2412; x_wconf 82' lang='lat' dir='ltr'>argumento</span> <span class='ocrx_word' id='word_1_271' title='bbox 412 2359 482 2407; x_wconf 89' lang='lat' dir='ltr'>sit,</span> <span class='ocrx_word' id='word_1_272' title='bbox 529 2359 692 2398; x_wconf 79' lang='lat' dir='ltr'>falsitate</span> <span class='ocrx_word' id='word_1_273' title='bbox 724 2359 810 2399; x_wconf 90' lang='lat' dir='ltr'>illos</span> <span class='ocrx_word' id='word_1_274' title='bbox 843 2373 952 2410; x_wconf 90' lang='lat' dir='ltr'>esse,</span> <span class='ocrx_word' id='word_1_275' title='bbox 997 2375 1071 2400; x_wconf 92' lang='lat' dir='ltr'>non</span> <span class='ocrx_word' id='word_1_276' title='bbox 1105 2360 1268 2400; x_wconf 85' lang='lat' dir='ltr'>veritate</span> <span class='ocrx_word' id='word_1_277' title='bbox 1299 2359 1502 2399; x_wconf 81' lang='lat' dir='ltr'>subnixos.</span> <span class='ocrx_word' id='word_1_278' title='bbox 1564 2357 1680 2398; x_wconf 87' lang='lat' dir='ltr'>Nune</span> 
     </span>
     <span class='ocr_line' id='line_1_32' title="bbox 153 2425 1678 2481; baseline 0.001 -16"><span class='ocrx_word' id='word_1_279' title='bbox 153 2425 283 2480; x_wconf 89' lang='lat' dir='ltr'>itaque</span> <span class='ocrx_word' id='word_1_280' title='bbox 309 2440 441 2466; x_wconf 88' lang='lat' dir='ltr'>eorum</span> <span class='ocrx_word' id='word_1_281' title='bbox 470 2427 643 2466; x_wconf 88' lang='lat' dir='ltr'>oratione</span> <span class='ocrx_word' id='word_1_282' title='bbox 670 2434 800 2467; x_wconf 87' lang='lat' dir='ltr'>nostra</span> <span class='ocrx_word' id='word_1_283' title='bbox 827 2428 1039 2481; x_wconf 84' lang='lat' dir='ltr'>detegenda</span> <span class='ocrx_word' id='word_1_284' title='bbox 1067 2442 1110 2467; x_wconf 88' lang='lat' dir='ltr'>ae</span> <span class='ocrx_word' id='word_1_285' title='bbox 1135 2427 1397 2467; x_wconf 79' lang='lat' dir='ltr'>convincenda</span> <span class='ocrx_word' id='word_1_286' title='bbox 1422 2427 1581 2467; x_wconf 86' lang='lat' dir='ltr'>vesania</span> <span class='ocrx_word' id='word_1_287' title='bbox 1604 2435 1678 2467; x_wconf 89' lang='lat' dir='ltr'>est.</span> 
     </span>
    </p>

    <p class='ocr_par' dir='ltr' id='par_1_6' title="bbox 153 2492 1679 2686">
     <span class='ocr_line' id='line_1_33' title="bbox 263 2492 1679 2549; baseline 0 -15"><span class='ocrx_word' id='word_1_288' title='bbox 263 2492 366 2534; x_wconf 85' lang='lat' dir='ltr'>Nam</span> <span class='ocrx_word' id='word_1_289' title='bbox 394 2492 580 2549; x_wconf 82' lang='lat' dir='ltr'>Ophitae,</span> <span class='ocrx_word' id='word_1_290' title='bbox 615 2495 928 2548; x_wconf 81' lang='lat' dir='ltr'>quemadmodum</span> <span class='ocrx_word' id='word_1_291' title='bbox 955 2497 1146 2545; x_wconf 84' lang='lat' dir='ltr'>diximus,</span> <span class='ocrx_word' id='word_1_292' title='bbox 1181 2509 1200 2534; x_wconf 86' lang='lat' dir='ltr'>a</span> <span class='ocrx_word' id='word_1_293' title='bbox 1228 2493 1392 2534; x_wconf 76' lang='lat' dir='ltr'>Nicolao</span> <span class='ocrx_word' id='word_1_294' title='bbox 1421 2502 1454 2534; x_wconf 89' lang='lat' dir='ltr'>et</span> <span class='ocrx_word' id='word_1_295' title='bbox 1481 2493 1679 2535; x_wconf 86' lang='lat' dir='ltr'>Gnosticis</span> 
     </span>
     <span class='ocr_line' id='line_1_34' title="bbox 153 2561 1679 2617; baseline 0 -15"><span class='ocrx_word' id='word_1_296' title='bbox 153 2577 197 2602; x_wconf 85' lang='lat' dir='ltr'>ae</span> <span class='ocrx_word' id='word_1_297' title='bbox 222 2562 413 2616; x_wconf 89' lang='lat' dir='ltr'>prioribus</span> <span class='ocrx_word' id='word_1_298' title='bbox 435 2563 519 2602; x_wconf 83' lang='lat' dir='ltr'>aliis</span> <span class='ocrx_word' id='word_1_299' title='bbox 543 2563 659 2602; x_wconf 77' lang='lat' dir='ltr'>sectis</span> <span class='ocrx_word' id='word_1_300' title='bbox 682 2562 945 2603; x_wconf 88' lang='lat' dir='ltr'>effloruerunt.</span> <span class='ocrx_word' id='word_1_301' title='bbox 1009 2562 1117 2616; x_wconf 80' lang='lat' dir='ltr'>Quos</span> <span class='ocrx_word' id='word_1_302' title='bbox 1141 2561 1323 2617; x_wconf 85' lang='lat' dir='ltr'>Ophitas,</span> <span class='ocrx_word' id='word_1_303' title='bbox 1359 2562 1428 2602; x_wconf 84' lang='lat' dir='ltr'>hoe</span> <span class='ocrx_word' id='word_1_304' title='bbox 1453 2571 1511 2602; x_wconf 89' lang='lat' dir='ltr'>est</span> <span class='ocrx_word' id='word_1_305' title='bbox 1531 2563 1679 2616; x_wconf 84' lang='lat' dir='ltr'>Angui-</span> 
     </span>
     <span class='ocr_line' id='line_1_35' title="bbox 153 2629 1678 2686; baseline 0 -16"><span class='ocrx_word' id='word_1_306' title='bbox 153 2644 272 2680; x_wconf 89' lang='lat' dir='ltr'>neos,</span> <span class='ocrx_word' id='word_1_307' title='bbox 306 2630 354 2670; x_wconf 83' lang='lat' dir='ltr'>ab</span> <span class='ocrx_word' id='word_1_308' title='bbox 375 2644 500 2684; x_wconf 81' lang='lat' dir='ltr'>angue</span> <span class='ocrx_word' id='word_1_309' title='bbox 522 2630 586 2670; x_wconf 87' lang='lat' dir='ltr'>illo</span> <span class='ocrx_word' id='word_1_310' title='bbox 609 2644 718 2684; x_wconf 87' lang='lat' dir='ltr'>quem</span> <span class='ocrx_word' id='word_1_311' title='bbox 744 2631 941 2671; x_wconf 80' lang='lat' dir='ltr'>celebrant</span> <span class='ocrx_word' id='word_1_312' title='bbox 964 2632 1158 2686; x_wconf 83' lang='lat' dir='ltr'>appellare</span> <span class='ocrx_word' id='word_1_313' title='bbox 1183 2631 1322 2670; x_wconf 86' lang='lat' dir='ltr'>solent.</span> <span class='ocrx_word' id='word_1_314' title='bbox 1385 2629 1462 2670; x_wconf 89' lang='lat' dir='ltr'>Sed</span> <span class='ocrx_word' id='word_1_315' title='bbox 1488 2631 1678 2670; x_wconf 80' lang='lat' dir='ltr'>horrenda</span> 
     </span>
    </p>
   </div>
   <div class='ocr_carea' id='block_1_5' title="bbox 152 2718 1680 3034">
    <p class='ocr_par' dir='ltr' id='par_1_7' title="bbox 153 2718 1679 2809">
     <span class='ocr_line' id='line_1_36' title="bbox 199 2718 1605 2764; baseline 0.001 -13"><span class='ocrx_word' id='word_1_316' title='bbox 199 2720 274 2753; x_wconf 61' lang='lat' dir='ltr'>Cn.</span> <span class='ocrx_word' id='word_1_317' title='bbox 296 2722 319 2752; x_wconf 92' lang='grc' dir='ltr'>Ι.</span> <span class='ocrx_word' id='word_1_318' title='bbox 346 2740 385 2744; x_wconf 85' lang='grc'>-</span> <span class='ocrx_word' id='word_1_319' title='bbox 422 2721 449 2753; x_wconf 88' lang='lat'>1.</span> <span class='ocrx_word' id='word_1_320' title='bbox 473 2718 532 2763; x_wconf 66' lang='grc' dir='ltr'>τὴν</span> <span class='ocrx_word' id='word_1_321' title='bbox 557 2731 610 2761; x_wconf 66' lang='lat' dir='ltr'>ego</span> <span class='ocrx_word' id='word_1_322' title='bbox 632 2723 763 2760; x_wconf 81' lang='lat' dir='ltr'>reposui.</span> <span class='ocrx_word' id='word_1_323' title='bbox 811 2723 895 2753; x_wconf 77' lang='lat' dir='ltr'>Libri</span> <span class='ocrx_word' id='word_1_324' title='bbox 942 2728 1195 2764; x_wconf 77' lang='lat' dir='ltr'>consequentem</span> <span class='ocrx_word' id='word_1_325' title='bbox 1219 2719 1372 2762; x_wconf 86' lang='lat' dir='ltr'>deinceps</span> <span class='ocrx_word' id='word_1_326' title='bbox 1397 2732 1605 2762; x_wconf 80' lang='lat' dir='ltr'>exponemus,</span> 
     </span>
     <span class='ocr_line' id='line_1_37' title="bbox 153 2766 1679 2809; baseline 0.001 -13"><span class='ocrx_word' id='word_1_327' title='bbox 153 2766 262 2797; x_wconf 79' lang='lat' dir='ltr'>habent</span> <span class='ocrx_word' id='word_1_328' title='bbox 288 2766 343 2809; x_wconf 77' lang='grc' dir='ltr'>τῇ.</span> <span class='ocrx_word' id='word_1_329' title='bbox 984 2769 1015 2799; x_wconf 72' lang='grc' dir='ltr'>ὅ.</span> <span class='ocrx_word' id='word_1_330' title='bbox 1050 2766 1137 2809; x_wconf 79' lang='grc' dir='ltr'><strong>λέγω</strong></span> <span class='ocrx_word' id='word_1_331' title='bbox 1174 2767 1241 2797; x_wconf 80' lang='lat' dir='ltr'>cod.</span> <span class='ocrx_word' id='word_1_332' title='bbox 1273 2767 1370 2797; x_wconf 69' lang='lat' dir='ltr'>l&#39;atic.</span> <span class='ocrx_word' id='word_1_333' title='bbox 1428 2768 1584 2805; x_wconf 80' lang='lat' dir='ltr'>Quomodo</span> <span class='ocrx_word' id='word_1_334' title='bbox 1615 2769 1679 2798; x_wconf 79' lang='lat' dir='ltr'>iam</span> 
     </span>
    </p>

    <p class='ocr_par' dir='ltr' id='par_1_8' title="bbox 152 2809 1680 3034">
     <span class='ocr_line' id='line_1_38' title="bbox 196 2809 1679 2853; baseline 0 -11"><span class='ocrx_word' id='word_1_335' title='bbox 196 2810 227 2842; x_wconf 73' lang='lat'>2.</span> <span class='ocrx_word' id='word_1_336' title='bbox 250 2809 356 2853; x_wconf 81' lang='grc' dir='ltr'>ταύτη</span> <span class='ocrx_word' id='word_1_337' title='bbox 378 2813 443 2843; x_wconf 80' lang='lat' dir='ltr'><em>cod.</em></span> <span class='ocrx_word' id='word_1_338' title='bbox 462 2813 556 2843; x_wconf 70' lang='lat' dir='ltr'>Valic.</span> <span class='ocrx_word' id='word_1_339' title='bbox 598 2809 723 2851; x_wconf 77' lang='grc' dir='ltr'>ταύτης</span> <span class='ocrx_word' id='word_1_340' title='bbox 742 2813 832 2852; x_wconf 73' lang='lat' dir='ltr'>vulyo</span> <span class='ocrx_word' id='word_1_341' title='bbox 853 2816 894 2843; x_wconf 78' lang='lat' dir='ltr'>est</span> <span class='ocrx_word' id='word_1_342' title='bbox 940 2814 1155 2844; x_wconf 80' lang='lat' dir='ltr'>emendaverat</span> <span class='ocrx_word' id='word_1_343' title='bbox 1182 2812 1369 2850; x_wconf 80' lang='lat' dir='ltr'>Cornarius,</span> <span class='ocrx_word' id='word_1_344' title='bbox 1400 2809 1530 2853; x_wconf 77' lang='lat' dir='ltr'>inquam</span> <span class='ocrx_word' id='word_1_345' title='bbox 1553 2815 1679 2843; x_wconf 79' lang='lat' dir='ltr'>vertens.</span> 
     </span>
     <span class='ocr_line' id='line_1_39' title="bbox 152 2855 1678 2898; baseline 0.001 -12"><span class='ocrx_word' id='word_1_346' title='bbox 152 2857 307 2895; x_wconf 74' lang='lat' dir='ltr'>scriptum.</span> <span class='ocrx_word' id='word_1_347' title='bbox 357 2858 523 2888; x_wconf 82' lang='lat' dir='ltr'>Cornarius</span> <span class='ocrx_word' id='word_1_348' title='bbox 541 2859 646 2888; x_wconf 76' lang='lat' dir='ltr'>vertit:</span> <span class='ocrx_word' id='word_1_349' title='bbox 671 2856 894 2894; x_wconf 81' lang='lat' dir='ltr'>Quemadmo-</span> <span class='ocrx_word' id='word_1_350' title='bbox 939 2859 1022 2889; x_wconf 83' lang='lat' dir='ltr'>Edit.</span> <span class='ocrx_word' id='word_1_351' title='bbox 1033 2859 1132 2897; x_wconf 78' lang='lat' dir='ltr'>princ.</span> <span class='ocrx_word' id='word_1_352' title='bbox 1152 2860 1177 2887; x_wconf 80' lang='lat' dir='ltr'>el</span> <span class='ocrx_word' id='word_1_353' title='bbox 1191 2857 1257 2887; x_wconf 78' lang='lat' dir='ltr'>cod.</span> <span class='ocrx_word' id='word_1_354' title='bbox 1271 2857 1397 2895; x_wconf 70' lang='lat' dir='ltr'>Rhediy.</span> <span class='ocrx_word' id='word_1_355' title='bbox 1419 2858 1527 2888; x_wconf 80' lang='lat' dir='ltr'>habent</span> <span class='ocrx_word' id='word_1_356' title='bbox 1545 2855 1678 2898; x_wconf 78' lang='grc' dir='ltr'>λεγέτω.</span> 
     </span>
     <span class='ocr_line' id='line_1_40' title="bbox 153 2899 1679 2944; baseline 0.001 -14"><span class='ocrx_word' id='word_1_357' title='bbox 153 2899 229 2931; x_wconf 90' lang='lat' dir='ltr'>dnm</span> <span class='ocrx_word' id='word_1_358' title='bbox 256 2901 356 2943; x_wconf 84' lang='lat' dir='ltr'>igitur</span> <span class='ocrx_word' id='word_1_359' title='bbox 383 2913 442 2944; x_wconf 84' lang='lat' dir='ltr'>per</span> <span class='ocrx_word' id='word_1_360' title='bbox 473 2901 527 2932; x_wconf 88' lang='lat' dir='ltr'>dei</span> <span class='ocrx_word' id='word_1_361' title='bbox 558 2901 710 2932; x_wconf 82' lang='lat' dir='ltr'>virtutem</span> <span class='ocrx_word' id='word_1_362' title='bbox 740 2901 892 2943; x_wconf 80' lang='lat' dir='ltr'>promisi·</span> <span class='ocrx_word' id='word_1_363' title='bbox 984 2901 1014 2934; x_wconf 78' lang='lat'>4.</span> <span class='ocrx_word' id='word_1_364' title='bbox 1042 2904 1093 2934; x_wconf 88' lang='lat' dir='ltr'>Sic</span> <span class='ocrx_word' id='word_1_365' title='bbox 1116 2904 1307 2933; x_wconf 70' lang='lat' dir='ltr'>correxerunt</span> <span class='ocrx_word' id='word_1_366' title='bbox 1334 2903 1499 2933; x_wconf 81' lang='lat' dir='ltr'>Cornarius</span> <span class='ocrx_word' id='word_1_367' title='bbox 1523 2902 1592 2943; x_wconf 81' lang='lat' dir='ltr'>(qui</span> <span class='ocrx_word' id='word_1_368' title='bbox 1613 2911 1679 2932; x_wconf 71' lang='lat' dir='ltr'>ver-</span> 
     </span>
     <span class='ocr_line' id='line_1_41' title="bbox 153 2945 1680 2990; baseline 0.002 -15"><span class='ocrx_word' id='word_1_369' title='bbox 153 2956 234 2983; x_wconf 67' lang='lat' dir='ltr'>mm,</span> <span class='ocrx_word' id='word_1_370' title='bbox 259 2945 303 2977; x_wconf 79' lang='lat' dir='ltr'>ita</span> <span class='ocrx_word' id='word_1_371' title='bbox 325 2946 387 2977; x_wconf 83' lang='lat' dir='ltr'>(leo</span> <span class='ocrx_word' id='word_1_372' title='bbox 411 2946 592 2989; x_wconf 77' lang='lat' dir='ltr'>opitulante</span> <span class='ocrx_word' id='word_1_373' title='bbox 612 2945 768 2976; x_wconf 77' lang='lat' dir='ltr'>haeresim</span> <span class='ocrx_word' id='word_1_374' title='bbox 789 2946 892 2988; x_wconf 86' lang='lat' dir='ltr'>Ophi-</span> <span class='ocrx_word' id='word_1_375' title='bbox 939 2950 972 2978; x_wconf 77' lang='lat' dir='ltr'>lic</span> <span class='ocrx_word' id='word_1_376' title='bbox 1002 2947 1162 2990; x_wconf 83' lang='lat' dir='ltr'>ipsorum)</span> <span class='ocrx_word' id='word_1_377' title='bbox 1196 2950 1221 2977; x_wconf 78' lang='lat' dir='ltr'>et</span> <span class='ocrx_word' id='word_1_378' title='bbox 1253 2948 1406 2977; x_wconf 69' lang='lat' dir='ltr'>Pelavius.</span> <span class='ocrx_word' id='word_1_379' title='bbox 1456 2948 1541 2978; x_wconf 85' lang='lat' dir='ltr'>Libri</span> <span class='ocrx_word' id='word_1_380' title='bbox 1571 2948 1680 2978; x_wconf 75' lang='lat' dir='ltr'>habent</span> 
     </span>
     <span class='ocr_line' id='line_1_42' title="bbox 155 2988 1052 3034; baseline 0.004 -13"><span class='ocrx_word' id='word_1_381' title='bbox 155 2996 263 3022; x_wconf 84' lang='lat' dir='ltr'>tarum</span> <span class='ocrx_word' id='word_1_382' title='bbox 293 2991 335 3022; x_wconf 87' lang='lat' dir='ltr'>ad</span> <span class='ocrx_word' id='word_1_383' title='bbox 366 2991 483 3023; x_wconf 82' lang='lat' dir='ltr'>relatas</span> <span class='ocrx_word' id='word_1_384' title='bbox 516 2991 695 3023; x_wconf 82' lang='lat' dir='ltr'>vanitatum</span> <span class='ocrx_word' id='word_1_385' title='bbox 725 2991 893 3034; x_wconf 85' lang='lat' dir='ltr'>opiniones</span> <span class='ocrx_word' id='word_1_386' title='bbox 940 2988 1052 3025; x_wconf 64' lang='grc' dir='ltr'>αὐτοῦ.</span> 
     </span>
    </p>
   </div>
   <div class='ocr_carea' id='block_1_6' title="bbox 1704 2025 1828 2069">
    <p class='ocr_par' dir='ltr' id='par_1_9' title="bbox 1704 2025 1828 2069">
     <span class='ocr_line' id='line_1_43' title="bbox 1704 2025 1828 2069; baseline 0 -12"><span class='ocrx_word' id='word_1_387' title='bbox 1704 2025 1780 2069; x_wconf 86' lang='lat' dir='ltr'>Cap.</span> <span class='ocrx_word' id='word_1_388' title='bbox 1807 2028 1828 2057; x_wconf 83' lang='lat'>1.</span> 
     </span>
    </p>
   </div>
  </div>
 </body>
</html>
