2034 3267
469 162 648 195 PANARu
670 163 752 196 Lm.
774 164 798 196 1.
823 163 929 197 ToM.
947 165 1002 196 111.
1039 164 1168 197 HAER.
1186 164 1292 196 XLu.
1561 158 1640 198 597

115 242 257 282 domini
281 255 505 295 responsum
530 242 620 283 illud
648 243 685 283 in
709 257 882 284 errorem
906 243 1094 298 impellat:
1132 246 1232 293 Quae
1255 252 1311 282 esc
1334 252 1451 284 mater
1473 260 1571 293 mea,
1607 255 1643 284 et

107 312 284 363 fratres?
343 306 450 349 Scito
483 325 557 350 non
591 311 647 350 his
672 311 800 351 verbis
829 317 1002 364 negatam
1028 324 1115 350 esse
1141 318 1324 361 matrem,
1370 313 1437 352 sed
1465 312 1547 353 eius
1571 313 1640 353 im-

114 377 384 432 portunitatem
407 391 623 432 repressam
640 410 649 428 ‚
694 379 756 432 qui
783 385 884 418 tanta
909 378 1148 418 multitudine
1172 378 1427 431 circumfusa,
1468 381 1554 421 dum
1579 395 1641 421 sa·

115 444 248 485 lutaris
272 445 443 484 doc-trina
466 445 723 500 profunditur,
756 446 913 499 ipseque
938 446 1033 485 adeo
1058 445 1094 485 in
1118 447 1298 486 curandis
1321 449 1562 502 corporibus,
1596 464 1641 490 ac

114 512 367 567 praedicando
403 513 461 553 dei
497 513 616 553 verbo
652 520 752 553 totus
781 519 1010 568 occupatur,
1054 513 1110 553 sic
1139 527 1225 553 eum
1251 528 1367 555 ausus
1394 522 1452 555 est
1481 517 1637 571 alloqui.

114 578 388 635 interpellasse
414 581 549 636 quippe
570 581 676 622 visus
697 587 770 631 est,
797 581 857 634 qui
880 580 978 620 hunc
1000 580 1036 620 in
1058 581 1207 620 modum
1229 581 1510 636 interruperat:
1543 588 1642 625 Ecce

112 656 230 687 mater
255 657 340 695 tua,
375 657 413 687 et
427 651 571 701 fratres
595 652 660 687 tui.
726 646 838 701 Quod
863 648 936 688 nisi
963 655 1096 701 gratus
1121 663 1165 687 ac
1188 648 1376 690 iucundus
1401 651 1550 692 illorum
1576 654 1642 693 ad-

113 723 251 757 ventus
275 716 344 771 ipsi
370 717 519 766 fuisset,
554 730 629 755 non
652 716 748 770 quod
775 723 978 770 antequam
1005 716 1154 756 audiret
1176 716 1331 757 venisse
1357 718 1541 770 nesciret,
1574 721 1643 760 sed

112 785 210 838 quod
243 785 379 824 adesse
412 783 504 823 foris
537 789 649 823 antea
675 783 946 836 cognovisset,
988 783 1176 823 acerbiori
1205 785 1356 838 quidem
1379 785 1642 841 increpatione

112 852 420 907 intempestivam
452 851 616 891 hominis
644 864 777 890 vocem
808 851 1052 905 excepisset,
1096 851 1201 891 velut
1227 866 1310 891 eum
1335 850 1454 893 Petro
1482 868 1642 909 respon-

113 920 187 970 dit,
220 923 374 959 Discede
392 934 414 958 α
435 934 511 967 me,
546 921 703 966 Satana,
738 922 907 971 quoniam
927 934 999 958 non
1017 922 1117 970 sapis
1137 934 1231 971 quae
1251 923 1432 969 dec'smzt,
1466 925 1532 961 sed
1548 938 1641 974 quae
1658 935 1769 996 ῗῑῐίειῖιὲι.

112 991 308 1027 hominum.
1694 991 1700 1003 ⁷
1756 990 1760 995 '

225 1054 357 1096 Schol.
382 1053 499 1096 XIII.
544 1056 819 1106 Navz'gante'bus
840 1057 916 1094 illis
937 1056 1167 1094 obdormivit.
1231 1058 1533 1109 Eapergesaclus
1555 1073 1638 1097 vero
1657 1071 1728 1098 Luc.
1743 1072 1769 1105 e,
1783 1072 1825 1099 24.

111 1127 318 1176 increpavit
344 1131 486 1162 ventum
518 1131 555 1162 et
583 1138 696 1162 mare.

222 1190 353 1231 Refut.
380 1189 498 1231 XIII.
543 1190 630 1244 Age
657 1204 750 1231 vero
780 1190 953 1244 quisnam
983 1191 1237 1233 obdormiisse
1267 1192 1431 1233 dicitur?
1490 1192 1642 1234 Divini-

111 1266 225 1299 tatem
247 1259 368 1313 ipsam
389 1273 436 1299 ne
460 1265 498 1299 tu
521 1258 670 1313 quidem
695 1258 852 1299 audebis
874 1259 1018 1300 dicere.
1081 1260 1210 1313 Atque
1230 1268 1272 1301 ut
1293 1260 1459 1301 maxime
1480 1262 1639 1313 audeas,

111 1334 215 1367 tuum
239 1327 278 1366 in
304 1334 439 1381 caput,
484 1327 726 1377 execrande,
770 1327 967 1367 maledicta
993 1328 1063 1368 ista
1088 1327 1277 1368 recident.
1339 1326 1418 1368 Sed
1444 1342 1557 1369 nemo
1582 1336 1641 1370 est

107 1394 172 1449 qui
195 1409 270 1434 non
289 1394 476 1448 intelligat
496 1409 580 1435 eum
604 1395 665 1449 qui
688 1395 800 1435 homo
821 1408 959 1435 revera
981 1395 1031 1435 sit
1053 1396 1191 1445 factus,
1221 1410 1357 1436 somno
1378 1404 1536 1451 propter
1556 1412 1642 1438 cor-

110 1477 180 1517 pus
202 1462 437 1516 indigentem
460 1463 729 1503 obdormiisse.
792 1461 894 1503 Nam
917 1463 978 1517 qui
1000 1463 1103 1503 illum
1128 1463 1364 1513 excitarunt,
1395 1479 1469 1504 non
1493 1465 1641 1505 larvam

111 1530 298 1584 aliquam,
334 1531 399 1570 sed
423 1544 554 1571 veram
582 1531 743 1570 hominis
770 1538 943 1571 naturam
968 1531 1262 1572 contuebantur.
1325 1530 1437 1573 Unde
1462 1539 1500 1573 et
1522 1533 1641 1573 mani-

109 1598 179 1638 bus
202 1599 468 1639 concutientes
491 1599 839 1653 compellantesquc
859 1612 946 1639 sese
968 1599 1072 1639 illum
1094 1599 1408 1654 expergefecisse
1429 1608 1637 1642 testantur.

110 1670 280 1718 Surgens
304 1670 419 1713 enim,
456 1666 598 1721 inquit,
633 1669 696 1705 ille
721 1670 797 1718 ipse
821 1670 889 1718 qui
907 1670 1129 1715 dormierat,
1166 1682 1282 1708 earne
1307 1669 1502 1723 praeditus
1526 1669 1637 1721 deus,

108 1749 129 1775 e
152 1735 260 1774 coelo
286 1735 485 1790 delapsus,
531 1742 686 1789 propter
708 1748 778 1774 nos
803 1748 918 1774 carne
943 1736 1106 1775 vestitus
1133 1742 1311 1789 tanquam
1338 1736 1450 1777 homo
1475 1737 1639 1778 suscita-

109 1810 169 1842 tus
194 1809 274 1852 est,
308 1803 375 1842 sed
402 1809 531 1857 utpote
554 1803 647 1843 deus
670 1806 876 1855 increpavit
891 1817 1005 1850 mare,
1042 1810 1238 1857 totumque
1260 1802 1350 1844 illud
1375 1804 1638 1846 admirandum

108 1884 202 1924 opus
234 1870 440 1923 praestitit.

222 1936 354 1979 Schol.
379 1937 492 1979 XIV.
535 1942 587 1977 Et
615 1942 772 1990 contigit
800 1953 880 1978 cum
912 1941 1004 1986 iret,
1048 1947 1090 1978 ut
1117 1954 1139 1978 (ι
1171 1942 1289 1979 turbis
1316 1944 1630 1993 comprimeretur.
1657 1958 1732 1986 ibid.
1750 1959 1789 1987 42.

108 2009 160 2046 Et
180 2009 312 2045 mulier
332 2022 412 2045 eum
438 2010 619 2058 tetigisset
641 2010 781 2059 ipsum,
824 2015 956 2046 sanata
982 2015 1040 2046 est
1061 2022 1083 2046 α
1097 2011 1217 2062 fluam
1237 2013 1446 2060 sanguinis.
1510 2013 1560 2049 Et
1585 2014 1642 2050 ait

107 2078 288 2122 dominus,
325 2078 414 2125 Quis
435 2090 490 2114 me
510 2078 661 2126 tetegit?
719 2075 778 2114 Ac
801 2089 952 2115 rursum
969 2093 978 2115 :
1017 2079 1156 2126 Teh'ga't
1175 2091 1229 2115 me
1247 2080 1396 2129 aliquis.
1452 2080 1548 2117 Nam
1569 2093 1637 2130 ego

108 2146 196 2182 novi
222 2146 392 2182 virtutem
423 2146 466 2182 de
496 2158 550 2182 me
580 2145 713 2181 eoee'sse.

220 2210 354 2251 Refut.
381 2208 495 2250 XIV.
542 2214 629 2250 Cum
657 2214 773 2257 irent,
810 2225 885 2250 non
917 2211 1036 2262 dixit,
1071 2227 1151 2251 cum
1183 2216 1274 2260 iret,
1312 2227 1358 2253 ne
1389 2213 1502 2253 aliter
1531 2214 1636 2255 illum

111 2292 219 2334 quam
248 2279 367 2319 ceteri
395 2278 469 2318 iter
490 2278 676 2319 facientes
696 2279 823 2318 solent
843 2278 1021 2320 habuisse
1043 2281 1238 2320 crede'reS.
1293 2279 1404 2334 Quod
1426 2295 1521 2322 vero
1542 2283 1638 2322 scri-

109 2353 210 2402 ptum
240 2353 321 2397 est,
357 2348 672 2398 Comprimebalm‘
695 2361 717 2385 α
744 2348 883 2395 turbis,
920 2347 1048 2401 utique
1075 2349 1249 2402 spiritum
1279 2350 1533 2403 comprimere
1557 2358 1637 2391 tur-

109 2414 179 2455 bae
209 2429 285 2454 non
314 2422 504 2469 poterant.
568 2412 644 2454 Sed
673 2422 711 2454 et
737 2414 894 2466 mulier,
936 2430 1033 2469 quae
1062 2415 1184 2470 tetigit
1208 2430 1251 2456 ac
1277 2424 1412 2457 sanata
1437 2424 1516 2468 est,
1559 2433 1636 2458 non

109 2488 261 2533 aerem,
307 2483 372 2523 scd
406 2483 609 2522 humanum
641 2482 814 2536 quiddam
848 2484 947 2537 quod
970 2484 1201 2524 contrectari
1229 2491 1360 2537 posset
1383 2485 1522 2539 attigit.
1584 2484 1637 2527 Ut

110 2551 208 2591 enim
231 2551 452 2591 ostenderet
473 2549 671 2590 mulierem
692 2564 830 2605 corpus
850 2551 949 2591 illius
973 2566 1047 2591 uon
1070 2552 1198 2606 specie
1220 2553 1300 2592 sola
1322 2552 1511 2607 tetigisse,
1535 2553 1636 2594 istud

109 2619 230 2673 ipsum
250 2619 505 2673 responsione
529 2633 596 2659 sua
616 2619 807 2659 declarat:
844 2622 932 2670 Quis
951 2635 1006 2659 me
1032 2624 1182 2671 tetzge't?
1241 2623 1336 2659 Nam
1360 2630 1397 2659 et
1414 2625 1502 2661 nom·
1518 2626 1635 2662 virta-

111 2694 178 2725 tem
208 2701 230 2726 α
261 2702 316 2726 me
345 2690 478 2726 eoez'sse.

222 2752 356 2796 Schol.
380 2753 476 2795 XV.
525 2757 738 2806 Suspe’ez'ens
768 2758 804 2794 in
835 2759 973 2795 coelam
1005 2758 1239 2796 benedicebat
1269 2759 1371 2808 ipsis.
1654 2775 1725 2812 cap.
1738 2777 1763 2810 9,
1779 2778 1817 2805 15,

154 2877 206 2911 63.
230 2880 335 2919 Supra
349 2883 433 2912 extat
450 2875 607 2922 Ἐγένετο
623 2877 659 2913 δὲ
675 2877 707 2913 ἐν
721 2880 768 2913 τῶ
784 2884 847 2912 cett.
893 2883 1003 2914 tionem
1026 2883 1204 2914 addendam
1231 2883 1370 2914 videlicet
1398 2883 1536 2915 elenchus
1562 2893 1635 2924 pro-

154 2922 208 2956 64.
238 2921 285 2957 ἐπ’
321 2921 443 2962 αὐτοὺς
473 2927 590 2957 restitut
624 2935 680 2964 pro
715 2921 847 2967 αὐτούς,
893 2929 944 2959 bat
967 2931 992 2959 et
1017 2929 1097 2959 idem
1120 2930 1202 2959 locus
1225 2937 1322 2968 supra
1342 2929 1491 2968 prolatus.

109 2969 190 3010 quod
211 2970 240 3000 h.
261 2971 279 3002 l.
308 2973 340 3002 in
370 2972 454 3002 libris
481 2972 639 3011 reperitur.
686 2973 848 3012 Praeposi-
