2034 3267
488 147 665 179 PANARII
690 148 769 179 Ltss.
793 149 817 180 1.
840 149 946 180 TOM.
970 149 1009 181 ll.
1033 148 1163 180 HAER.
1184 149 1294 180 XXV.
1573 146 1648 183 159

134 227 282 267 dicendi
309 227 421 266 finem
445 225 602 276 faciam,
638 229 710 265 Vae
731 230 862 265 mundo
884 241 906 265 a
928 229 1136 274 scandalis,
1171 234 1209 266 et
1232 227 1477 282 operantibus
1507 229 1846 283 iniqui-minnist.

134 300 264 333 tatem.
326 291 448 345 Quam
481 293 585 332 multi
611 307 685 333 non
709 294 819 332 modo
844 293 915 332 sibi
942 294 1120 334 tenebras
1145 295 1384 345 offuderunt,
1413 296 1480 335 scd
1503 303 1540 335 et
1561 297 1645 337 aliis

131 374 226 414 quos
250 361 372 399 errori
400 374 469 400 suo
503 367 634 414 postea
662 360 793 399 t'aciles
828 368 941 413 atque
975 361 1232 414 obsequentes
1265 363 1365 401 nacti
1396 364 1504 402 sunt!
1568 363 1644 404 Sed

131 428 380 481 prudentibus
403 427 546 467 veritas
571 427 782 481 apparebit.
843 425 1038 466 Basilidae
1062 442 1177 478 vero,
1211 437 1250 468 et
1280 429 1465 469 eiusmodi
1498 432 1644 471 t'ariuae

130 494 323 534 hominum
355 496 518 534 studium
551 494 742 534 constabit
771 493 817 532 ab
841 506 974 532 errore
998 496 1224 547 profectum.
1286 496 1394 536 Haec
1417 497 1525 537 habui
1550 513 1645 552 quae

129 563 174 601 de
197 562 266 601 bac
288 562 437 601 haeresi
463 563 622 615 eiusque
645 560 782 600 fabulis
802 559 1049 600 dissererem.
1110 562 1147 600 A
1173 577 1244 615 qua
1267 563 1446 618 deinceps
1466 565 1510 604 ad
1533 565 1642 605 aliam

127 642 187 669 me
218 631 429 668 conseram.

241 695 338 748 Quis
372 696 472 736 enim
506 709 581 735 non
613 694 716 733 illam
740 693 917 732 haeresin
954 694 1063 733 facile
1086 694 1346 748 deprehendat
1371 697 1459 737 nibil
1493 708 1645 753 praeter

127 764 345 817 figmentum
383 776 492 812 esse,
534 762 729 813 instarque
765 768 939 800 cerastae
971 760 1009 799 in
1036 775 1155 801 arena
1189 763 1378 802 defossam
1409 765 1492 804 solo
1524 780 1644 807 cornu

127 832 315 870 duntaxat
338 837 474 870 exerto
495 828 542 868 iis
567 827 628 880 qui
653 828 688 866 in
714 828 834 881 ipsam
865 828 1084 867 incurrerat
1105 829 1263 868 exitium
1290 830 1446 870 afferre.
1494 831 1638 873 Verum

127 905 165 937 et
183 906 414 949 peccalorum
439 910 554 934 corma
578 897 746 933 dominus
769 898 963 942 contrivit,
998 903 1036 933 et
1063 898 1156 934 z'uslc'
1177 911 1292 934 comm
1318 900 1434 936 solnm
1457 902 1638 939 eoealtabi-
1682 909 1789 950 tjsatm.

129 974 204 1011 tur,
242 966 310 1005 hoc
341 972 399 1003 est
426 962 601 1002 veritatis
633 962 740 1001 tides.
802 960 1058 1015 Posteaquam
1097 963 1214 1016 igitur
1243 963 1418 1003 veritatis
1449 966 1538 1005 illud
1574 969 1640 1006 do-
1691 945 1729 973 ‘⁴'
1751 945 1789 970 Μ’

126 1033 248 1072 ctrina
278 1030 549 1078 contrivimus,
593 1042 663 1081 age
695 1036 870 1069 caeteras
903 1043 1202 1083 persequamur,
1244 1031 1448 1071 conciliato
1481 1033 1639 1086 primum

125 1100 233 1139 nobis
264 1098 434 1138 adiutore
468 1097 561 1147 deo,
608 1096 667 1136 cui
699 1096 823 1150 gloria
854 1103 892 1136 et
923 1097 1047 1136 honor
1077 1104 1116 1136 et
1144 1098 1318 1138 adoratio
1349 1097 1386 1138 in
1418 1100 1549 1140 secula
1579 1115 1640 1140 se-

123 1167 314 1215 culorum,
348 1164 489 1203 Amen.

358 1322 805 1370 ADVERSUS
860 1322 1399 1384 NICOLAITAS,

448 1418 554 1462 quae
592 1406 658 1448 est
692 1401 885 1448 haeresis
920 1401 971 1448 V.
986 1437 998 1461 ,
1034 1402 1126 1449 sive
1155 1403 1298 1450 XXV.

224 1500 413 1542 Nicolaus
438 1515 458 1541 e
482 1515 642 1541 numero
665 1499 740 1542 Vll
771 1502 1017 1541 diaconorum
1046 1502 1116 1541 fuit
1137 1502 1198 1555 qui
1221 1503 1267 1542 ab
1290 1504 1474 1558 apostolis
1498 1505 1635 1547 delecti
1662 1507 1740 1550 (Ἰεφ-
1769 1510 1791 1539 ¹·

115 1576 225 1619 sunt,
269 1583 342 1609 una
373 1584 455 1609 cum
486 1568 530 1610 S.
563 1567 758 1623 Stephano
787 1576 1068 1622 protomartyre
1093 1583 1137 1609 ac
1161 1568 1384 1621 Prochoro,
1424 1570 1631 1623 parmena,

114 1635 307 1690 sociisque
336 1637 516 1677 caeteris.
579 1636 650 1675 Hic
683 1637 866 1676 oriundus
893 1636 1098 1676 Antiochia
1129 1651 1216 1677 sese
1246 1639 1289 1678 ad
1319 1637 1544 1680 ludaeorum
1573 1655 1634 1682 se—

114 1712 211 1744 ctam
235 1704 475 1757 aggregavit.
536 1702 679 1743 Postea
705 1702 966 1743 Christianum
992 1704 1126 1756 dogma
1153 1706 1376 1759 complexus
1399 1708 1442 1746 ad
1468 1708 1632 1763 discipu·
1652 1719 1757 1750 Acte.

112 1771 170 1811 los
191 1771 390 1811 adiunctus
414 1778 525 1825 atque
550 1772 649 1810 inter
673 1770 872 1824 primarios
893 1771 1164 1811 adnumeratus
1187 1781 1260 1812 est.
1324 1771 1416 1813 lnde
1440 1775 1475 1813 in
1499 1789 1630 1816 eorum

112 1839 283 1878 ordinem
309 1840 452 1879 relatus
479 1845 538 1878 est
563 1838 625 1892 qui
651 1839 695 1877 ad
722 1839 916 1878 viduarum
945 1840 1224 1893 praefecturam
1250 1840 1360 1880 electi
1387 1849 1490 1882 suut.
1553 1841 1632 1883 Ve-

111 1920 194 1945 rum
220 1913 352 1960 postea
375 1907 411 1945 iu
436 1920 520 1946 eum
547 1921 588 1945 se
614 1906 785 1946 diabolus
811 1906 1038 1955 insinuavit,
1082 1906 1240 1960 eiusque
1263 1916 1428 1948 mentem
1455 1917 1629 1950 veterum

110 1972 262 2013 illorum
286 1987 380 2027 quos
404 1974 789 2013 commemoravimus
812 1972 1007 2012 erroribus
1030 1974 1184 2023 imbuit,
1219 1982 1258 2014 ut
1280 1976 1393 2015 etiam
1418 1977 1538 2017 maius
1560 1978 1628 2033 ipsi

111 2055 220 2094 quani
251 2041 383 2080 iisdem
410 2040 485 2080 illis
512 2042 647 2081 vulnus
673 2040 876 2093 infligeret.
937 2039 1037 2080 Nam
1067 2056 1150 2080 cum
1178 2056 1341 2082 uxorem
1366 2044 1525 2084 haberet
1552 2046 1629 2085 ele-

109 2109 213 2161 ganti
236 2108 364 2162 specie
385 2109 599 2157 mulierem,
633 2108 677 2146 ab
699 2121 743 2147 ea
767 2108 837 2147 sibi
859 2108 1087 2161 aliquamdiu
1110 2110 1356 2164 temperavit,
1391 2118 1430 2150 ut
1452 2126 1519 2151 eos
1544 2111 1628 2152 imi-

108 2182 255 2215 taretur
277 2190 372 2229 quos
392 2177 462 2215 deo
487 2176 635 2230 penitus
655 2175 824 2214 addictos
848 2183 1040 2216 cerneret.
1100 2174 1178 2216 Sed
1199 2191 1273 2216 non
1295 2179 1625 2231 intemperantiam

109 2256 216 2283 suam
239 2250 422 2297 perpetuo
446 2248 628 2283 co'e'rcere
653 2242 788 2296 potuit.
849 2241 999 2297 Quippe
1021 2245 1127 2283 canis
1149 2245 1271 2283 instar
1292 2246 1335 2284 ad
1358 2246 1540 2285 vomitum
1564 2260 1624 2286 re-

108 2310 189 2349 dire
213 2309 385 2362 cupienS,
420 2317 458 2350 et
476 2310 595 2350 malos
618 2310 800 2362 quosdam
823 2311 974 2350 colores
997 2311 1347 2364 excusationesque
1371 2320 1621 2366 praetexens,

107 2377 153 2417 ad
188 2377 352 2417 libidinis
383 2391 475 2417 suae
507 2376 756 2432 patrocinium
787 2377 1046 2430 excogitavit,
1089 2392 1183 2432 quae
1215 2379 1335 2432 magis
1369 2393 1418 2419 ex
1450 2394 1520 2420 usu
1550 2381 1620 2421 sibi

106 2457 193 2485 esse
228 2445 466 2485 viderentur.
527 2442 614 2496 Qua
646 2457 712 2497 spe
749 2459 830 2484 cum
865 2445 1097 2496 excidisset,
1143 2453 1219 2485 tum
1251 2447 1400 2485 demum
1432 2447 1516 2487 sine
1548 2449 1621 2488 ulla

104 2511 426 2565 tergiversatione
455 2526 537 2552 cum
571 2525 694 2551 uxore
725 2512 1037 2552 consuetudinem
1065 2513 1206 2553 babere
1233 2513 1412 2554 instituit,
1474 2514 1620 2555 Verum

105 2591 197 2618 suae
221 2579 292 2618 sibi
317 2579 493 2632 ignaviae
520 2578 718 2625 conscius,
751 2593 795 2619 ac
819 2593 865 2619 ne
889 2581 1240 2634 deprehendere-tur
1263 2581 1432 2632 veritus,
1476 2582 1621 2622 iactare

104 2644 193 2685 illud
217 2660 332 2686 ausus
354 2654 432 2686 cst:
466 2645 553 2686 Nisi
576 2645 639 2699 qui
661 2645 821 2699 singulis
840 2647 972 2687 diebus
991 2647 1168 2687 luxuriae
1189 2655 1314 2697 vacet,
1348 2649 1618 2703 sempiternam

104 2712 262 2753 salutem
297 2714 486 2753 neminem
521 2727 634 2767 posse
665 2715 861 2767 consequi.
922 2712 979 2754 lta
1007 2715 1053 2754 ab
1079 2715 1331 2755 excusatione
1359 2730 1431 2755 una
1460 2716 1497 2756 in
1523 2717 1618 2757 alte-

104 2791 184 2819 ram
209 2781 386 2835 delapsus
411 2788 484 2821 est.
547 2778 644 2821 Cum
670 2780 769 2820 enim
792 2781 991 2836 coniugem
1017 2796 1124 2822 suam
1148 2783 1356 2836 praestanti
1383 2797 1470 2825 esse
1496 2785 1617 2825 forma

148 2879 178 2911 2.
204 2881 376 2923 συνέφερεν
403 2882 459 2914 τοῦ
489 2880 569 2915 ἰδίου
595 2880 716 2914 σκοποῦ
741 2879 835 2914 ἐκπε-
883 2881 1020 2924 ριέργως
1043 2885 1107 2916 cod.
1136 2885 1230 2915 Vatic.

107 2922 192 2959 σόντι
213 2927 256 2969 τῇ
283 2926 350 2970 ἰδιᾳ
375 2926 504 2969 γυναικὶ
528 2926 736 2968 συναφὲῐῆναι
759 2921 837 2960 ἅπε-
