2034 3267
459 187 636 219 PANARH
662 187 760 219 ADV.
787 187 1006 218 HAEREsEs
1032 187 1112 218 Lm.
1133 188 1156 217 I.
1181 186 1286 218 ToM.
1307 186 1346 217 11.
1585 178 1661 215 115)

143 266 228 307 aliis
259 272 544 320 praeposteram
582 265 774 305 libidinem
812 278 1001 306 exercere
1039 278 1131 305 suos
1167 264 1307 304 docuit.
1370 261 1447 304 Sed
1485 270 1522 303 et
1556 262 1660 303 Cau-

141 333 273 374 lacach
299 339 338 373 et
357 331 587 382 Prunicum,
621 340 659 372 et
684 332 756 373 alia
782 332 975 373 nominum
1002 338 1191 387 portenta,
1227 331 1386 386 turpiter
1413 331 1450 370 in
1478 331 1656 371 mundum

142 400 308 440 invexit.

252 465 323 507 Vt.
357 466 500 506 Harum
519 465 695 507 Gnostici
715 475 964 506 successores
982 466 1182 506 haeresum
1201 466 1314 519 longe
1335 478 1468 506 omnes
1493 466 1652 520 turpitu-

140 534 240 575 dinis
258 541 370 588 atque
392 534 634 574 execrandae
655 532 849 572 foeditatis
864 532 1024 571 vesania
1041 540 1286 586 superarunt.
1329 531 1520 573 Militares
1538 548 1652 588 porro

138 601 178 641 in
194 600 374 655 Aegypto
398 600 588 650 dicuntur,
622 606 660 639 et
679 597 938 649 Phibionitae,
971 599 1009 638 in
1031 599 1230 653 superiore
1252 606 1373 639 tractu
1397 598 1648 652 Secundiani,

137 667 227 708 alibi
257 666 496 718 Socratitae,
530 667 576 706 ab
606 665 690 706 aliis
719 664 904 705 Zachaei.
967 663 1066 705 Sunt
1100 665 1162 719 qui
1184 679 1256 705 eos
1282 664 1501 708 Coddianos
1528 669 1650 709 nomi-

139 741 255 784 nent,
288 735 437 789 quidam
465 733 725 785 Βορβορίτας,
756 731 839 771 sive
867 731 1091 771 lutulentos.
1152 732 1214 772 Ab
1236 733 1319 773 istis
1343 731 1532 787 Barbelo‚
1565 735 1648 776 sive

138 799 335 851 Barbero,
369 799 499 841 nescio
530 812 626 853 quae
657 798 869 854 praedicari
900 799 1014 839 solet.

247 866 340 909 Vll.
375 865 663 919 Carpocratiani
690 879 711 905 a
739 862 975 919 Carpocrate
996 865 1157 919 quodam
1177 865 1354 907 Asiatico
1381 867 1485 918 dicti,
1516 871 1576 923 qui
1597 872 1642 911 ad

136 949 250 975 omne
274 933 540 988 turpitudinum
559 946 604 972 ac
621 932 850 986 flagitiorum
873 946 995 986 genus
1015 933 1220 988 discipulos
1242 932 1489 976 informabat.
1534 935 1645 989 Quod

135 1002 167 1042 si
182 1003 280 1056 quis,
304 1000 443 1050 aiebat,
470 1013 546 1039 non
564 999 691 1039 omnia
707 999 958 1054 percurrerit,
984 1013 1107 1053 neque
1123 1001 1349 1041 daemonum
1367 1009 1405 1041 et
1421 1003 1644 1056 angelorum

134 1069 299 1108 omnium
329 1066 513 1107 voluntati
544 1066 799 1117 satisfecerit,
844 1081 1064 1122 supremum
1096 1067 1135 1107 in
1169 1068 1316 1108 coelum
1348 1069 1459 1109 evehi
1490 1071 1645 1111 minime

133 1142 278 1190 potest,
319 1147 442 1186 neque
479 1133 713 1188 principatus
756 1141 1045 1189 potestatesque
1080 1136 1369 1176 transcendere.
1429 1136 1645 1178 Asserebat

131 1203 228 1241 idem
250 1199 377 1240 lesum
399 1208 526 1240 mente
551 1201 758 1254 praeditam
784 1202 945 1242 animam
972 1202 1206 1257 sumpsisse,
1241 1209 1278 1242 et
1303 1203 1523 1257 cognitione
1555 1219 1643 1245 coe-

128 1268 276 1308 lestium
299 1267 481 1308 imbutum
504 1267 718 1308 hominibus
740 1283 785 1309 ea
809 1270 1037 1319 nunciasse,
1069 1284 1114 1310 ac
1137 1270 1168 1309 si
1193 1270 1276 1324 quis
1302 1272 1434 1311 eadem
1461 1286 1558 1326 quae
1581 1271 1643 1313 Ie-

127 1349 192 1375 sus
214 1335 300 1374 olim
325 1342 534 1389 perpetret,
569 1336 664 1376 haud
690 1350 735 1376 eo
758 1337 980 1377 inferiorem
1007 1338 1190 1376 futurum.
1234 1336 1399 1378 Demum
1419 1340 1542 1393 legem
1566 1355 1641 1380 una

126 1416 208 1441 cum
235 1409 471 1442 mortuorum
506 1403 792 1443 resurrectione
827 1404 1050 1455 damnabat,
1093 1405 1406 1458 quemadmodum
1444 1414 1483 1447 et
1513 1406 1639 1448 Simo-

125 1469 226 1509 niani
252 1470 472 1523 caeteriqne
496 1484 630 1510 omnes
656 1485 751 1524 quos
776 1471 969 1525 hucusque
1000 1472 1219 1525 percensui.
1281 1471 1346 1512 Ex
1379 1473 1490 1514 huius
1519 1489 1638 1530 grege

122 1534 352 1577 Marcellina
374 1537 436 1577 illa
457 1536 605 1577 Romae
630 1538 713 1578 fuit.
774 1538 902 1592 Atque
922 1538 1020 1578 idem
1044 1537 1132 1579 lesu
1155 1537 1362 1593 Paulique,
1398 1554 1469 1581 nec
1492 1556 1567 1582 non
1600 1550 1638 1583 et

123 1602 282 1644 Homeri
303 1618 348 1644 ac
368 1603 634 1660 Pythagorae,
669 1606 879 1646 clanculum
902 1606 1089 1659 imagines
1114 1607 1262 1661 fingens
1284 1608 1469 1648 suffitibus
1501 1623 1567 1650 eas
1599 1618 1637 1650 et

121 1672 344 1712 adoratione
375 1680 599 1727 prosecutus
630 1681 703 1713 est.

232 1737 345 1779 Vlll.
380 1738 636 1789 Cerinthiani,
662 1740 744 1780 sive
764 1739 1032 1791 Merinthiani,
1066 1755 1087 1781 a
1107 1738 1308 1792 Cerintho,
1337 1743 1399 1782 vel
1417 1741 1631 1796 Merintho,

120 1803 265 1845 Iudaici
281 1807 436 1859 generis
451 1807 678 1858 extiterunt,
707 1807 768 1861 qui
784 1808 1114 1848 circumcisionem
1130 1822 1221 1862 prae
1238 1823 1279 1849 se
1296 1810 1484 1850 serebant.
1517 1810 1633 1851 Mun-

119 1873 205 1912 dum
235 1874 281 1913 ab
306 1875 452 1928 angelis
478 1874 725 1924 fabricatum,
758 1873 883 1914 lesum
912 1875 957 1914 ad
982 1872 1129 1916 Christi
1160 1875 1382 1930 dignitatem
1414 1891 1483 1932 per
1511 1879 1632 1920 virtu-

118 1946 195 1980 tum
226 1941 461 1981 incrementa
493 1942 716 1997 pervenisse
747 1942 942 1982 dixerunt.

229 2006 305 2048 lX.
348 2008 546 2050 Nazareni
578 2009 628 2049 ita
653 2007 779 2049 lesum
808 2023 894 2049 esse
919 2007 1112 2050 Christum
1145 2011 1280 2064 deique
1311 2011 1425 2052 lilium
1451 2027 1630 2054 asserue-

116 2082 229 2126 runt,
262 2083 303 2116 ut
331 2074 457 2116 Mosis
487 2077 610 2130 legem
641 2077 795 2117 omnino
825 2077 927 2117 vitae
953 2072 1002 2117 'ad
1032 2078 1245 2118 institutum
1279 2079 1527 2120 adsciverint.

226 2141 282 2183 X.
329 2141 589 2184 Cerinthianis
610 2158 654 2184 ac
676 2143 896 2184 Nazarenis
919 2145 1098 2185 simillimi
1119 2153 1208 2186 sunt
1227 2145 1455 2198 Ebionitae,
1490 2148 1625 2202 quibus

115 2223 199 2250 cum
225 2209 446 2265 Sampsaeis
470 2218 507 2251 et
526 2210 725 2251 Elcesaeis
747 2212 870 2266 aliqua
895 2226 946 2252 ex
970 2220 1074 2267 parte
1098 2215 1293 2253 convenit.
1356 2213 1407 2254 Hi
1430 2213 1625 2255 Christum

114 2277 154 2317 in
180 2278 287 2318 coelo
314 2285 507 2329 creatum,
540 2279 696 2332 eiusque
721 2287 891 2319 sanctum
914 2280 1086 2335 spiritum
1110 2281 1310 2320 affirmant.
1371 2279 1478 2321 Illum
1503 2282 1625 2337 ipsum

113 2345 153 2384 in
173 2345 359 2385 Adamum
383 2360 471 2386 sese
490 2346 677 2386 infudisse
698 2346 817 2397 primo
835 2361 877 2387 ac
900 2348 1036 2387 deinde
1057 2349 1214 2388 exuisse
1235 2355 1409 2399 narrant,
1437 2356 1514 2389 tum
1536 2350 1624 2389 sub-

114 2411 207 2452 iisse
231 2413 370 2463 denuo,
404 2414 514 2467 idque
538 2414 772 2453 commodum
795 2415 932 2455 secisse
958 2429 1041 2455 cum
1066 2414 1103 2454 in
1130 2422 1253 2455 terras
1279 2430 1440 2469 corpore
1463 2416 1622 2457 circum-

114 2480 219 2519 fusus
252 2480 421 2520 advenit.
481 2481 541 2520 Ac
566 2481 655 2520 licet
678 2479 807 2521 ludaei
837 2481 933 2533 sint,
967 2482 1207 2536 evangelium
1242 2482 1486 2524 nihilominus
1518 2485 1623 2524 adhi-

114 2545 217 2586 bent.
281 2545 463 2587 Carnium
506 2562 610 2588 esum
654 2548 904 2589 detestantur.
966 2549 1115 2603 Aquam
1156 2564 1223 2603 pro
1260 2550 1330 2590 deo
1367 2559 1618 2592 venerantur.

114 2610 311 2654 Christum
333 2613 371 2654 in
397 2629 466 2655 suo
486 2615 567 2665 illo,
597 2614 648 2654 uti
671 2615 851 2667 diximus,
884 2617 1049 2658 adventu
1072 2617 1259 2657 hominem
1281 2617 1452 2659 induisse
1474 2619 1618 2660 dicunt.

111 2679 287 2736 Denique
316 2682 423 2735 aquis
455 2695 497 2722 se
528 2682 733 2722 identidem
765 2690 839 2723 tam
864 2684 989 2725 hieme
1019 2698 1127 2738 quam
1158 2691 1304 2724 aestate
1325 2685 1476 2736 lavant,
1511 2687 1621 2726 nimi-

112 2761 195 2788 rum
222 2749 397 2804 puritatis
424 2749 686 2789 conciliandae
716 2750 786 2790 sibi
815 2752 960 2805 gratia,
993 2752 1304 2805 quemadmodum
1332 2750 1562 2794 Samaritae.

156 2837 204 2870 11.
238 2840 370 2879 Reposui
404 2850 453 2877 τις
495 2849 531 2870 ex
574 2841 839 2879 Anacephalaeosi.
931 2839 981 2874 14.
1007 2841 1167 2884 σαμῴέων
1202 2846 1267 2874 erat
1293 2853 1313 2874 a
1340 2852 1379 2874 m.
1406 2854 1454 2883 pr.
1487 2846 1519 2876 in
1551 2846 1618 2876 cod.

114 2883 206 2923 Vulgo
229 2895 268 2916 τι.
884 2888 1010 2926 Ηὴεάἰ9.

156 2929 204 2959 12.
229 2928 403 2960 καλεῐσὲταν.
423 2929 490 2960 cod.
504 2930 598 2960 l'aric.
618 2931 839 2970 etAnacephal.
932 2931 979 2963 15.
1005 2930 1034 2964 οἳ
1058 2933 1242 2971 Anacephat.
1292 2934 1386 2973 Vulgo
1408 2937 1489 2965 extat
1513 2934 1552 2966 οἱ.

157 2970 205 3003 13.
231 2971 260 3004 οἳ
285 2975 350 3004 cod.
373 2975 501 3013 Rhediy.
552 2975 645 3013 Vulgo
671 2973 707 3006 οἱ.
