2034 3267
501 143 678 176 PANARn
701 143 780 176 Lm.
802 145 826 176 1.
852 142 958 176 ΤοΜ.
980 143 1034 174 nr.
1059 142 1309 175 HAER.XL11.
1586 133 1664 172 553

142 229 246 273 stus,
280 223 342 277 qui
369 223 414 263 ad
437 223 597 264 alterum
623 223 926 278 extinguendum
952 223 1138 272 accessit,
1173 221 1417 277 tyrannicum
1442 220 1525 261 eius
1546 219 1668 259 domi-

141 297 269 331 natum
296 298 496 339 evertere,
539 299 668 346 utpote
695 292 792 345 quod
817 291 958 331 aeriter
983 290 1143 330 obsistat
1170 297 1207 329 et
1234 290 1421 330 adversus
1447 302 1664 343 supremum

140 357 246 408 illud,
280 359 378 412 quod
402 373 472 399 nec
495 359 615 399 videri
642 373 712 399 nee
736 358 923 398 nominari
948 364 1088 413 potest,
1122 357 1177 397 sic
1201 364 1343 412 pugnet
1367 372 1410 397 ac
1432 359 1664 411 refragetur,

139 426 241 466 nulla
275 433 314 465 ut
345 426 380 466 vi
413 426 522 466 deiici
555 441 641 466 sese
675 427 851 481 patiatur.

253 491 365 547 Quod
401 502 526 534 antem
560 495 718 534 insanus
751 494 811 533 ille
840 494 960 547 legem
990 508 1034 532 ac
1061 493 1265 547 prophetas
1294 493 1489 532 existimat
1515 507 1535 532 a
1560 493 1667 531 dete·
1697 495 1849 537 Cap-111·

140 561 233 602 riori
265 577 308 601 ac
341 563 536 602 contrario
567 575 653 602 esse
680 559 897 614 Principio,
943 575 961 600 a
993 560 1152 600 meliore
1183 574 1276 600 vero
1307 557 1526 611 Christum,
1567 560 1597 600 si
1630 559 1665 599 id

139 643 271 671 verum
305 637 385 681 est,
430 630 620 684 quomodo
652 643 746 682 quae
782 629 826 668 ad
854 625 1050 668 Christum
1076 627 1290 667 attinebant
1316 628 1522 681 prophetae
1549 627 1665 667 certis

140 697 343 752 figurarum
369 698 579 739 involucris
601 697 752 736 obtecta
774 695 971 735 vatieinati
994 702 1082 735 sunt
1103 695 1174 734 nisi
1198 709 1270 734 una
1294 695 1502 748 eademque
1525 695 1581 734 vis
1606 709 1665 734 es-

139 773 199 806 set
230 780 326 820 quae
363 767 399 805 in
434 766 517 820 lege
553 764 694 818 pariter
729 778 772 804 ac
808 763 1002 818 prophetis
1038 769 1151 816 atque
1186 762 1400 815 evangeliis
1433 763 1555 802 locuta
1591 763 1665 801 sit?

143 832 473 887 Quemadmodum
516 832 604 872 dicit
643 832 705 885 qui
740 831 925 884 loquebar
962 830 999 869 in
1038 830 1254 885 prophetis:
1303 833 1398 869 Ecce
1433 834 1560 869 adsum
1592 839 1660 869 ele.
1687 838 1852 871 tsa;.5e‚a.

139 900 348 942 Praeterea
374 915 441 941 cur
461 900 635 939 dominus
661 899 695 938 in
721 898 923 952 evangelio
947 899 1207 953 praedicaret,
1242 902 1288 937 Se·
1308 901 1435 949 Moysi
1452 901 1664 946 credet-elis,
1686 906 1870 939 lemmata.

140 973 340 1009 crederem
351 971 520 1022 forsitan
547 976 582 1006 el
606 969 715 1013 milei,
762 969 805 1005 de
830 981 884 1005 me
908 970 1000 1005 em'm
1027 969 1090 1005 ille
1113 969 1264 1017 scripsit
1274 972 1292 1004 Ρ
1350 965 1466 1006 Plura
1492 966 1665 1019 equidem

140 1039 185 1078 de
208 1037 391 1077 eiusmodi
417 1035 647 1076 testimoniis
672 1034 707 1074 in
736 1034 898 1074 medium
923 1034 1061 1074 afferre
1088 1048 1261 1089 possem,
1295 1034 1430 1087 quibus
1453 1034 1669 1074 accumula—

141 1107 188 1146 tis
209 1105 376 1145 scholam
401 1104 462 1143 ille
487 1103 558 1142 sibi
582 1102 786 1153 conflavit,
822 1103 883 1156 qui
908 1102 1051 1142 infelici
1076 1102 1235 1156 quodam
1264 1103 1340 1142 l'ato
1361 1115 1600 1141 communem
1621 1103 1665 1141 ad

139 1172 242 1214 orbis
265 1171 471 1227 perniciem
494 1170 672 1220 effloruit,
707 1184 750 1209 ao
772 1177 985 1210 sectatores
1009 1184 1099 1210 suos
1124 1171 1158 1210 in
1187 1171 1357 1210 fraudem
1380 1169 1538 1223 impulit.
1587 1168 1663 1210 Sed

140 1241 236 1282 hanc
269 1255 340 1294 ego
371 1253 520 1294 quoqne
548 1238 869 1293 praetermittam,
915 1245 1114 1292 postquam
1148 1252 1228 1278 eam
1263 1238 1446 1292 memycis
1471 1237 1667 1277 cuiusdam

138 1323 182 1349 ac
205 1308 498 1363 pemphredonis
525 1307 642 1360 (quod
670 1320 812 1360 vespae
836 1320 958 1359 genus
985 1311 1062 1358 est)
1089 1307 1231 1356 instar,
1278 1319 1374 1360 quae
1401 1313 1438 1345 et
1462 1305 1538 1345 ictu
1563 1305 1668 1345 dolo-

137 1391 217 1416 rem
242 1376 431 1416 incutiunt
462 1382 499 1415 et
529 1390 577 1414 ex
605 1381 856 1428 pennatorum
884 1374 1119 1414 insectorum
1144 1387 1288 1427 genere
1314 1380 1425 1422 sunt,
1471 1388 1545 1413 uno
1576 1388 1667 1413 cou-

139 1452 241 1485 tactn
269 1444 486 1497 obtrituque
515 1442 736 1497 proiligavi,
785 1442 1045 1482 efficacissima
1077 1442 1136 1482 dei
1171 1442 1239 1481 tide
1271 1456 1315 1481 ao
1342 1441 1499 1481 salutari
1526 1441 1665 1481 domini

139 1512 259 1553 nostri
286 1510 374 1552 Iesu
403 1509 547 1552 Christi
575 1510 747 1550 doctrina
773 1510 984 1560 subnixus,
1031 1510 1092 1564 qui
1121 1511 1238 1559 dixit,
1285 1513 1409 1548 Videte
1433 1525 1478 1548 ne
1505 1512 1665 1561 clece'pe'a-
1678 1521 1870 1565 Lucanagt

138 1584 247 1620 mini:
292 1582 402 1619 mulli
427 1583 520 1618 em'm
550 1582 693 1617 venient
713 1580 1064 1630 psemloprophelae.
1131 1576 1303 1631 Cumque
1333 1585 1369 1617 et
1397 1577 1592 1632 apostolus
1620 1555 1870 1616 demam'ss'u'

137 1648 272 1688 iisdem
300 1647 492 1687 ementitis
520 1644 686 1687 Christis
712 1660 755 1686 ac
776 1645 970 1699 magistris
996 1646 1177 1700 falsisque
1203 1646 1383 1685 fratribus
1407 1645 1556 1685 locutus
1580 1659 1669 1685 eau-

137 1716 256 1756 tiores
282 1730 352 1756 nos
376 1715 605 1764 reddiderit,
640 1715 684 1753 ad
710 1714 891 1768 reliquas,
927 1721 1037 1768 prout
1061 1714 1196 1754 ordine
1219 1727 1307 1754 sese
1330 1715 1512 1763 oll'erunt,
1547 1721 1669 1753 trans-

138 1784 293 1824 ferenda
325 1783 436 1823 nobis
467 1790 526 1822 est
558 1782 696 1822 oratio.

368 1942 702 1991 CONTRA
763 1940 1429 2002 MARCIONISTAS,

435 2038 542 2084 quae
580 2026 647 2069 est
683 2021 876 2069 haeresis
904 2021 1053 2068 XXII.
1068 2058 1079 2080 ,
1117 2023 1187 2070 vel
1213 2022 1361 2069 XLII.

250 2123 452 2174 Marcion,
497 2138 517 2163 a
550 2137 623 2176 quo
652 2121 928 2162 Marcionistae
961 2122 1144 2162 nominati
1176 2131 1287 2173 sunt,
1336 2137 1355 2162 a
1388 2121 1569 2164 Cerdone
1601 2123 1665 2163 illo
1694 2131 1770 2172 Cap.
1788 2130 1812 2161 1.

137 2193 228 2234 novi
253 2193 441 2247 dogmatis
467 2191 709 2231 occasionem
733 2189 936 2244 arripiens,
971 2191 1106 2244 ingens
1131 2199 1169 2230 et
1191 2191 1270 2245 ipse
1293 2191 1451 2231 coluber
1474 2191 1509 2230 in
1534 2191 1665 2231 orbem

138 2270 327 2302 terrarum
348 2261 525 2300 invectus
550 2266 624 2298 est.
687 2256 761 2310 Qui
787 2258 929 2298 infinita
954 2258 1146 2298 hominum
1171 2259 1408 2299 multitudine
1434 2258 1551 2298 variis
1575 2260 1668 2299 arti-

138 2330 208 2370 bus
235 2330 280 2369 ad
309 2329 379 2368 hoc
407 2341 526 2381 usque
554 2334 701 2381 tempus
726 2325 836 2366 illusa
861 2326 986 2366 ludum
1016 2327 1162 2367 erroris
1188 2328 1353 2380 aperuit.
1417 2327 1545 2380 Atque
1572 2327 1666 2367 haec

138 2397 311 2438 haeresis
336 2396 447 2436 hodie
473 2409 547 2434 non
572 2394 682 2434 modo
708 2393 856 2434 Romae
880 2402 918 2434 et
941 2394 978 2434 in
1007 2393 1113 2434 ltalia
1135 2395 1349 2448 reperitur,
1384 2395 1449 2434 sed
1475 2402 1511 2434 et
1534 2395 1666 2450 Aegy-

140 2473 241 2520 ptum
273 2478 317 2505 ac
350 2462 633 2512 Palaestinam,
682 2476 751 2502 nec
784 2476 858 2502 non
893 2463 1077 2502 Arabiam
1112 2477 1155 2502 ac
1191 2461 1370 2517 Syriam,
1419 2460 1589 2517 Cyprum
1621 2478 1665 2503 ac

141 2533 403 2582 Thebaidem,
438 2532 512 2570 imo
540 2531 653 2570 etiam
678 2528 874 2570 Persidem
899 2531 1069 2584 aliasque
1093 2531 1272 2583 regiones
1298 2531 1410 2584 longe
1434 2537 1491 2570 est
1516 2531 1665 2585 lateque

140 2608 364 2656 pervagata.
427 2598 577 2652 Quibus
616 2599 650 2637 in
684 2598 778 2638 locis
811 2599 1009 2652 plurimum
1043 2598 1301 2652 nequissimus
1333 2599 1493 2638 daemon
1523 2599 1665 2639 callidi-

142 2676 218 2709 tate
248 2682 317 2708 sua
342 2682 386 2707 ac
412 2666 666 2707 fraudulentia
690 2667 862 2720 profecit.
925 2665 1016 2706 Fuit
1042 2667 1113 2707 iste
1136 2680 1279 2720 genere
1303 2664 1510 2715 Ponticus,
1545 2681 1595 2706 ex
1620 2682 1665 2707 ea

142 2743 248 2791 parte
272 2750 368 2790 quae
392 2734 684 2788 Helenopontus
708 2734 859 2784 dicitur,
894 2735 1030 2790 oppido
1055 2733 1216 2788 Sinope,
1251 2734 1565 2787 quemadmodum
1591 2737 1666 2775 sre-

143 2804 271 2858 quenti
304 2805 349 2843 de
383 2817 428 2843 eo
462 2803 560 2842 fama
593 2801 824 2855 percrebuit.
888 2802 964 2856 Qui
995 2803 1103 2842 initio
1137 2803 1237 2842 vitae
1272 2801 1420 2842 scilicet
1449 2802 1665 2842 castitatem

146 2904 217 2937 183.
238 2916 263 2937 c.
285 2907 377 2937 schol.
399 2906 566 2945 Epiphanii
587 2906 656 2935 libri
680 2906 770 2944 vulgo
790 2914 880 2944 prae·
970 2906 1000 2937 ὃ.
1025 2907 1069 2937 Ita
1091 2907 1216 2936 correxi,
1266 2906 1350 2936 Libri
1368 2906 1448 2936 enirn
1467 2906 1575 2937 habent
1592 2916 1666 2947 προ-

143 2951 211 2982 bent
234 2949 390 2992 μέμυκος.
928 2948 1103 2994 βαινόντων
1126 2950 1190 2982 τῶν
1212 2944 1330 2982 ἄλλων.
