2034 3267
482 187 658 219 PANAun
682 187 763 218 [ΑΒ.
785 188 810 218 1.
834 187 941 219 ΤοΜ.
960 187 1015 218 111.
1039 186 1168 217 HAER.
1189 185 1295 217 XLn.
1571 176 1650 215 655

132 265 326 304 dominum.
388 263 539 305 Marcio
563 280 659 307 vero
684 280 750 320 pro
778 269 930 305 Domino
954 263 1148 307 Christum
1176 262 1386 305 substituit.
1448 261 1526 304 Sed
1552 263 1650 303 idem

134 338 193 370 cst
219 331 329 385 plane
359 329 539 373 Christus
567 348 610 374 ac
637 334 833 384 dominus,
869 333 938 373 etsi
963 331 1153 373 Marcioni
1181 332 1292 372 aliter
1315 332 1438 372 visum
1462 331 1532 381 sit,
1567 345 1650 371 cuni

134 395 278 438 Christi
298 400 500 454 appellatio
522 401 694 441 subiecta
715 401 764 441 sit
783 401 821 441 in
841 401 888 440 iis
909 401 1060 441 verbis:
1094 404 1203 439 Petra
1224 407 1342 438 autem
1365 407 1448 438 erat
1465 401 1648 445 Christus,

132 473 190 516 et,
221 469 306 506 Non
329 471 366 506 2'12
383 470 572 520 plerisque
592 472 739 508 illoram
761 470 1023 520 beneplacitum
1046 476 1101 506 esc
1122 471 1202 506 deo.
1265 466 1360 507 Post
1383 467 1476 507 haec
1498 473 1651 521 aposto·

130 534 189 574 lus
220 534 281 574 ubi
313 543 429 575 totum
464 536 553 576 illud
585 543 850 591 argumentum
877 535 1088 590 percurrit,
1131 535 1303 575 subiicit:
1345 538 1445 574 Haec
1470 542 1588 573 autem
1614 538 1650 572 ln

119 604 258 653 figura
283 605 544 655 contingebant
565 607 662 643 illis:
694 608 833 656 scripta
858 611 947 643 sunt
970 611 1089 642 aulem.
1116 606 1165 641 ad
1183 606 1447 654 correptionem
1470 610 1646 641 nostram.

132 667 228 711 Cum
249 671 364 724 igitur
385 685 480 725 quae
501 671 574 712 illis
594 673 632 711 in
653 672 773 725 ligura
793 671 1079 725 contingebant,
1109 671 1154 710 ad
1178 671 1458 725 correptionem
1482 677 1650 710 nostram

130 739 271 793 scripta
292 738 382 789 sint,
417 739 479 793 qui
504 753 572 788 ea,
606 753 702 793 quae
728 747 804 779 tum
829 739 1072 789 acciderunt,
1107 739 1151 778 ad
1175 737 1456 792 correptionem
1481 745 1650 778 nostram

130 807 390 861 praescripsit,
424 806 498 846 illis
517 807 614 847 haud
642 807 752 847 dubie
777 806 980 846 consulere
1006 806 1164 857 studuit,
1198 820 1293 860 quos
1319 806 1516 859 corrigere
1539 813 1650 859 atque

131 874 339 914 admonere
373 874 569 929 cupiebat,
615 889 661 914 ne
693 875 878 914 malorum
910 873 1227 928 concupiscentes
1256 887 1444 914 essemus.
1508 872 1651 926 Quam·

130 942 260 982 obrem
285 942 405 982 bonus
426 941 548 992 idem,
582 956 657 982 non
684 942 803 982 malus
830 941 943 981 fuerit
968 949 1132 995 oportet.
1196 939 1344 994 Quibus
1366 942 1466 981 enim
1491 942 1651 982 affectus

130 1017 210 1060 est,
255 1010 388 1050 iisdem
421 1016 460 1050 ut
489 1009 650 1064 praediti
681 1023 768 1050 esse
800 1009 961 1050 velimus
993 1010 1188 1060 hortatur,
1234 1009 1356 1049 bonus
1383 1009 1445 1048 ille
1474 1009 1650 1049 nimirum

129 1077 222 1117 deus
247 1091 291 1117 ac
315 1077 459 1128 iustus,
494 1091 537 1118 ac
558 1085 634 1118 tam
659 1091 790 1118 eorum
813 1092 908 1132 quos
931 1084 1020 1118 ante
1042 1077 1252 1132 scripserat
1275 1077 1368 1117 deus
1390 1091 1500 1130 quam
1525 1084 1652 1131 poste-

128 1145 287 1195 riorum,
307 1145 367 1199 qui
387 1145 554 1200 correpti
574 1153 675 1197 sunt,
700 1145 889 1197 conditor,
916 1146 1129 1186 communis
1148 1146 1311 1198 denique
1331 1151 1466 1184 auctor
1484 1144 1650 1185 omnium

128 1226 172 1252 ac
196 1212 416 1266 legislator,
462 1212 525 1268 qui
553 1221 592 1254 et
614 1214 814 1268 evangelia
841 1214 1002 1268 largitus
1029 1220 1110 1264 est,
1157 1221 1194 1253 et
1214 1213 1475 1268 apostolorum
1501 1214 1580 1253 dux
1608 1228 1652 1254 ac

128 1281 348 1321 moderator
376 1282 520 1322 extitit.

241 1348 373 1390 Schol.
397 1349 438 1390 X
464 1358 502 1390 et
525 1348 680 1390 XVIII.
731 1353 827 1400 Quid
848 1365 938 1401 crgo
965 1353 1075 1389 dico?
1135 1352 1239 1400 Quod
1264 1353 1300 1388 ite
1330 1352 1459 1401 templo
1487 1351 1801 1394 immola-romam,
1814 1360 1854 1386 19.

128 1425 202 1456 tum
226 1420 371 1470 aliquid
389 1422 458 1465 sit,
503 1426 570 1457 aut
588 1420 828 1469 idolothytum
852 1420 994 1470 aliquid
1014 1421 1090 1456 sit?
1149 1420 1225 1457 Sed
1246 1433 1339 1470 quae
1360 1419 1550 1456 immolant
1567 1419 1652 1456 dae-

125 1489 278 1534 moniis,
314 1493 351 1525 et
378 1501 449 1525 non
481 1489 559 1525 deo.
622 1484 696 1527 Ubi
727 1484 880 1526 Marcio
910 1489 954 1525 In
983 1488 1103 1525 sacris
1133 1488 1355 1525 immolatum
1390 1485 1544 1525 adiecit.

236 1553 371 1594 Refut.
399 1552 439 1593 X
467 1561 505 1594 et
524 1552 643 1593 XVll
652 1553 681 1593 l.
732 1556 829 1604 Quid
848 1569 938 1605 ergo
960 1557 1071 1592 dico?
1128 1556 1242 1593 Idolis
1267 1555 1489 1592 immolatam
1511 1554 1654 1604 aliquid

126 1627 213 1660 est?
272 1624 348 1661 Sed
370 1637 464 1674 quae
484 1624 673 1660 immolant
691 1624 890 1661 daemonicis
920 1630 957 1660 et
977 1637 1048 1661 non
1073 1625 1151 1660 deo.
1214 1620 1305 1661 Non
1337 1621 1461 1676 prisca
1491 1620 1556 1660 illa
1587 1634 1652 1675 pa-

126 1697 225 1730 trum
250 1696 422 1744 tempora
447 1689 716 1730 condemnavit
739 1690 958 1744 apostolus,
1004 1703 1100 1744 quae
1125 1690 1169 1729 ad
1194 1697 1358 1730 aetatem
1383 1703 1502 1743 usque
1525 1702 1649 1738 suani,

128 1757 300 1812 adeoque
330 1758 530 1812 quamdiu,
575 1765 717 1798 stetere
746 1757 1038 1813 Hierosolyma,
1084 1758 1301 1809 fluxerunt,
1346 1771 1429 1797 cum
1463 1770 1529 1797 eos
1555 1756 1654 1796 dixit

129 1824 191 1878 qui
215 1825 327 1866 idolis
347 1824 589 1865 immolarent
611 1825 822 1866 daemoniis
846 1826 1067 1876 immolare,
1102 1840 1177 1866 non
1198 1825 1284 1865 deo.
1344 1823 1437 1865 Non
1459 1824 1560 1874 illos,
1594 1825 1651 1864 in-

128 1907 262 1946 quam,
297 1893 478 1933 damnare
500 1893 620 1933 voluit
641 1893 703 1947 qui
731 1894 801 1934 deo
824 1894 1110 1944 sacrificarent,
1144 1908 1216 1947 quo
1243 1900 1413 1947 tempore
1440 1893 1652 1933 sacrificari

127 1960 316 2014 oportuit,
350 1961 417 2001 sed
442 1975 509 2001 eos
536 1961 723 2002 duntaxat
746 1969 901 2003 accusat
928 1962 989 2016 qui
1014 1962 1126 2002 idolis
1152 1962 1372 2011 immolant,
1408 1976 1484 2001 non
1509 1961 1555 2000 ob
1579 1961 1650 2000 hoc

126 2027 247 2082 ipsum
272 2029 369 2082 quod
393 2028 610 2080 immolant,
644 2031 709 2069 scd
735 2031 832 2084 quod
853 2031 963 2070 idolis
984 2030 1083 2070 istud
1106 2031 1230 2084 ipsum
1253 2044 1321 2084 pro
1343 2029 1414 2069 deo
1437 2036 1646 2083 praestant.

125 2094 217 2136 Non
250 2097 348 2136 enim
380 2097 464 2136 ideo
497 2097 734 2147 sacrificant,
782 2105 822 2137 ut
844 2097 1023 2138 alimenta
1051 2098 1230 2138 divinitus
1254 2097 1299 2136 ad
1327 2111 1434 2137 usum
1462 2110 1648 2136 concessa

127 2163 201 2204 sibi
230 2171 473 2219 comparent,
522 2165 587 2205 sed
613 2165 860 2206 daemonibus
891 2180 935 2205 ac
959 2164 1179 2206 vanissimis
1203 2164 1419 2204 numinibus
1451 2177 1562 2204 sacra
1594 2165 1648 2204 fa-

128 2231 247 2272 ciunt.
311 2231 374 2272 Tu
399 2246 516 2282 vero,
553 2231 727 2282 Marcio,
762 2247 894 2273 vocem
921 2233 1046 2284 illam,
1079 2237 1121 2272 In
1150 2235 1279 2285 templo
1304 2234 1547 2279 immolatum,
1582 2233 1647 2272 ad-

125 2299 273 2350 iecisti,
308 2314 359 2340 ex
381 2314 426 2340 eo
453 2308 558 2340 ratus
583 2301 679 2354 quod
704 2301 776 2341 duo
801 2301 894 2342 baec
916 2301 1117 2352 vocabula,
1152 2301 1330 2355 templum
1353 2307 1390 2340 et
1413 2300 1527 2351 idola,
1563 2313 1648 2354 per-

126 2367 238 2408 mista
265 2368 429 2409 invicem
458 2369 603 2418 forent,
649 2368 844 2409 ambarum
873 2383 1022 2423 quoque
1049 2369 1238 2409 rationum
1267 2367 1507 2408 habitudines
1533 2382 1647 2422 posse

127 2436 323 2476 confundi.
387 2435 465 2476 Sed
490 2436 601 2490 longe
627 2436 806 2490 opinione
828 2443 888 2477 tua
916 2437 1076 2477 falleris.
1129 2435 1279 2476 Etenim
1304 2436 1334 2475 si
1357 2442 1556 2489 postquam
1580 2450 1648 2475 no-

125 2518 213 2544 vum
237 2510 506 2544 testamentum
540 2504 680 2544 illatum
713 2512 793 2554 cst,
836 2505 1008 2558 privatim
1035 2502 1193 2545 Christo
1219 2503 1341 2543 adhuc
1367 2503 1644 2553 immolaretur,

125 2578 164 2611 et
185 2572 222 2612 in
249 2573 330 2613 eius
355 2572 507 2611 nomine
531 2572 763 2612 offerrentur
783 2572 982 2623 animalia,
1017 2572 1264 2627 probabiliter
1285 2571 1352 2610 abs
1377 2577 1412 2610 te
1435 2571 1646 2610 mendacis-

126 2639 245 2680 simae
279 2640 364 2680 illae
399 2639 609 2680 calumniae
642 2647 818 2694 repertae
844 2641 1090 2690 viderentur,
1135 2647 1172 2679 ut
1205 2646 1242 2678 et
1274 2639 1335 2692 qui
1370 2638 1439 2678 hoc
1475 2645 1645 2692 tempore

127 2707 198 2747 deo
220 2708 506 2757 sacrificarent,
539 2715 577 2747 et
601 2708 672 2747 hoc
694 2707 782 2747 olim
806 2707 1159 2763 Hierosolymitauo
1182 2707 1216 2746 in
1243 2706 1380 2760 templo
1407 2705 1589 2746 fecissent
1610 2713 1647 2746 et

127 2774 236 2815 idolis
265 2775 527 2825 immolarent,
561 2774 598 2814 in
624 2789 738 2815 unum
763 2776 1017 2816 miscerentur
1044 2789 1199 2825 omneS,
1233 2788 1277 2814 ac
1304 2772 1537 2824 daemoniis,
1570 2788 1646 2814 non

129 2843 199 2882 deo
231 2857 342 2884 sacra
373 2844 500 2883 facere
531 2843 764 2883 dicerentur.
827 2841 905 2884 Sed
931 2858 1017 2885 cum
1041 2841 1218 2883 animalia
1241 2855 1352 2881 nemo
1379 2839 1535 2882 Christo
1560 2848 1647 2895 post

129 2909 210 2950 eius
235 2911 439 2952 adventum
471 2924 515 2951 ac
540 2925 679 2951 novum
707 2917 976 2953 testamentum
1004 2911 1196 2952 conditum
1220 2909 1448 2959 immolarit,
1494 2908 1584 2949 illud
1611 2915 1646 2949 te
