2034 3267
492 191 667 223 PANAnn
692 192 772 223 ΜΒ.
787 193 810 223 1.
836 193 940 224 TOM.
966 194 1004 224 n.
1033 194 1156 224 HAER.
1178 194 1310 225 xxxi.
1587 187 1664 226 343

140 279 216 312 tum
245 277 369 320 metu,
417 282 463 310 ne
496 276 535 309 ut
564 270 681 324 ipsam
713 271 862 322 lumen,
906 271 956 312 ita
986 272 1063 312 vita
1093 272 1295 323 deficeret,
1342 272 1477 313 deinde
1508 274 1657 313 consilii

138 338 287 393 inopia,
320 351 363 377 ae
387 337 536 377 demum
560 337 800 390 ignorantiae
827 340 975 393 penitus
1000 340 1233 380 immersam.
1295 339 1434 394 Neque
1457 340 1579 390 enim,
1615 348 1653 381 ut

138 407 219 447 eius
248 403 379 445 Mater
410 406 531 460 prima
564 407 626 447 illa
665 420 715 446 ex
746 407 922 446 Aeonum
957 407 1118 460 collegio
1151 405 1373 462 Sapientia,
1417 409 1651 449 alternorum

137 475 321 514 duntaxat
355 473 578 514 diversitate
607 480 798 523 motuum,
841 475 908 513 sed
939 474 1217 514 contrariorum
1250 476 1406 516 dissidio
1436 476 1647 517 laborasse.

136 541 239 595 Quin
270 548 308 581 et
338 555 475 581 novam
503 542 659 595 insuper
689 541 809 580 eidem
838 541 1078 581 affectionem
1107 542 1339 595 contigisse,
1385 544 1649 585 conversionis

134 610 180 649 ad
207 623 292 649 eum
317 608 466 649 scilicet
488 609 549 662 qui
572 609 641 648 sibi
665 608 779 648 vitam
803 608 1054 662 impertierat.
1118 608 1227 649 Hanc
1251 623 1344 649 vero
1368 611 1547 651 materiae
1571 626 1649 651 mo-

134 678 205 717 lem
236 691 280 717 ac
308 676 557 716 substantiam
587 689 698 726 esse,
742 689 793 714 ex
817 690 888 728 qua
915 677 1074 716 mundus
1102 677 1174 716 iste
1202 677 1356 718 coaluit.
1417 677 1570 718 Etenim
1596 694 1646 720 ex

131 745 213 799 ipsa
237 744 492 784 conversione
515 742 649 783 Mundi
675 749 711 782 et
736 740 957 782 Conditoris
978 743 1148 797 adeoque
1172 744 1285 784 aliam
1309 759 1457 784 omnem
1483 747 1645 787 animam

133 827 219 853 esse
246 811 436 865 genitam,
469 817 598 850 cetera
625 824 676 849 ex
702 817 804 849 metu
829 823 871 849 ac
896 810 1026 850 dolore
1053 810 1200 851 initium
1229 812 1440 865 accepisse.
1500 812 1602 853 Nam
1625 828 1645 854 e

131 879 311 934 lacrymis
338 878 526 919 humidum
553 891 686 926 omne,
729 891 748 917 e
773 876 854 917 risu
879 878 1064 929 lucidum,
1108 893 1128 918 e
1155 879 1284 919 dolore
1312 893 1356 919 ac
1381 887 1536 933 stupore
1561 895 1643 920 cor-

133 962 246 1002 porea
270 946 395 987 mundi
417 946 604 985 elementa
626 958 819 984 manasse.
881 945 1081 986 Accidisse
1106 947 1297 997 nimirum,
1333 954 1372 986 ut
1396 947 1643 1002 collacryma-

131 1023 191 1055 ret
213 1014 400 1055 interdum
426 1026 469 1052 ac
498 1012 668 1062 doleret,
702 1013 800 1066 quod
826 1026 867 1052 se
893 1013 1010 1053 solam
1036 1015 1074 1053 in
1099 1015 1266 1054 tenebris
1288 1021 1326 1054 et
1346 1015 1529 1055 inanitate
1553 1016 1641 1056 reli-

131 1090 228 1123 ctam
252 1081 587 1122 animadverteret.
635 1078 921 1134 Nonnunquam
944 1095 1036 1122 vero
1057 1096 1149 1122 mox
1170 1089 1209 1122 ut
1231 1083 1330 1122 illius
1351 1082 1518 1132 luminis,
1542 1084 1641 1137 quod

130 1150 457 1202 seseseliquerat,
485 1148 635 1188 veniret
651 1148 689 1187 in
709 1148 945 1199 memoriam,
969 1150 1048 1189 risu
1067 1163 1109 1189 se
1129 1162 1171 1188 ac
1191 1149 1385 1204 voluptate
1407 1150 1635 1204 perfudisse,

129 1217 390 1270 interdumque
418 1230 551 1256 rursus
576 1216 622 1255 ad
647 1223 786 1256 metum
814 1217 999 1267 rediisse,
1033 1217 1127 1256 alias
1152 1217 1307 1256 anxiam
1334 1218 1557 1272 consiliique
1580 1219 1637 1258 in-

130 1299 236 1341 opem
270 1291 308 1323 et
337 1283 535 1323 attonitam
569 1283 703 1324 fuisse.

236 1351 337 1406 Quid
366 1359 442 1391 tum
468 1352 582 1392 inde?
639 1349 835 1392 Maximas
863 1352 1042 1407 deinceps
1071 1353 1123 1393 illi
1148 1354 1365 1406 tragoedias
1393 1354 1556 1405 faciunt,
1589 1368 1632 1395 ac
1678 1358 1753 1400 Cap.

124 1434 190 1475 pro
213 1434 282 1460 suo
310 1420 468 1473 quisque
492 1420 613 1474 capite
633 1420 744 1460 aliter
769 1427 881 1474 atque
905 1420 1016 1460 aliter
1041 1435 1187 1461 summa
1213 1435 1296 1461 cum
1316 1422 1535 1476 arrogantia
1557 1423 1631 1463 dis-
1655 1402 1775 1436 Xvffl’

122 1495 248 1542 putat,
282 1502 441 1541 quanam
464 1501 515 1527 ex
537 1487 822 1542 perturbatione
847 1494 911 1527 aut
931 1502 979 1528 ex
1002 1503 1164 1542 quonam
1188 1489 1375 1530 elemento
1394 1497 1527 1530 natura
1547 1505 1633 1545 pro-

121 1556 291 1596 fluxerit.
354 1554 526 1608 Quorum
552 1555 638 1595 mibi
665 1556 801 1595 merito
823 1555 1002 1595 videntur
1026 1571 1099 1596 nou
1127 1557 1243 1610 palam
1270 1557 1444 1598 omnibus
1467 1559 1631 1613 discipli-

121 1638 204 1664 nam
233 1623 330 1664 velle
357 1623 616 1672 committere,
663 1624 728 1664 sed
755 1623 801 1663 iis
827 1624 947 1663 solum
977 1624 1039 1677 qui
1066 1625 1293 1664 luculentam
1318 1626 1532 1666 mercedem
1561 1641 1628 1681 pro

122 1692 236 1731 tantis
263 1690 456 1746 mysteriis
482 1698 775 1745 repraesentare
804 1692 964 1745 possint.
1024 1691 1163 1746 Neque
1189 1693 1286 1732 enim
1318 1693 1388 1733 ista
1415 1707 1546 1734 eorum
1577 1695 1627 1734 si-

120 1759 222 1799 milia
245 1765 355 1810 sunt‚
390 1759 435 1799 de
458 1759 592 1813 quibus
619 1773 638 1798 a
661 1759 813 1798 domino
839 1759 976 1799 dictum
1002 1768 1082 1810 est,
1118 1763 1240 1800 Gratis
1263 1765 1473 1813 acceptatis,
1503 1766 1627 1813 gratis
1638 1772 1824 1809 Mantum.

118 1830 224 1875 (ἀπε,-
265 1827 332 1867 sed
363 1826 409 1866 ab
440 1826 541 1867 omni
573 1834 719 1867 remota
750 1840 866 1866 sensu
892 1841 937 1867 ae
963 1828 1178 1882 prodigiosa
1204 1830 1465 1884 profundaque
1487 1844 1628 1871 arcana

117 1895 180 1934 illa
213 1902 324 1945 sunt,
369 1908 464 1948 quae
495 1909 516 1934 a
550 1895 725 1934 falsitatis
756 1895 986 1936 amatoribus
1017 1911 1154 1950 magno
1185 1897 1315 1937 labore
1342 1906 1623 1952 comparantur.

119 1960 216 2015 Quis
241 1963 341 2003 enim
366 1978 442 2003 non
470 1963 596 2003 omnia
620 1962 719 2001 bona
744 1976 812 2002 sua
835 1962 998 2003 libenter
1022 1964 1058 2003 in
1083 1965 1171 2004 illud
1195 1965 1409 2019 impendat,
1442 1973 1482 2005 ut
1506 1966 1625 2006 discat

117 2031 430 2084 quemadmodum
465 2045 514 2070 ex
546 2029 829 2084 Enthymeseos
863 2030 1065 2086 lacrymis,
1111 2033 1261 2083 affecti,
1304 2033 1479 2087 inquam,
1524 2034 1623 2074 illius

115 2098 287 2149 Aeonis,
321 2099 465 2148 maria,
499 2099 623 2138 sontes
649 2112 693 2136 ac
718 2097 870 2138 flumina
896 2099 1102 2153 humorque
1129 2101 1250 2141 omnis
1276 2101 1487 2151 effluxerit,
1521 2101 1624 2141 simi-

115 2165 276 2219 literque
304 2172 342 2206 et
367 2179 418 2206 ex
443 2166 521 2206 risu
549 2166 674 2205 lumen
690 2197 699 2215 ,
746 2173 783 2205 et
806 2179 857 2206 ex
883 2166 1037 2221 stupore
1060 2181 1103 2208 ac
1127 2168 1264 2208 mentis
1288 2168 1414 2223 inopia
1439 2183 1623 2223 corporea

116 2233 241 2273 mundi
266 2232 454 2274 elementa
477 2234 649 2288 profecta
670 2233 771 2272 sint?
811 2232 912 2274 Volo
934 2234 1105 2289 equidem
1127 2236 1296 2276 nonnihil
1316 2237 1465 2276 illorum
1488 2237 1622 2277 inven-

115 2300 162 2341 tis
195 2315 261 2355 pro
287 2301 387 2341 virili
414 2303 606 2341 conferre.
670 2300 859 2354 Quoniam
887 2303 985 2348 enim
1012 2317 1192 2357 aquarum
1221 2304 1349 2344 dulces
1374 2303 1468 2343 alias
1492 2304 1618 2355 video,

114 2375 243 2423 utpote
268 2370 390 2409 sontes
414 2377 451 2409 et
476 2368 650 2418 flumina,
684 2368 853 2421 pluvias,
887 2377 924 2410 et
945 2371 981 2410 id
1007 2385 1126 2425 genus
1148 2371 1335 2425 reliquas,
1369 2371 1485 2422 alias,
1518 2372 1622 2412 velut

115 2436 298 2487 marinas,
327 2437 464 2486 salsas,
491 2436 664 2489 suspicor
684 2450 758 2476 non
780 2450 830 2477 ex
850 2437 931 2478 eius
950 2438 1131 2494 lacrymis
1153 2453 1285 2479 omnes
1308 2439 1496 2493 erupisse,
1521 2441 1617 2494 quod

113 2511 246 2543 natura
277 2504 402 2544 salsae
434 2504 511 2544 sint
540 2504 755 2558 lacrymae,
798 2506 1029 2560 proindeque
1061 2507 1180 2547 salsas
1209 2507 1392 2546 duntaxat
1422 2521 1539 2561 aquas
1567 2521 1619 2547 ex

113 2571 194 2612 eius
218 2572 395 2627 lacrymis
424 2578 554 2611 enatas
577 2585 679 2612 esse.
742 2569 837 2613 Cum
862 2573 1012 2614 interim
1036 2582 1332 2615 consentaneum
1357 2575 1426 2625 sit,
1460 2575 1616 2615 eandem

109 2722 150 2750 est
171 2716 419 2761 ζωοποιῆσαντα
432 2716 554 2761 ταύτην
571 2715 730 2761 σύνταξιν,
742 2717 786 2759 ’ἐξ
800 2713 843 2761 ἧς
931 2721 961 2754 ¹2.
986 2719 1045 2756 οὖν.
1069 2719 1253 2760 ἀπεικότως
1282 2723 1348 2754 cod.
1370 2724 1440 2753 Ven.

108 2759 177 2805 ἤδη
202 2760 220 2797 ὁ
245 2762 373 2807 κόσμος
396 2768 460 2796 cett.
931 2767 962 2799 3.
986 2767 1090 2810 πηγαὶ
1112 2766 1169 2800 καὶ
1191 2778 1251 2799 non
1274 2770 1355 2799 extat
1376 2769 1408 2798 in
1427 2768 1496 2798 edit.
1518 2769 1614 2807 princ.

166 2808 212 2841 16.
242 2811 322 2841 Verte
350 2817 448 2852 atque
477 2809 522 2841 ita
553 2808 707 2840 materiae
739 2815 842 2841 ortam
887 2814 1024 2844 Primum
1048 2815 1159 2844 adiecit
1182 2815 1286 2844 Petav.
1309 2813 1345 2843 de
1366 2813 1430 2843 cod.
1454 2813 1547 2844 Vatic.

111 2852 323 2885 substantiam
343 2866 431 2893 esse,
457 2866 496 2886 ex
518 2866 579 2898 qua
603 2858 665 2886 cett.
931 2857 961 2889 4.
985 2859 1045 2898 τῆς
1069 2868 1127 2889 om.
1148 2859 1213 2889 cod.
1239 2859 1307 2889 Ven.

156 2897 206 2931 17.
228 2894 297 2941 ἤδη
322 2902 388 2933 cod.
412 2902 483 2932 ven.
931 2903 962 2934 5.
988 2901 1018 2936 ἐν
1052 2904 1138 2935 codd.
1168 2904 1261 2934 vatic.
1297 2904 1391 2934 venet.
1437 2901 1490 2937 ἐπὶ
1510 2905 1618 2944 reliqui

155 2941 229 2973 Cn.
251 2945 378 2978 xv111.
413 2965 455 2969 —
492 2945 518 2977 1.
544 2943 650 2978 λοιπὸν
675 2954 734 2976 non
757 2946 843 2977 habet
888 2949 968 2979 libri.

109 2987 175 3018 cod.
195 2989 263 3020 Ven.
