2034 3267
211 919 276 946 pag.
295 910 336 937 97.

361 221 432 258 194
904 217 1060 249 SANCTl
1085 217 1304 248 EplpHANu

356 308 489 357 γαμεῖν
514 301 711 346 θέλουσιν,
752 297 906 347 ἔχουσαι
937 295 1074 346 κρίμα,
1116 291 1176 333 ὅτι
1203 291 1273 343 τήν
1306 292 1462 346 πρώτην
1492 299 1616 336 πίστιν
1643 293 1858 347 ἠθέτησαν·

358 368 448 410 ἄλλα
470 368 716 421 γαμείτωσαν,
746 362 1099 408 τεκνοποιείτωσαν,
1130 360 1529 401 οἶκοδεσποτείτωσαν.
1588 363 1643 401 Εἰ
1663 362 1703 402 δὲ
1723 359 1744 402 ὁ
1766 359 1861 401 άπό-

358 439 486 480 στολος
513 432 610 484 λέγει
638 434 895 483 τεκνογονεῖν,
934 428 1236 475 οἰκοδεσποτεῖν,
1277 420 1386 466 οὗτοι
1417 426 1457 467 δὲ
1486 433 1764 482 παραιτοῦνται
1794 425 1863 479 τήν

354 500 619 552 τεκνογονίαν,
649 495 776 546 ὅφεώς
796 497 874 537 ἐστι
896 495 962 535 καὶ
977 499 1100 546 κακῆς
1121 495 1368 539 διδασκαλίας
1387 491 1428 533 τό
1455 494 1685 548 ἐπιχείρημα.
1724 493 1861 535 ‘Ham'-

355 582 461 619 μενοι
484 563 555 619 γάρ
578 569 624 620 τῇ
645 561 768 619 ἡδονῇ
792 567 861 615 τῆς
882 564 1065 616 πορνείας
1085 562 1307 602 ἐπινοοῦσιν
1328 560 1477 607 ἑαυτοῖς
1499 558 1740 615 ἀκαθαρσίας
1770 578 1864 616 προ-

357 631 512 684 φάσεις,
551 630 660 678 ὅπως
693 629 831 679 δόξωσι
861 633 1120 683 πληροφορεῖν
1150 626 1219 680 τὴν
1248 628 1394 668 ἑαυτῶν
1414 624 1617 681 ἀσέλγειαν.
1677 631 1756 671 Καὶ
1786 631 1864 670 ἔδει

357 699 426 753 μὲν
451 697 611 751 άληθῶς
635 702 754 738 ταῦτα
779 696 873 749 μήτε
903 697 1097 750 λέγεσθαι,
1138 693 1231 747 μήτε
1257 696 1296 736 ἐν
1321 692 1559 748 συντάγμασι
1587 698 1865 743 καταξιοῦσθαι

357 765 600 822 γράφεσθαι,
628 764 856 806 θάπτεσθαι
883 763 923 804 δὲ
955 761 1081 816 ὥςπερ
1106 761 1246 816 νεκρόν
1277 779 1362 802 τινα
1388 759 1566 802 ὀδωδότα
1597 763 1664 802 καὶ
1696 762 1863 816 λοιμώδη

358 832 567 887 ἀποφοράν
585 833 770 881 πνέοντα,
799 833 864 872 ἵνα
886 828 938 883 μὴ
963 831 1029 870 καὶ
1053 827 1100 870 δι’
1123 827 1244 882 άκοῆς
1272 828 1485 881 λυμήνηται
1507 828 1597 876 τούς
1617 827 1864 880 άνθρώπους.

362 902 439 942 Καὶ
467 902 501 941 εἰ
530 900 596 953 μὲν
622 897 878 953 παρεληλύθει
906 895 932 950 ἡ
952 895 1110 948 τοιαύτη
1134 898 1296 949 αἵρεσις,
1327 897 1393 936 καὶ
1417 894 1544 937 οὐκέτι
1567 891 1613 949 ἧν
1636 898 1676 937 ἐν
1696 902 1749 953 τῷ
1779 899 1866 953 βίῳ,

357 966 508 1023 άγαθόν
531 962 579 1020 ἦν
601 965 743 1019 ταύτην
765 964 919 1017 θάψαι,
948 965 1015 1005 καὶ
1037 962 1129 1016 μήτε
1157 962 1254 1011 ὅλως
1272 964 1360 1015 περὶ
1380 961 1497 1015 αὐτῆς
1521 966 1653 1004 εἰπεῖν.
1708 962 1865 1016 Ἐπειδὴ

358 1036 400 1077 δὲ
420 1036 487 1076 καὶ
511 1035 587 1075 ἔστι
607 1034 672 1075 καὶ
698 1031 914 1087 πράττεται,
945 1030 1238 1085 προετράπημεν
1261 1030 1302 1071 δὲ
1324 1028 1400 1071 ὑπὸ
1425 1035 1491 1082 τῆς
1516 1029 1625 1083 ὑμῶν
1648 1030 1868 1084 τιμιότητος

358 1103 447 1156 περὶ
471 1100 628 1142 πάντων
647 1101 787 1150 εἰπεῖν,
818 1100 913 1153 μέρη
931 1097 1050 1150 αὐτῆς
1073 1097 1313 1152 διηγησάμην
1338 1096 1619 1152 ἀναγκασθεὶς,
1650 1101 1714 1139 ἵνα
1736 1097 1778 1140 τό
1803 1115 1867 1150 φι-

359 1168 524 1221 λάληθες
545 1167 597 1221 μὴ
621 1165 928 1221 παρασιωπήσω,
960 1163 1051 1205 α’λλά
1072 1163 1345 1219 ὑφηγήσομαι,
1376 1166 1429 1212 εἰς
1451 1163 1679 1218 άποτροπήν
1701 1166 1769 1218 μὲν
1789 1170 1867 1206 τῶν

361 1235 603 1285 ἀκουόντων,
644 1236 698 1282 εἰς
731 1232 913 1286 αἰσχύνην
945 1232 985 1273 δὲ
1016 1237 1093 1273 τῶν
1122 1231 1379 1286 πραττόντων.
1439 1231 1577 1272 Πόθεν
1600 1232 1670 1286 γάρ
1696 1232 1767 1274 οὐκ
1788 1235 1868 1285 ἔχο-

362 1320 428 1356 μεν
453 1305 571 1351 δεῖξαι
602 1300 694 1349 τούς
725 1298 814 1352 παρ’
847 1298 978 1346 αὐτοῖς
1009 1297 1158 1349 φόνους
1186 1300 1252 1339 καὶ
1283 1297 1475 1351 τερατώδη
1505 1300 1597 1353 ἔργα
1628 1301 1694 1340 καὶ
1722 1299 1869 1348 τελετάς

361 1369 544 1422 διαβόλου
574 1370 611 1417 ἐξ
641 1369 813 1415 ἐπινοίας
841 1370 910 1407 τοῦ
941 1363 1061 1406 αὐτοῦ
1092 1364 1276 1418 διαβόλου
1305 1371 1386 1414 τοῖς
1416 1367 1783 1420 ἐμβεβροντημένοις
1803 1369 1864 1408 δο-

361 1440 516 1485 θείσας,·

476 1705 555 1745 Καὶ
579 1702 701 1753 εὗθύς
722 1704 789 1756 μὲν
809 1698 880 1746 οῦν
899 1703 1110 1758 ἐλέγχονται
1134 1704 1188 1751 εἷς
1217 1702 1239 1744 ὃ
1261 1706 1559 1754 φαντασιοῦνται
1589 1704 1655 1744 καὶ
1676 1705 1868 1758 προφασί-

365 1777 489 1823 ζονται
512 1773 600 1826 περὶ
623 1776 692 1812 τοῦ
715 1770 828 1820 ξύλου
850 1775 919 1812 τοῦ
940 1773 979 1812 ἐν
998 1775 1050 1826 τῷ
1073 1769 1214 1827 πρώτῳ
1242 1774 1385 1826 Ψαλμῷ
1407 1771 1608 1824 εἰρημένου
1631 1770 1710 1821 ὅτι,
1741 1770 1869 1812 Δώσει

364 1839 430 1881 τόν
454 1838 603 1892 καρπόν
627 1837 747 1880 αὑτοῦ
773 1840 813 1880 ἐν
838 1843 960 1894 καιρῷ
991 1836 1131 1887 αὑτοῦ,
1171 1839 1238 1878 καὶ
1261 1836 1302 1878 τό
1326 1836 1468 1888 φύλλον
1498 1836 1618 1878 αὐτοῦ
1652 1837 1725 1879 ούκ
1749 1836 1869 1892 άπορ-

365 1905 557 1961 ρυήσεται.
615 1904 807 1959 Ἀνωτέρω
839 1904 911 1960 γάρ
946 1911 1068 1946 κεῖται
1095 1904 1174 1955 ὅτι,
1215 1903 1280 1945 Ἐν
1313 1909 1365 1961 τῷ
1395 1903 1499 1960 νόμῳ
1532 1904 1652 1946 αὐτοῦ
1682 1904 1870 1958 μελετήσει

364 1972 509 2029 ’ἡμέρας
542 1974 608 2013 καὶ
641 1972 791 2020 νυκτός.
852 1971 990 2024 Νόμον
1016 1973 1056 2013 δὲ
1083 1967 1192 2013 οὗτοι
1220 1973 1286 2013 καὶ
1314 1970 1514 2025 προφήτας
1543 1971 1758 2026 ἀρνοῦνται.
1819 1974 1874 2012 Εἰ

366 2042 406 2082 δὲ
426 2040 547 2094 νόμον
574 2043 713 2093 κυρίου
741 2037 967 2093 άρνοῦνται,
1008 2038 1077 2080 σύν
1105 2044 1157 2095 τῷ
1188 2038 1295 2096 νόμῳ
1323 2041 1388 2080 καὶ
1418 2040 1483 2080 τόν
1506 2039 1719 2092 λαλήσαντα
1748 2041 1789 2081 ἐν
1817 2044 1870 2096 τῷ

364 2107 470 2165 νόμῳ
494 2111 793 2158 συκοφαντοῦσι.
854 2110 1085 2147 Πλανῶνται
1114 2105 1268 2148 δὲκαθ’
1290 2105 1478 2148 ’ὑπόνοιαν
1506 2108 1572 2147 καὶ
1603 2106 1871 2148 ἐκπεπτώκασι

363 2181 431 2228 τῆς
455 2173 656 2228 άληθείας,
686 2176 810 2228 κρίσιν
842 2190 880 2213 τε
903 2172 971 2226 οὐχ
1003 2172 1205 2227 ἡγοῦνται,
1249 2173 1336 2216 οὕτε
1367 2173 1571 2215 ἀνάστασιν
1605 2172 1868 2228 ὁμολογοῦσιν.

351 2242 455 2283 4’Όσα
487 2243 528 2283 δὲ
559 2240 793 2295 πράττουσιν
826 2242 866 2282 ἐν
895 2245 947 2296 τῷ
978 2240 1124 2293 στόματι
1153 2241 1300 2296 ἡδονῆς
1331 2244 1480 2294 ἔμπλεοι
1510 2242 1723 2296 γινόμενοι,
1753 2246 1872 2282 ταῦτα

365 2308 684 2364 άποκαρποῦνται
707 2307 1024 2361 ἐκβακχευόμενοι
1046 2315 1128 2357 ταῖς
1154 2315 1222 2351 τοῦ
1244 2311 1427 2362 διαβόλου
1452 2307 1611 2361 ἡδοναῖς
1636 2325 1674 2348 τε
1696 2310 1761 2349 καὶ
1788 2310 1869 2350 ἐπι-

364 2381 551 2429 θυμίαις,
595 2374 647 2424 ὥς
675 2375 800 2428 πάντη
823 2376 888 2416 καὶ
914 2381 1110 2427 πανταχοῦ
1135 2379 1347 2432 ἐλέγχονται
1379 2375 1455 2418 άπό
1485 2381 1554 2417 τοῦ
1587 2380 1657 2428 τῆς
1685 2374 1872 2428 ἄλη-θείας

364 2443 491 2498 λόγου.
548 2442 735 2496 Ἰωάννης
767 2442 838 2497 γάρ
873 2443 988 2496 λέγει,
1033 2445 1091 2483 Εἴ
1111 2461 1168 2492 τις
1191 2446 1355 2498 ἔρχεται,
1387 2444 1504 2496 φησὶ,
1534 2441 1632 2496 πρὸς
1654 2440 1774 2494 ὑμᾶς,
1804 2444 1871 2484 καὶ

366 2509 411 2552 οὐ
437 2511 545 2565 φέρει
569 2510 637 2563 τήν
669 2509 828 2562 διδαχὴν
851 2507 994 2561 ταύτην
1023 2535 1077 2541 -—
1106 2513 1171 2552 καὶ
1196 2515 1330 2561 ποίαν,-
1363 2512 1500 2564 φησὶν·
1539 2509 1565 2562 ἢ
1597 2507 1666 2561 οὐχ
1696 2507 1875 2564 ὁμολογεῖ

368 2576 536 2632 Χριστόν
559 2579 599 2619 ἐν
619 2578 729 2632 σαρκὶ
753 2575 969 2629 ἐληλυθότα
998 2603 1052 2608 —
1080 2575 1331 2633 Ἀντίχριστός
1351 2581 1440 2620 ἐστι.
1500 2578 1578 2618 Καὶ
1604 2581 1676 2618 νῦν
1691 2574 1871 2631 Ἀντίχρι-

364 2660 444 2686 στοι
465 2647 595 2686 πολλοὶ
618 2643 835 2699 γεγόνασιν·
867 2642 918 2691 ὥς
935 2642 987 2696 μή
1009 2649 1084 2684 τῶν
1108 2643 1398 2700 ὁμολογούντων
1419 2644 1486 2686 τόν
1503 2643 1669 2699 Χριστόν
1690 2644 1730 2684 ἐν
1756 2645 1871 2698 σαρκὶ

364 2711 576 2764 ἐληλυθότα
602 2710 865 2766 Ἀντιχρίστων
888 2709 1150 2764 ὑπαρχόντων.
1198 2711 1306 2754 Ἀλλά
1337 2714 1402 2754 καὶ
1433 2711 1548 2760 αὐτὸς
1571 2709 1592 2752 ὁ
1613 2710 1737 2764 σωτὴρ
1759 2713 1869 2765 λέγει,

367 2781 417 2819 Οἱ
433 2780 732 2828 καταξιωθέντες
754 2782 822 2831 τῆς
843 2781 1033 2830 βασιλείας
1056 2783 1132 2819 τῶν
1154 2778 1330 2834 οὐρανῶν
1351 2779 1439 2822 οὔτε
1460 2784 1666 2833 γαμοῦσιν,
1697 2777 1784 2819 οὕτε
1805 2796 1870 2832 γα-

364 2848 547 2897 μίζονται,
579 2844 654 2886 ἄλλ’
680 2846 866 2900 ἰσάγγελοί
887 2846 989 2885 εἰσιν.
1053 2844 1110 2885 Οὐ
1134 2845 1254 2898 μόνον
1279 2848 1340 2897 δὲ,
1381 2845 1472 2888 omo}
1494 2847 1559 2886 καὶ
1589 2848 1651 2886 ἴνα
1677 2848 1778 2902 δείξῃ
1803 2844 1871 2898 τήν

363 2917 467 2965 σαφῆ
490 2910 642 2966 ἁγνείαν
665 2914 729 2953 καὶ
754 2911 824 2965 τήν
845 2910 909 2953 διά
931 2916 999 2953 τοῦ
1022 2910 1187 2966 άγιάζειν
1209 2912 1445 2969 άγιαστείαν,
1477 2912 1617 2965 φάσκει
1644 2917 1690 2970 τῇ
1718 2915 1870 2968 Μαρία,
