2034 3267
191 263 255 290 pag.
273 254 330 281 285.

176 1192 251 1234 Κεφ
287 1190 327 1235 γ’.

192 2435 256 2462 pag.
275 2426 331 2453 286.

184 2828 269 2871 Κεφ.
291 2826 331 2862 δ’.

349 159 428 197 524
898 158 1056 191 εΑΝοΤῐ
1086 157 1309 190 EPIPHANH

350 256 485 293 ναμιν,
524 240 587 279 καὶ
614 238 919 289 2καταλαβοῦσα
942 236 982 276 ἒν
1006 232 1104 290 αὐτῇ
1127 234 1278 287 σπέρμα
1298 237 1368 285 τῆς
1390 231 1544 276 ἄνωθεν
1562 233 1776 288 Δυνάμεως
1797 236 1865 277 καὶ

349 306 414 348 τόν
437 309 636 357 σπινθῆρα
657 302 723 344 τὸν
744 302 897 344 ἄνωθεν
918 302 1149 354 πεμφθέντα
1171 301 1225 348 εἷς
1245 298 1401 354 πρώτην
1420 301 1637 355 καταβολὴν
1658 307 1727 344 τοῦ
1750 303 1864 357 σπέρ-

349 390 468 425 ματος
496 373 561 413 καὶ
586 370 818 419 συστάσεως·
859 370 926 411 καὶ
951 366 1049 410 εἶναι
1069 366 1212 420 ταύτην
1234 366 1416 408 σύστασιν
1435 373 1505 420 τῆς
1525 368 1774 422 δικαιοσύνης
1799 371 1866 411 καὶ

348 438 508 494 ἐκλογὴν
541 439 755 492 σπέρματος
783 439 849 479 καὶ
879 437 1031 491 γένους·
1073 435 1181 484 ὅπως
1211 433 1276 476 διὰ
1303 439 1372 488 τῆς
1395 433 1536 488 ταύτης
1558 437 1776 486 συστάσεως
1799 438 1866 479 καὶ

347 507 487 549 τούτου
508 511 577 548 τοῦ
603 507 821 558 σπέρματος
842 507 1135 559 καθαιρεθῶσιν
1158 504 1200 544 αἱ
1217 501 1400 555 δυνάμεις
1422 507 1499 543 τῶν
1517 501 1683 557 άγγέλων
1703 510 1780 546 τῶν
1800 504 1866 547 τᾶν

347 575 492 628 κόσμον
514 572 805 626 πεποιηκότων,
843 575 911 614 καὶ
935 570 1026 619 τούς
1049 570 1119 612 δύο
1145 568 1210 611 ἄπ’
1230 568 1349 623 ἅρχῆς
1368 568 1616 624 ἀνθρώπους.
1675 571 1753 613 Διά
1776 571 1865 614 ταύ·

347 661 416 696 την
437 637 510 684 οὗν
530 640 600 694 τὴν
622 642 748 682 αἰτίαν
769 640 836 681 καὶ
856 638 899 680 τὸ
923 640 1032 694 γένος
1055 642 1123 679 τοῦ
1147 637 1242 691 Σήθ
1265 636 1484 692 άφορισθὲν
1507 639 1687 679 ε’ντεῦθεν
1708 639 1864 695 κατάγε-

347 729 428 761 ται,
470 711 626 763 ἐκλογῆς
651 707 696 750 ὂν
720 709 786 748 καὶ
810 707 1101 761 διακεκριμένον
1123 709 1193 747 τοῦ
1216 704 1329 747 ἄλλου
1354 706 1500 760 γένους.
1563 707 1866 760 Προβαινόντων

349 779 388 819 δὲ
409 781 486 819 τῶν
509 781 674 830 καιρῶν,
715 776 831 826 φασὶ,
870 776 936 816 καὶ
959 772 1057 827 ὁμοῦ
1084 772 1206 814 ὄντων
1230 777 1307 814 τῶν
1330 772 1400 814 δύο
1426 777 1568 827 γενῶν,
1609 778 1678 814 τοῦ
1701 790 1740 814 τε
1764 774 1868 816 Κάϊν

348 847 414 887 καὶ
440 850 509 886 τοῦ
526 843 643 897 ’Ἅβελ
675 845 727 892 εἰς
750 841 792 884 τὸ
819 841 911 884 αὐτὸ
939 840 1207 882 συνελθόντων
1232 839 1296 882 διά
1319 843 1458 882 κακίαν
1478 839 1638 893 πολλὴν,
1677 842 1744 882 καὶ
1768 840 1868 895 ὁμοῦ

348 915 583 967 μιχθέντων,
623 909 880 965 ἀποβλέψασα
910 907 935 962 ἡ
965 908 1121 950 πάντων
1152 907 1298 962 Μήτηρ
1328 907 1508 963 καθαρόν
1537 906 1580 949 τό
1612 909 1762 963 σπέρμα
1791 914 1868 951 τῶν

349 980 575 1036 ἀνθρώπων
598 977 808 1032 ἠβουλήθη
833 975 1145 1032 ἀπεργάσασθαι,
1187 974 1239 1024 ὥς
1261 982 1471 1031 προεῖπον,
1513 975 1576 1017 δια
1601 974 1643 1017 τὸ
1667 974 1735 1017 τόν
1751 975 1869 1029 ’Ἅβελ

349 1048 603 1097 οἷπεκτάνθαι,
629 1047 694 1087 καὶ
715 1050 851 1087 τοῦτον
873 1043 940 1086 τόν
961 1042 1054 1096 Σήθ
1075 1044 1276 1094 ἐξελέξατο,
1299 1045 1365 1085 καὶ
1385 1042 1566 1098 καθαρόν
1588 1045 1716 1094 ἔδειξε,
1742 1045 1808 1085 καὶ
1830 1046 1869 1087 ἐν

350 1115 473 1173 τούτῳ
503 1115 545 1156 τό
567 1115 676 1169 γένος
698 1112 804 1169 μόνῳ
832 1117 899 1165 τῆς
919 1110 1038 1164 αὐτῆς
1061 1111 1263 1164 δυνάμεως
1285 1112 1351 1152 καὶ
1373 1111 1646 1166 καθαρότητος
1669 1113 1868 1155 κατέθετο.

463 1182 615 1224 Ἰδοῧσα
634 1182 675 1222 δὲ
694 1179 810 1222 πάλιν
827 1177 969 1232 πολλὴν
991 1181 1183 1232 ἐπιμιξίαν
1203 1180 1267 1220 καὶ
1286 1177 1449 1220 ἄτακτον
1468 1177 1589 1233 ὁρμὴν
1607 1184 1684 1220 τῶν
1702 1179 1869 1235 άγγέλων

349 1252 414 1293 καὶ
434 1255 510 1292 τῶν
532 1247 777 1303 ἀνθρώπων,
808 1249 861 1295 εἰς
884 1249 986 1298 μίξιν
1009 1251 1084 1287 τῶν
1107 1245 1177 1287 δύο
1200 1251 1320 1300 γενῶν
1342 1246 1555 1297 ἐλθόντων,
1584 1248 1650 1288 καὶ
1670 1247 1869 1296 συστάσεις

348 1323 469 1374 γενῶν
488 1334 592 1365 τινας
611 1315 681 1369 τήν
702 1314 831 1356 αὐτῶν
850 1313 1008 1363 άταξίαν
1027 1312 1306 1366 ἕμποιήσασαν,
1333 1320 1571 1369 πορευθεῖσα
1592 1313 1707 1356 πάλιν
1727 1313 1752 1368 ἦ
1770 1313 1867 1368 αὖτή

350 1385 498 1439 Μήτηρ
518 1401 557 1425 τε
577 1385 643 1425 καὶ
669 1382 808 1436 Θήλεια
833 1380 1101 1434 κατακλυσμὸν
1123 1380 1277 1436 ἤνεγκε,
1307 1383 1374 1423 καὶ
1396 1379 1565 1424 οἷπώλεσε
1587 1387 1715 1424 πᾶσαν
1736 1382 1868 1424 στάσιν

348 1452 564 1507 ἀνθρώπου
594 1449 741 1498 παντός
769 1450 906 1505 γένους
936 1451 1128 1491 ε’ναντίου·
1166 1450 1231 1489 ’ἴνα
1261 1452 1384 1502 δῆθεν
1412 1449 1455 1490 τὸ
1482 1449 1662 1505 καθαρόν
1684 1451 1793 1505 γένος
1821 1450 1865 1492 τό

348 1519 423 1562 άπὸ
448 1524 516 1561 τοῦ
542 1517 656 1572 Σήθ,
695 1519 759 1559 καὶ
782 1520 953 1567 δίκαιον,
996 1516 1116 1569 μόνον
1137 1519 1244 1574 μείνῃ
1268 1518 1307 1558 ἐν
1326 1516 1477 1575 κόσμῳ,
1518 1519 1572 1566 εἰς
1593 1516 1772 1559 σύστασιν
1795 1523 1865 1560 τοῦ

348 1588 502 1630 ἄνωθεν
525 1588 661 1642 γένους
684 1602 723 1627 τε
747 1586 812 1626 καὶ
835 1589 1055 1639 σπινθῆρος
1080 1589 1148 1637 τῆς
1172 1583 1428 1637 δικαιοσύνης.
1476 1583 1654 1627 ’Έλαθον
1681 1586 1722 1627 δὲ
1744 1583 1865 1639 αὐτὴν

346 1655 461 1698 πάλιν
492 1657 531 1696 οἱ
553 1653 702 1709 ἄγγελοι
731 1654 797 1694 καὶ
829 1654 1026 1701 εἰςέδυσαν
1052 1651 1118 1694 τόν
1147 1651 1239 1705 Χοὶμ
1268 1654 1321 1701 εἰς
1349 1651 1417 1705 τὴν
1446 1651 1634 1705 κιβωτὸν,
1676 1651 1768 1694 ὄντα
1795 1657 1865 1695 τοῦ

348 1722 477 1765 αὐτῶν
496 1723 723 1775 σπέρματος.
771 1719 891 1762 Ὀκτῶ
915 1719 986 1775 γάρ
1008 1724 1146 1773 ψυχῶν
1168 1723 1366 1761 σωθεισῶν
1388 1721 1429 1761 έν
1447 1725 1493 1777 τῇ
1512 1719 1597 1762 τότε
1617 1719 1776 1776 λάρνακι
1796 1726 1868 1763 τοῦ

351 1795 443 1832 Νῶε
473 1788 567 1830 ἑπτα
599 1789 666 1841 μὲν
693 1786 789 1829 εἶναι
816 1793 884 1829 τοῦ
909 1791 1091 1842 καθαροῦ
1114 1788 1250 1842 γένους
1275 1791 1388 1840 φασί·
1429 1786 1494 1829 τόν
1524 1788 1564 1828 δὲ
1589 1789 1655 1829 ἕνα
1680 1786 1777 1830 εἶναι
1800 1787 1867 1830 τὸν

351 1857 442 1911 Χάμ
469 1862 537 1910 τῆς
568 1855 680 1908 ἄλλης
712 1855 912 1908 δυνάμεως
943 1853 1186 1910 ὑπάρχοντα,
1228 1855 1273 1897 ὃν
1299 1857 1468 1903 εἰςδῦναι
1492 1854 1662 1896 λαθόντα
1689 1855 1759 1909 τήν
1786 1854 1866 1897 ἅνω

349 1927 524 1980 Μητέρα.
584 1921 679 1964 Ὑπὸ
705 1927 782 1964 τῶν
805 1921 970 1977 άγγέλων
993 1924 1034 1964 δὲ
1056 1922 1097 1964 td
1123 1927 1275 1964 τοιοῦτο
1300 1923 1562 1964 συσκευασθὲν
1584 1922 1707 1972 οὕτως
1728 1922 1865 1965 άποτε-

347 1998 550 2046 λεσθῆναι·
590 1989 746 2042 Ἐπειδὴ
771 1988 866 2045 γάρ,
907 1992 1046 2041 φασὶν,
1086 1992 1257 2044 ἔγνωσαν
1279 1992 1320 2032 οἵ
1343 1989 1491 2045 ἄγγελοι
1515 1990 1572 2032 ὅτι
1596 1991 1696 2043 μέλει
1719 1996 1797 2032 πᾶν
1821 1990 1865 2033 τό

348 2062 497 2115 σπέρμα
527 2057 655 2100 αὐτῶν
684 2056 968 2108 άπαλείφεσθαι
998 2059 1039 2099 ἐν
1065 2062 1118 2114 τῷ
1138 2062 1411 2114 κατακλυσμῷ,
1453 2061 1670 2114 πανουργίᾳ
1698 2060 1773 2100 τινὶ
1799 2058 1867 2101 τόν

348 2128 630 2183 προειρημένον
665 2123 757 2177 Χαμ
791 2126 844 2172 εἰς
873 2125 1098 2180 διατήρησιν
1125 2130 1194 2167 τοῦ
1221 2122 1288 2166 ὕπ’
1319 2124 1446 2167 αὐτῶν
1474 2126 1699 2174 κτισθέντος
1729 2127 1867 2181 γένους

348 2201 416 2249 τῆς
439 2197 577 2243 κακίας
599 2193 884 2247 παρειςέβαλον.
945 2194 1025 2233 Καὶ
1055 2195 1095 2234 ἐκ
1119 2192 1261 2234 τούτου
1282 2192 1388 2247 λήθη
1417 2195 1482 2235 καὶ
1511 2192 1634 2246 πλάνη
1663 2195 1750 2249 περὶ
1774 2193 1867 2244 τούς

350 2262 609 2316 ἀνθρώπους,
648 2261 714 2301 καὶ
744 2259 899 2301 ἄτακτοι
928 2261 1049 2315 φοραὶ
1072 2259 1375 2315 ἁμαρτημάτων,
1417 2263 1482 2303 καὶ
1504 2263 1707 2313 πολυμιξία
1728 2265 1867 2311 κακίας

350 2333 389 2373 ἐν
417 2335 469 2388 τῷ
492 2329 625 2386 κόσμῳ
652 2329 868 2383 γεγένηται·
908 2329 975 2368 καὶ
999 2326 1123 2376 οὕτως
1148 2326 1171 2369 ὁ
1193 2327 1338 2381 κόσμος
1362 2331 1416 2377 εἷς
1435 2328 1477 2371 vo*
1504 2327 1661 2384 άρχαῖον
1684 2332 1753 2381 τῆς
1776 2328 1866 2371 ἄτα-

352 2401 434 2448 ξίας
463 2393 583 2445 αὖθις
612 2394 834 2449 α’νέκαμψε,
875 2397 942 2437 καὶ
971 2395 1185 2449 ἐνεπλήσθη
1215 2401 1367 2447 κακῶν,
1409 2395 1461 2446 ὥς
1491 2397 1528 2446 ἐξ
1551 2394 1667 2451 ἀρχῆς
1695 2395 1772 2451 πρὸ
1796 2402 1867 2439 τοῦ

353 2469 633 2518 κατακλυσμοῦ.
691 2461 785 2504 Ἀπὸ
820 2464 862 2504 δὲ
891 2467 961 2504 τοῦ
985 2462 1080 2515 Σὴθ
1103 2463 1200 2504 κατα
1221 2465 1371 2519 σπέρμα
1399 2465 1465 2506 καὶ
1486 2462 1583 2505 κατα
1604 2463 1787 2517 διαδοχήν
1807 2466 1867 2520 γε’-

353 2551 446 2582 νους
470 2531 492 2575 ὁ
518 2531 685 2587 Χριστὸς
710 2527 830 2584 ἦλθεν
855 2529 971 2579 αὐτὸς
990 2529 1152 2584 Ἰησοῦς,
1183 2529 1268 2585 οὐχὶ
1289 2530 1386 2572 κατα
1413 2533 1622 2586 1γέννησιν,
1652 2529 1745 2572 ἄλλα
1765 2538 1864 2574 θαυ-

355 2605 505 2653 μαστῶς
535 2602 575 2642 ἐν
603 2605 655 2657 τῷ
685 2598 818 2656 κόσμῳ
848 2596 1049 2651 πεφηνώς,
1087 2598 1132 2647 ὅς
1161 2600 1260 2641 ἐστιν
1290 2597 1407 2648 αὕτός
1435 2597 1457 2641 ὁ
1487 2598 1580 2652 Σὴθ
1607 2597 1630 2640 o‘
1657 2600 1761 2650 τότε,
1800 2602 1866 2642 καὶ

356 2667 522 2722 Χριστὸς
551 2671 623 2708 νῦν
649 2665 903 2719 ἐπιφοιτήσας
925 2670 978 2723 τῷ
1004 2666 1102 2721 γένει
1125 2671 1202 2708 τῶν
1226 2665 1468 2722 ἀνθρώπων,
1508 2665 1586 2708 dmi
1610 2671 1680 2720 τῆς
1701 2667 1868 2723 Μητρὸς

353 2735 507 2778 ἄνωθεν
538 2733 827 2787 ἀπεσταλμένος.

471 2808 599 2844 Ταῦτα
631 2801 757 2843 πάντα
796 2800 897 2844 οὕτω
930 2804 1160 2856 γεγενῆσθαί
1191 2815 1311 2854 φασιν
1342 2804 1491 2844 ἐκεῖνοι.
1556 2800 1688 2856 Μωροὶ
1727 2802 1768 2843 δὲ
1799 2804 1865 2845 καὶ

396 2906 426 2937 2.
447 2906 679 2949 καταβαλοῦσα
695 2908 840 2938 petavius
852 2907 984 2937 coniecit.
1016 2907 1089 2937 Cor·
1134 2911 1249 2943 tutem,
1277 2916 1372 2948 quum
1389 2904 1582 2947 suscepisset
1601 2903 1632 2935 in
1651 2904 1788 2947 seipsam
1809 2916 1865 2937 se-

353 2953 459 2984 narius
478 2955 584 2983 vertit:
605 2957 638 2982 et
656 2951 688 2982 iu
707 2950 770 2982 hoc
789 2950 898 2994 posuit
914 2961 1002 2982 suam
1020 2949 1088 2981 vir-
1135 2961 1206 2981 men
1229 2961 1386 2993 supernae
1406 2949 1549 2990 virtutis,
1576 2955 1608 2981 et
1628 2950 1802 2982 scintillam
1825 2961 1864 2983 ex
