2034 3267
489 209 664 242 PANARH
689 211 770 242 LIB.
790 212 812 243 Ι.
838 213 942 244 ΤΟΜ.
963 213 1000 244 ll.
1026 212 1153 244 HAER.
1175 213 1308 244 XXXI.
1579 208 1652 246 341

129 304 190 331 me
222 304 243 330 a
270 303 311 329 se
342 287 572 342 excogitatis
604 289 799 342 praeclare
825 290 871 330 ab
895 290 978 331 aliis
1008 290 1106 331 dicta
1137 292 1327 332 violenter
1352 293 1653 334 accommodant.

136 357 276 412 Neque
308 371 357 397 ex
389 356 620 410 evangelicis
652 357 771 397 solum
800 358 1097 412 apostolicisque
1128 359 1303 413 scriptis,
1349 374 1508 414 quorum
1537 362 1656 401 inter-

137 425 371 480 pretationes
399 424 626 477 detorquent
652 438 695 463 ac
720 438 857 464 sensus
886 425 1122 476 adulterant,
1168 426 1337 467 rationes
1366 435 1402 467 et
1427 437 1653 482 argumenta

135 493 386 546 conquirunt,
432 506 564 532 verum
598 492 708 532 etiam
747 505 796 531 ex
831 492 914 544 lege
948 507 991 532 ac
1024 493 1216 547 prophetis
1251 503 1474 546 arcessunt,
1524 503 1652 551 utpote

135 574 293 614 quorum
319 559 403 599 libri
430 559 617 614 parabolis
642 567 679 599 et
702 558 894 613 allegoriis
920 560 1053 599 referti
1079 568 1189 611 sunt,
1224 576 1381 615 quarum
1407 577 1548 618 anceps
1574 579 1652 604 am-

132 627 322 682 biguaque
347 627 540 667 sententia
560 628 603 667 ad
626 628 776 667 diversa
797 633 922 680 potest
941 627 1168 680 explicando
1190 628 1370 670 derivari.
1414 629 1512 671 Cum
1534 631 1653 673 inter-

131 695 180 735 im
206 695 269 735 alii
290 695 423 735 iisdem
450 694 522 734 illis
549 694 680 734 callide
707 707 750 733 ac
773 694 1008 734 veteratorie
1029 695 1073 734 ad
1099 709 1286 748 nugarum
1309 711 1463 738 suarum
1488 700 1651 752 patroci-

133 763 235 803 nium
262 762 488 813 abutantur,
531 775 674 814 eosque
697 761 757 814 qui
783 760 820 800 in
845 761 955 801 deum
981 768 1125 815 patrem
1151 763 1448 816 omnipotentem
1476 772 1512 805 et
1536 780 1649 806 unum

133 830 323 870 dominum
355 828 480 870 {esum
510 826 704 869 Christum
737 828 852 868 filium
885 829 943 868 dei
975 829 1150 869 stabilem
1183 830 1403 885 firmamque
1435 832 1542 873 fidem
1575 848 1650 873 non

133 897 371 948 custodiunt,
405 911 426 937 a
456 896 616 936 veritate
648 895 752 935 velut
782 896 954 950 captivos
986 904 1177 937 avertant.

243 963 321 1006 lam
353 977 448 1018 quae
477 969 585 1003 extra
612 961 790 1003 Pleroma
821 970 910 1003 sunt.
940 963 985 1003 ab
1011 964 1084 1004 illis
1110 964 1182 1004 hoc
1208 965 1319 1005 modo
1346 967 1849 1024 constituuntur.eap‚xxr11,

132 1032 408 1088 Enthymesin,
451 1030 521 1070 boc
554 1036 613 1070 est
644 1027 950 1084 Cogitationem,
994 1033 1172 1073 coelestis
1201 1032 1302 1073 illius
1335 1031 1558 1088 Sapientiae
1594 1036 1648 1076 se-

132 1108 221 1141 runt
248 1114 357 1154 quam
383 1104 421 1138 et
444 1097 658 1138 Achamoth
687 1106 927 1153 nuncupant,
962 1113 983 1140 a
1008 1098 1226 1141 Pleromate
1252 1115 1336 1140 cum
1363 1102 1648 1155 perturbatione

131 1174 369 1223 segregatam
392 1166 429 1205 in
456 1165 635 1205 umbrosa
663 1173 701 1205 et
725 1167 850 1206 inania
875 1167 958 1207 loca
988 1168 1177 1208 violenter
1200 1168 1360 1209 eiectam
1388 1169 1522 1210 fuisse.
1586 1169 1648 1211 Si-

131 1236 277 1290 quidem
309 1240 419 1274 extra
451 1233 578 1273 lumen
608 1247 652 1273 ac
677 1232 881 1285 Pleroma,
931 1236 1034 1275 velut
1064 1236 1219 1277 abortus
1251 1237 1425 1291 quidam,
1471 1238 1647 1280 informis

130 1310 240 1357 atque
270 1301 439 1356 impolita
471 1301 722 1352 constiterat,
771 1303 869 1356 quod
904 1303 996 1343 nihil
1027 1304 1182 1344 omnino
1212 1305 1410 1360 percipere
1441 1307 1644 1361 potuisset.

127 1370 250 1411 Huius
273 1369 535 1410 misericordia
560 1377 772 1424 permotum
797 1368 1015 1421 Christum,
1049 1385 1092 1411 ae
1119 1386 1187 1426 per
1208 1371 1372 1413 Crucem
1397 1382 1545 1414 suamet
1567 1376 1644 1415 vir-

126 1445 205 1478 tute
236 1444 475 1493 porrectum,
518 1451 600 1478 eam
634 1445 769 1479 natura
797 1445 908 1479 tenus
935 1453 1010 1479 non
1037 1439 1166 1480 itidem
1194 1441 1413 1494 cognitione
1439 1442 1641 1496 figurasse,

125 1520 245 1561 eaque
271 1520 314 1546 re
340 1507 509 1561 perfecta
536 1520 579 1546 ac
606 1507 745 1546 virtute
772 1520 839 1546 sua
864 1514 1058 1547 contracta
1083 1508 1210 1548 statim
1237 1509 1436 1559 evolasse,
1479 1525 1562 1550 cum
1591 1511 1643 1551 ita

124 1588 207 1614 cam
235 1574 475 1628 reliquisset,
509 1581 550 1614 ut
576 1574 799 1615 calamitatis
825 1588 917 1614 suae
943 1589 1096 1615 sensum
1126 1576 1306 1630 capiens,
1340 1578 1437 1631 quod
1463 1592 1483 1617 a
1508 1576 1642 1619 Plero-

122 1648 223 1682 mate
252 1650 355 1683 esset
386 1642 580 1693 extorris,
621 1642 941 1696 praestantiorum
965 1643 1170 1698 cupiditate
1195 1651 1415 1696 teneretur,
1458 1660 1540 1686 cum
1569 1647 1641 1687 iam

125 1711 240 1751 odore
274 1710 433 1764 quodam
465 1717 569 1750 esset
595 1710 889 1750 immortalitatis
920 1711 1063 1761 afflata,
1109 1725 1217 1765 quem
1250 1712 1285 1752 in
1319 1726 1364 1753 ea
1391 1710 1568 1754 Christus
1598 1729 1642 1755 ac

126 1776 292 1832 Spiritus
322 1785 477 1818 sanetus
509 1778 757 1832 reliquerant.
821 1776 881 1818 Ob
918 1777 954 1818 id
988 1778 1158 1832 utrisque
1192 1780 1372 1834 appellari
1405 1781 1639 1823 nominibus.

123 1844 222 1886 Nam
248 1852 285 1885 et
311 1843 545 1900 Sapientiam
574 1853 730 1899 paterna
757 1845 1011 1900 appellatione
1035 1846 1131 1897 dici,
1165 1848 1262 1901 quod
1290 1848 1371 1888 eius
1398 1847 1545 1889 Parcus
1569 1848 1643 1891 Sa-

125 1913 264 1968 pientia
288 1920 472 1964 vocetur,
517 1921 555 1954 et
579 1912 761 1968 Spiritum
789 1922 984 1963 sanctum,
1033 1914 1079 1954 ab
1105 1928 1150 1954 eo
1177 1916 1237 1969 qui
1263 1930 1346 1956 cnm
1373 1914 1528 1957 Christo
1551 1931 1641 1958 eon-

122 1981 273 2022 iunctus
300 1988 358 2021 est
384 1980 544 2036 Spiritu.
608 1982 642 2020 A
669 1982 804 2035 quibus
832 1982 952 2023 efficta
980 1982 1309 2037 intelligentiaque
1337 1984 1540 2036 decorata,
1574 1987 1639 2026 sed

122 2063 167 2089 eo
189 2049 364 2099 subinde,
397 2050 494 2103 quod
521 2050 556 2089 in
580 2049 642 2089 illa
665 2063 734 2089 nec
757 2050 986 2104 aspectabile
1010 2051 1148 2100 inerat,
1179 2050 1326 2101 Verbo,
1357 2052 1427 2092 hoc
1449 2060 1509 2093 est
1529 2050 1641 2094 Chri-

122 2125 205 2166 sto,
239 2117 422 2171 spoliata,
457 2118 503 2157 ad
526 2117 676 2157 luminis
700 2116 801 2157 illius
824 2118 920 2171 quod
944 2125 1156 2159 evanuerat
1177 2118 1462 2172 inquisitionem
1488 2135 1641 2161 omnem

121 2187 301 2239 impetum
326 2185 559 2234 contulisse,
593 2185 659 2225 sed
682 2184 726 2224 ab
750 2184 859 2225 Horo
881 2185 1106 2240 prohibitam
1132 2187 1221 2226 nihil
1245 2188 1426 2240 consequi
1451 2188 1636 2242 potuisse.

124 2250 211 2305 Quo
237 2259 408 2307 tempore
430 2252 639 2306 contigisse
662 2259 720 2301 ut,
755 2267 837 2293 cum
859 2253 983 2305 illam,
1017 2268 1064 2294 ne
1086 2255 1181 2294 ultra
1204 2255 1475 2305 contenderet,
1510 2254 1640 2296 Horus

127 2325 309 2361 coe'rcerc
340 2320 478 2371 vellet,
522 2319 587 2360 lao
618 2320 841 2361 vocabulum
871 2323 1080 2376 proferret3
1126 2336 1177 2362 ex
1207 2336 1280 2376 quo
1312 2322 1419 2362 vocis
1451 2322 1637 2376 originem

123 2389 347 2442 profectam.
411 2386 507 2429 Cum
540 2388 656 2442 igitur
687 2401 931 2444 perrumpere
971 2389 1114 2430 Horum
1154 2390 1372 2443 nequisset,
1420 2390 1506 2430 ideo
1540 2393 1637 2444 quod

124 2455 411 2510 perturbatione
436 2456 625 2510 implicata
652 2455 908 2508 detineretur,
942 2471 985 2498 ac
1008 2458 1088 2498 sola
1112 2465 1223 2498 extra
1249 2457 1521 2508 remansisset,
1554 2473 1640 2513 per-

122 2523 350 2563 turbationis
384 2523 519 2572 huius,
563 2536 660 2577 quae
687 2523 885 2578 multiplex
916 2533 998 2565 erat
1026 2540 1070 2566 ae
1097 2525 1227 2576 varia,
1270 2525 1439 2579 partibus
1464 2526 1638 2568 omnibus

121 2591 393 2642 succubuisse,
435 2592 685 2645 affectamque
718 2591 848 2633 dolore
882 2594 1066 2647 primum,
1109 2594 1207 2647 quod
1239 2593 1332 2632 nihil
1364 2602 1539 2634 assecuta
1571 2595 1635 2646 sit,

166 2735 196 2771 4.
220 2737 452 2772 ἐπικτανῖςέντα
475 2740 540 2770 cod.
566 2741 636 2770 Ven.
900 2743 945 2772 illi
964 2743 1089 2781 genitivi
1104 2751 1157 2779 per
1177 2742 1352 2780 epexegesim
1373 2741 1522 2773 trahenda
1543 2743 1585 2774 ad
1603 2752 1640 2775 ea

167 2783 196 2815 ὃ.
221 2785 408 2817 καταλιπεῖν
434 2780 558 2826 αὐτὴν,
583 2780 675 2821 ὅπως
698 2786 856 2817 voluerunt
901 2796 978 2826 quae
1000 2790 1227 2826 praecesserant
1261 2788 1350 2817 verba
1377 2781 1483 2829 ὀδμήν
1508 2782 1638 2829 destup-

124 2830 244 2860 rescribi
265 2839 302 2860 ex
323 2833 379 2860 vet.
402 2831 529 2869 Interpr.
576 2831 641 2860 Non
664 2839 739 2868 opus
761 2833 812 2861 est.
904 2830 987 2869 σίας.

166 2871 198 2904 6.
221 2875 268 2905 lta
291 2875 356 2905 cod.
381 2876 450 2905 Ven.
503 2876 595 2914 anyo
620 2870 735 2915 αὐτὴν.
947 2878 978 2908 ὅ.
1002 2878 1048 2909 Ila
1071 2878 1136 2908 cod.
1161 2878 1228 2907 t'en.
1242 2899 1251 2915 ,
1285 2877 1463 2915 conspirans
1485 2886 1554 2908 cum
1579 2879 1636 2909 Vct.

168 2915 199 2948 7.
225 2919 424 2950 Correxerunt
441 2917 503 2952 ὕπὸ
525 2919 582 2952 τοῦ
605 2918 667 2959 Χρ.
687 2929 724 2950 ex
738 2922 858 2952 vet.1n-
901 2923 1028 2961 lnterpr.
1076 2923 1171 2961 Vulgo
1194 2915 1344 2961 ἀοράτου.

125 2965 214 2999 terpr.
247 2964 368 2995 Retineo
383 2966 544 3004 vulgatam
558 2966 753 3003 scripturam,
766 2975 858 3004 quam
948 2965 979 2998 9.
1005 2963 1101 3008 μόνον
1125 2967 1190 2997 cod.
1218 2968 1288 2997 Ven.

125 3007 246 3045 quidem
269 3009 338 3039 libri
362 3012 480 3040 tuentur
503 3011 563 3041 mei
586 3018 707 3047 onzues,
741 3013 774 3041 ue
801 3012 859 3042 sint
953 3011 1001 3043 10.
1025 3010 1082 3044 καὶ
1105 3010 1305 3052 πολυμεροῦς
1329 3012 1393 3043 cod.
1416 3014 1485 3043 Veri.
