<?xml version="1.0" encoding="UTF-8"?>
<!DOCTYPE html PUBLIC "-//W3C//DTD XHTML 1.0 Transitional//EN"
    "http://www.w3.org/TR/xhtml1/DTD/xhtml1-transitional.dtd">
<html xmlns="http://www.w3.org/1999/xhtml" xml:lang="en" lang="en">
 <head>
  <title>
</title>
<meta http-equiv="Content-Type" content="text/html;charset=utf-8" />
  <meta name='ocr-system' content='tesseract 3.04.00' />
  <meta name='ocr-capabilities' content='ocr_page ocr_carea ocr_par ocr_line ocrx_word'/>
</head>
<body>
  <div class='ocr_page' id='page_1' title='image "./p1corporishaereseo02epipuoft/p1corporishaereseo02epipuoft_0107.png"; bbox 0 0 2034 3267; ppageno 0'>
   <div class='ocr_carea' id='block_1_1' title="bbox 441 175 1632 214">
    <p class='ocr_par' dir='ltr' id='par_1_1' title="bbox 441 175 1632 214">
     <span class='ocr_line' id='line_1_1' title="bbox 441 175 1632 214; baseline 0.003 -3"><span class='ocrx_word' id='word_1_1' title='bbox 441 179 618 212; x_wconf 66' lang='lat' dir='ltr'><strong>PANARn</strong></span> <span class='ocrx_word' id='word_1_2' title='bbox 642 179 742 212; x_wconf 79' lang='lat' dir='ltr'><strong>Anv.</strong></span> <span class='ocrx_word' id='word_1_3' title='bbox 765 180 987 212; x_wconf 80' lang='lat' dir='ltr'>HAERESES</span> <span class='ocrx_word' id='word_1_4' title='bbox 1011 179 1091 212; x_wconf 70' lang='grc' dir='ltr'><strong>ΜΒ.</strong></span> <span class='ocrx_word' id='word_1_5' title='bbox 1114 182 1138 212; x_wconf 87' lang='lat'><strong>1.</strong></span> <span class='ocrx_word' id='word_1_6' title='bbox 1162 181 1267 214; x_wconf 82' lang='lat' dir='ltr'><strong>ToM.</strong></span> <span class='ocrx_word' id='word_1_7' title='bbox 1289 182 1314 214; x_wconf 88' lang='lat'><strong>1.</strong></span> <span class='ocrx_word' id='word_1_8' title='bbox 1581 175 1632 214; x_wconf 82' lang='lat'><strong>95</strong></span> 
     </span>
    </p>
   </div>
   <div class='ocr_carea' id='block_1_2' title="bbox 116 256 1816 1717">
    <p class='ocr_par' dir='ltr' id='par_1_2' title="bbox 121 256 1634 380">
     <span class='ocr_line' id='line_1_2' title="bbox 121 256 1634 313; baseline 0.002 -15"><span class='ocrx_word' id='word_1_9' title='bbox 121 258 260 313; x_wconf 81' lang='lat' dir='ltr'>posuit.</span> <span class='ocrx_word' id='word_1_10' title='bbox 322 256 445 312; x_wconf 82' lang='lat' dir='ltr'>Quem</span> <span class='ocrx_word' id='word_1_11' title='bbox 475 272 558 298; x_wconf 92' lang='lat' dir='ltr'><strong>cum</strong></span> <span class='ocrx_word' id='word_1_12' title='bbox 584 259 658 299; x_wconf 84' lang='lat' dir='ltr'><strong>illis</strong></span> <span class='ocrx_word' id='word_1_13' title='bbox 685 259 876 313; x_wconf 86' lang='lat' dir='ltr'><strong>epularum</strong></span> <span class='ocrx_word' id='word_1_14' title='bbox 904 266 1124 313; x_wconf 88' lang='lat' dir='ltr'><strong>apparatum</strong></span> <span class='ocrx_word' id='word_1_15' title='bbox 1149 259 1382 312; x_wconf 89' lang='lat' dir='ltr'><strong>instrueret,</strong></span> <span class='ocrx_word' id='word_1_16' title='bbox 1424 258 1634 301; x_wconf 80' lang='lat' dir='ltr'><strong>verisimile</strong></span> 
     </span>
     <span class='ocr_line' id='line_1_3' title="bbox 121 325 1033 380; baseline 0 -14"><span class='ocrx_word' id='word_1_17' title='bbox 121 332 181 366; x_wconf 89' lang='lat' dir='ltr'><strong>est</strong></span> <span class='ocrx_word' id='word_1_18' title='bbox 209 339 340 365; x_wconf 88' lang='lat' dir='ltr'><strong>earum</strong></span> <span class='ocrx_word' id='word_1_19' title='bbox 371 333 409 365; x_wconf 87' lang='lat' dir='ltr'><strong>et</strong></span> <span class='ocrx_word' id='word_1_20' title='bbox 438 325 559 380; x_wconf 90' lang='lat' dir='ltr'><strong>ipsum</strong></span> <span class='ocrx_word' id='word_1_21' title='bbox 589 325 809 379; x_wconf 77' lang='lat' dir='ltr'>participem</span> <span class='ocrx_word' id='word_1_22' title='bbox 841 326 1033 366; x_wconf 72' lang='lat' dir='ltr'><strong>extitisse.</strong></span> 
     </span>
    </p>

    <p class='ocr_par' dir='ltr' id='par_1_3' title="bbox 116 391 1816 1717">
     <span class='ocr_line' id='line_1_4' title="bbox 233 391 1810 449; baseline 0.002 -17"><span class='ocrx_word' id='word_1_23' title='bbox 233 391 453 445; x_wconf 79' lang='lat' dir='ltr'><strong>Quinetiam</strong></span> <span class='ocrx_word' id='word_1_24' title='bbox 485 393 583 446; x_wconf 91' lang='lat' dir='ltr'><strong>qnod</strong></span> <span class='ocrx_word' id='word_1_25' title='bbox 620 393 665 432; x_wconf 89' lang='lat' dir='ltr'><strong>ad</strong></span> <span class='ocrx_word' id='word_1_26' title='bbox 695 392 798 431; x_wconf 81' lang='lat' dir='ltr'><strong>illum</strong></span> <span class='ocrx_word' id='word_1_27' title='bbox 830 405 968 444; x_wconf 86' lang='lat' dir='ltr'><strong>agnum</strong></span> <span class='ocrx_word' id='word_1_28' title='bbox 996 393 1132 433; x_wconf 77' lang='lat' dir='ltr'><strong>attinet</strong></span> <span class='ocrx_word' id='word_1_29' title='bbox 1160 393 1198 433; x_wconf 92' lang='lat' dir='ltr'><strong>in</strong></span> <span class='ocrx_word' id='word_1_30' title='bbox 1226 393 1406 449; x_wconf 85' lang='lat' dir='ltr'><strong>Aegypto</strong></span> <span class='ocrx_word' id='word_1_31' title='bbox 1435 408 1456 434; x_wconf 86' lang='lat' dir='ltr'><strong>a</strong></span> <span class='ocrx_word' id='word_1_32' title='bbox 1482 392 1634 445; x_wconf 83' lang='lat' dir='ltr'><strong>Iudaeis</strong></span> <span class='ocrx_word' id='word_1_33' title='bbox 1660 396 1810 440; x_wconf 81' lang='lat' dir='ltr'><strong>Cap.111.</strong></span> 
     </span>
     <span class='ocr_line' id='line_1_5' title="bbox 120 458 1634 514; baseline 0.002 -15"><span class='ocrx_word' id='word_1_34' title='bbox 120 459 378 510; x_wconf 87' lang='lat' dir='ltr'><strong>immolatum,</strong></span> <span class='ocrx_word' id='word_1_35' title='bbox 412 461 493 500; x_wconf 90' lang='lat' dir='ltr'><strong>eins</strong></span> <span class='ocrx_word' id='word_1_36' title='bbox 517 460 573 499; x_wconf 88' lang='lat' dir='ltr'><strong>rei</strong></span> <span class='ocrx_word' id='word_1_37' title='bbox 596 459 780 499; x_wconf 88' lang='lat' dir='ltr'><strong>memoria</strong></span> <span class='ocrx_word' id='word_1_38' title='bbox 806 459 903 510; x_wconf 83' lang='lat' dir='ltr'><strong>apud</strong></span> <span class='ocrx_word' id='word_1_39' title='bbox 928 458 1144 513; x_wconf 84' lang='lat' dir='ltr'><strong>Aegyptios</strong></span> <span class='ocrx_word' id='word_1_40' title='bbox 1168 459 1348 514; x_wconf 90' lang='lat' dir='ltr'><strong>ipsosque</strong></span> <span class='ocrx_word' id='word_1_41' title='bbox 1373 462 1529 502; x_wconf 90' lang='lat' dir='ltr'><strong>deorum</strong></span> <span class='ocrx_word' id='word_1_42' title='bbox 1555 463 1634 502; x_wconf 86' lang='lat' dir='ltr'><strong>cul-</strong></span> 
     </span>
     <span class='ocr_line' id='line_1_6' title="bbox 120 523 1634 582; baseline 0.003 -16"><span class='ocrx_word' id='word_1_43' title='bbox 120 534 226 567; x_wconf 87' lang='lat' dir='ltr'><strong>tores</strong></span> <span class='ocrx_word' id='word_1_44' title='bbox 253 527 438 580; x_wconf 82' lang='lat' dir='ltr'><strong>hodieque</strong></span> <span class='ocrx_word' id='word_1_45' title='bbox 466 532 650 566; x_wconf 82' lang='lat' dir='ltr'><strong>remanet.</strong></span> <span class='ocrx_word' id='word_1_46' title='bbox 711 523 866 564; x_wconf 85' lang='lat' dir='ltr'><strong>Etenim</strong></span> <span class='ocrx_word' id='word_1_47' title='bbox 899 525 969 564; x_wconf 92' lang='lat' dir='ltr'><strong>sub</strong></span> <span class='ocrx_word' id='word_1_48' title='bbox 1002 525 1100 565; x_wconf 91' lang='lat' dir='ltr'><strong>idem</strong></span> <span class='ocrx_word' id='word_1_49' title='bbox 1130 533 1299 580; x_wconf 90' lang='lat' dir='ltr'><strong>tempus,</strong></span> <span class='ocrx_word' id='word_1_50' title='bbox 1343 543 1416 582; x_wconf 89' lang='lat' dir='ltr'><strong>quo</strong></span> <span class='ocrx_word' id='word_1_51' title='bbox 1442 529 1518 569; x_wconf 87' lang='lat' dir='ltr'><strong>illic</strong></span> <span class='ocrx_word' id='word_1_52' title='bbox 1546 530 1634 570; x_wconf 88' lang='lat' dir='ltr'><strong>olim</strong></span> 
     </span>
     <span class='ocr_line' id='line_1_7' title="bbox 121 591 1635 648; baseline 0.002 -14"><span class='ocrx_word' id='word_1_53' title='bbox 121 594 262 648; x_wconf 85' lang='lat' dir='ltr'><strong>pascha</strong></span> <span class='ocrx_word' id='word_1_54' title='bbox 285 595 517 634; x_wconf 85' lang='lat' dir='ltr'><strong>celebratum</strong></span> <span class='ocrx_word' id='word_1_55' title='bbox 543 599 623 642; x_wconf 87' lang='lat' dir='ltr'><strong>est,</strong></span> <span class='ocrx_word' id='word_1_56' title='bbox 656 591 753 644; x_wconf 91' lang='lat' dir='ltr'><strong>quod</strong></span> <span class='ocrx_word' id='word_1_57' title='bbox 777 591 814 630; x_wconf 92' lang='lat' dir='ltr'><strong>in</strong></span> <span class='ocrx_word' id='word_1_58' title='bbox 838 592 942 630; x_wconf 88' lang='lat' dir='ltr'><strong>veris</strong></span> <span class='ocrx_word' id='word_1_59' title='bbox 963 591 1112 631; x_wconf 90' lang='lat' dir='ltr'><strong>initium</strong></span> <span class='ocrx_word' id='word_1_60' title='bbox 1136 600 1248 646; x_wconf 85' lang='lat' dir='ltr'><strong>atque</strong></span> <span class='ocrx_word' id='word_1_61' title='bbox 1273 595 1554 648; x_wconf 82' lang='lat' dir='ltr'><strong>aequinoctium</strong></span> <span class='ocrx_word' id='word_1_62' title='bbox 1576 597 1635 636; x_wconf 86' lang='lat' dir='ltr'><strong>in-</strong></span> 
     </span>
     <span class='ocr_line' id='line_1_8' title="bbox 120 658 1634 715; baseline 0.002 -14"><span class='ocrx_word' id='word_1_63' title='bbox 120 661 230 710; x_wconf 79' lang='lat' dir='ltr'><strong>cidit,</strong></span> <span class='ocrx_word' id='word_1_64' title='bbox 274 661 457 715; x_wconf 87' lang='lat' dir='ltr'><strong>Aegyptii</strong></span> <span class='ocrx_word' id='word_1_65' title='bbox 487 673 618 700; x_wconf 90' lang='lat' dir='ltr'><strong>omnes</strong></span> <span class='ocrx_word' id='word_1_66' title='bbox 649 658 765 697; x_wconf 83' lang='lat' dir='ltr'><strong>minio</strong></span> <span class='ocrx_word' id='word_1_67' title='bbox 790 671 885 697; x_wconf 89' lang='lat' dir='ltr'><strong>oves</strong></span> <span class='ocrx_word' id='word_1_68' title='bbox 910 672 999 697; x_wconf 87' lang='lat' dir='ltr'><strong>suas</strong></span> <span class='ocrx_word' id='word_1_69' title='bbox 1024 658 1216 708; x_wconf 81' lang='lat' dir='ltr'><strong>inficiunt,</strong></span> <span class='ocrx_word' id='word_1_70' title='bbox 1260 674 1330 699; x_wconf 78' lang='lat' dir='ltr'><strong>nee</strong></span> <span class='ocrx_word' id='word_1_71' title='bbox 1355 676 1430 701; x_wconf 91' lang='lat' dir='ltr'><strong>non</strong></span> <span class='ocrx_word' id='word_1_72' title='bbox 1460 670 1497 702; x_wconf 86' lang='lat' dir='ltr'><strong>et</strong></span> <span class='ocrx_word' id='word_1_73' title='bbox 1522 663 1634 704; x_wconf 88' lang='lat' dir='ltr'><strong>arbo·</strong></span> 
     </span>
     <span class='ocr_line' id='line_1_9' title="bbox 120 722 1634 777; baseline 0.001 -9"><span class='ocrx_word' id='word_1_74' title='bbox 120 741 200 776; x_wconf 87' lang='lat' dir='ltr'><strong>res,</strong></span> <span class='ocrx_word' id='word_1_75' title='bbox 233 727 287 768; x_wconf 92' lang='lat' dir='ltr'><strong>uti</strong></span> <span class='ocrx_word' id='word_1_76' title='bbox 311 728 401 767; x_wconf 85' lang='lat' dir='ltr'><strong>ficus</strong></span> <span class='ocrx_word' id='word_1_77' title='bbox 427 734 464 767; x_wconf 88' lang='lat' dir='ltr'><strong>et</strong></span> <span class='ocrx_word' id='word_1_78' title='bbox 485 733 636 766; x_wconf 84' lang='lat' dir='ltr'><strong>caetera</strong></span> <span class='ocrx_word' id='word_1_79' title='bbox 657 724 858 764; x_wconf 82' lang='lat' dir='ltr'><strong>eiusmodi.</strong></span> <span class='ocrx_word' id='word_1_80' title='bbox 916 722 1038 764; x_wconf 88' lang='lat' dir='ltr'><strong>Cuius</strong></span> <span class='ocrx_word' id='word_1_81' title='bbox 1059 725 1208 777; x_wconf 90' lang='lat' dir='ltr'><strong>quidem</strong></span> <span class='ocrx_word' id='word_1_82' title='bbox 1232 726 1327 766; x_wconf 86' lang='lat' dir='ltr'><strong>ritus</strong></span> <span class='ocrx_word' id='word_1_83' title='bbox 1351 730 1501 768; x_wconf 89' lang='lat' dir='ltr'><strong>tametsi</strong></span> <span class='ocrx_word' id='word_1_84' title='bbox 1523 744 1634 770; x_wconf 81' lang='lat' dir='ltr'><strong>caus-</strong></span> 
     </span>
     <span class='ocr_line' id='line_1_10' title="bbox 122 791 1633 845; baseline 0.001 -10"><span class='ocrx_word' id='word_1_85' title='bbox 122 808 201 834; x_wconf 88' lang='lat' dir='ltr'><strong>sam</strong></span> <span class='ocrx_word' id='word_1_86' title='bbox 225 795 419 843; x_wconf 82' lang='lat' dir='ltr'><strong>nesciant,</strong></span> <span class='ocrx_word' id='word_1_87' title='bbox 452 794 550 832; x_wconf 90' lang='lat' dir='ltr'><strong>istud</strong></span> <span class='ocrx_word' id='word_1_88' title='bbox 574 797 701 831; x_wconf 83' lang='lat' dir='ltr'><strong>tamen</strong></span> <span class='ocrx_word' id='word_1_89' title='bbox 726 805 817 845; x_wconf 86' lang='lat' dir='ltr'><strong>prae</strong></span> <span class='ocrx_word' id='word_1_90' title='bbox 838 804 880 831; x_wconf 90' lang='lat' dir='ltr'><strong>se</strong></span> <span class='ocrx_word' id='word_1_91' title='bbox 903 791 1032 831; x_wconf 85' lang='lat' dir='ltr'><strong>ferunt</strong></span> <span class='ocrx_word' id='word_1_92' title='bbox 1055 805 1098 831; x_wconf 84' lang='lat' dir='ltr'><strong>ac</strong></span> <span class='ocrx_word' id='word_1_93' title='bbox 1120 792 1236 845; x_wconf 85' lang='lat' dir='ltr'><strong>vulgo</strong></span> <span class='ocrx_word' id='word_1_94' title='bbox 1255 792 1449 845; x_wconf 81' lang='lat' dir='ltr'><strong>iactitant,</strong></span> <span class='ocrx_word' id='word_1_95' title='bbox 1482 796 1546 836; x_wconf 87' lang='lat' dir='ltr'><strong>illo</strong></span> <span class='ocrx_word' id='word_1_96' title='bbox 1572 798 1633 837; x_wconf 91' lang='lat' dir='ltr'><strong>die</strong></span> 
     </span>
     <span class='ocr_line' id='line_1_11' title="bbox 121 857 1631 915; baseline 0.001 -14"><span class='ocrx_word' id='word_1_97' title='bbox 121 861 342 901; x_wconf 84' lang='lat' dir='ltr'><strong>universum</strong></span> <span class='ocrx_word' id='word_1_98' title='bbox 369 868 553 899; x_wconf 87' lang='lat' dir='ltr'><strong>terrarum</strong></span> <span class='ocrx_word' id='word_1_99' title='bbox 580 858 711 897; x_wconf 90' lang='lat' dir='ltr'><strong>orbem</strong></span> <span class='ocrx_word' id='word_1_100' title='bbox 738 857 916 898; x_wconf 80' lang='lat' dir='ltr'><strong>incendio</strong></span> <span class='ocrx_word' id='word_1_101' title='bbox 943 858 1217 911; x_wconf 85' lang='lat' dir='ltr'><strong>conflagrasse.</strong></span> <span class='ocrx_word' id='word_1_102' title='bbox 1278 858 1402 900; x_wconf 90' lang='lat' dir='ltr'><strong>Huius</strong></span> <span class='ocrx_word' id='word_1_103' title='bbox 1428 875 1541 915; x_wconf 86' lang='lat' dir='ltr'><strong>porro</strong></span> <span class='ocrx_word' id='word_1_104' title='bbox 1569 878 1631 904; x_wconf 83' lang='lat' dir='ltr'><strong>ca-</strong></span> 
     </span>
     <span class='ocr_line' id='line_1_12' title="bbox 120 924 1633 980; baseline 0.001 -11"><span class='ocrx_word' id='word_1_105' title='bbox 120 928 300 969; x_wconf 86' lang='lat' dir='ltr'><strong>lamitatis</strong></span> <span class='ocrx_word' id='word_1_106' title='bbox 326 926 556 967; x_wconf 88' lang='lat' dir='ltr'><strong>avertendae</strong></span> <span class='ocrx_word' id='word_1_107' title='bbox 580 924 660 964; x_wconf 55' lang='lat' dir='ltr'><strong>‘vim</strong></span> <span class='ocrx_word' id='word_1_108' title='bbox 691 926 877 978; x_wconf 90' lang='lat' dir='ltr'><strong>quandam</strong></span> <span class='ocrx_word' id='word_1_109' title='bbox 908 925 947 965; x_wconf 91' lang='lat' dir='ltr'><strong>in</strong></span> <span class='ocrx_word' id='word_1_110' title='bbox 974 938 1111 965; x_wconf 82' lang='lat' dir='ltr'><strong>eruore</strong></span> <span class='ocrx_word' id='word_1_111' title='bbox 1136 925 1200 965; x_wconf 76' lang='lat' dir='ltr'><strong>ilio</strong></span> <span class='ocrx_word' id='word_1_112' title='bbox 1227 933 1340 979; x_wconf 90' lang='lat' dir='ltr'><strong>atque</strong></span> <span class='ocrx_word' id='word_1_113' title='bbox 1364 926 1477 980; x_wconf 84' lang='lat' dir='ltr'><strong>igneo</strong></span> <span class='ocrx_word' id='word_1_114' title='bbox 1504 930 1633 970; x_wconf 85' lang='lat' dir='ltr'><strong>colore</strong></span> 
     </span>
     <span class='ocr_line' id='line_1_13' title="bbox 121 990 1633 1050; baseline 0 -14"><span class='ocrx_word' id='word_1_115' title='bbox 121 1009 209 1036; x_wconf 88' lang='lat' dir='ltr'><strong>esse</strong></span> <span class='ocrx_word' id='word_1_116' title='bbox 237 995 411 1050; x_wconf 87' lang='lat' dir='ltr'><strong>positam.</strong></span> <span class='ocrx_word' id='word_1_117' title='bbox 474 990 623 1043; x_wconf 85' lang='lat' dir='ltr'><strong>Quibus</strong></span> <span class='ocrx_word' id='word_1_118' title='bbox 655 1005 748 1033; x_wconf 85' lang='lat' dir='ltr'><strong>vero</strong></span> <span class='ocrx_word' id='word_1_119' title='bbox 779 992 824 1031; x_wconf 91' lang='lat' dir='ltr'><strong>de</strong></span> <span class='ocrx_word' id='word_1_120' title='bbox 854 992 1025 1042; x_wconf 83' lang='lat' dir='ltr'><strong>caussis,</strong></span> <span class='ocrx_word' id='word_1_121' title='bbox 1069 999 1212 1046; x_wconf 88' lang='lat' dir='ltr'><strong>negant</strong></span> <span class='ocrx_word' id='word_1_122' title='bbox 1240 993 1311 1032; x_wconf 88' lang='lat' dir='ltr'><strong>sibi</strong></span> <span class='ocrx_word' id='word_1_123' title='bbox 1343 1007 1430 1034; x_wconf 86' lang='lat' dir='ltr'><strong>esse</strong></span> <span class='ocrx_word' id='word_1_124' title='bbox 1460 1009 1633 1049; x_wconf 83' lang='lat' dir='ltr'><strong>comper-</strong></span> 
     </span>
     <span class='ocr_line' id='line_1_14' title="bbox 122 1056 1633 1113; baseline 0.001 -11"><span class='ocrx_word' id='word_1_125' title='bbox 122 1069 214 1102; x_wconf 88' lang='lat' dir='ltr'><strong>tum.</strong></span> <span class='ocrx_word' id='word_1_126' title='bbox 273 1059 350 1101; x_wconf 87' lang='lat' dir='ltr'><strong>Sed</strong></span> <span class='ocrx_word' id='word_1_127' title='bbox 380 1066 419 1099; x_wconf 89' lang='lat' dir='ltr'><strong>et</strong></span> <span class='ocrx_word' id='word_1_128' title='bbox 448 1059 644 1111; x_wconf 81' lang='lat' dir='ltr'><strong>bucusque</strong></span> <span class='ocrx_word' id='word_1_129' title='bbox 673 1059 711 1098; x_wconf 92' lang='lat' dir='ltr'><strong>in</strong></span> <span class='ocrx_word' id='word_1_130' title='bbox 740 1056 1029 1113; x_wconf 78' lang='lat' dir='ltr'><strong>Cardyaeorum</strong></span> <span class='ocrx_word' id='word_1_131' title='bbox 1061 1060 1220 1112; x_wconf 82' lang='lat' dir='ltr'><strong>regione</strong></span> <span class='ocrx_word' id='word_1_132' title='bbox 1249 1073 1361 1100; x_wconf 79' lang='lat' dir='ltr'><strong>areae</strong></span> <span class='ocrx_word' id='word_1_133' title='bbox 1389 1060 1633 1104; x_wconf 73' lang='lat' dir='ltr'><strong>Noemitieae</strong></span> 
     </span>
     <span class='ocr_line' id='line_1_15' title="bbox 122 1125 1634 1181; baseline 0 -12"><span class='ocrx_word' id='word_1_134' title='bbox 122 1128 298 1181; x_wconf 83' lang='lat' dir='ltr'><strong>reliquias</strong></span> <span class='ocrx_word' id='word_1_135' title='bbox 331 1126 550 1165; x_wconf 86' lang='lat' dir='ltr'><strong>ostendunt.</strong></span> <span class='ocrx_word' id='word_1_136' title='bbox 610 1126 671 1165; x_wconf 83' lang='lat' dir='ltr'><strong>Ac</strong></span> <span class='ocrx_word' id='word_1_137' title='bbox 704 1125 737 1165; x_wconf 90' lang='lat' dir='ltr'><strong>si</strong></span> <span class='ocrx_word' id='word_1_138' title='bbox 767 1126 850 1179; x_wconf 91' lang='lat' dir='ltr'><strong>quis</strong></span> <span class='ocrx_word' id='word_1_139' title='bbox 886 1126 1105 1179; x_wconf 85' lang='lat' dir='ltr'><strong>diligentius</strong></span> <span class='ocrx_word' id='word_1_140' title='bbox 1141 1127 1357 1180; x_wconf 79' lang='lat' dir='ltr'><strong>perquirat,</strong></span> <span class='ocrx_word' id='word_1_141' title='bbox 1398 1142 1475 1168; x_wconf 89' lang='lat' dir='ltr'><strong>uon</strong></span> <span class='ocrx_word' id='word_1_142' title='bbox 1505 1129 1634 1170; x_wconf 90' lang='lat' dir='ltr'><strong>dubito</strong></span> 
     </span>
     <span class='ocr_line' id='line_1_16' title="bbox 122 1192 1634 1249; baseline 0.001 -14"><span class='ocrx_word' id='word_1_143' title='bbox 122 1196 209 1249; x_wconf 90' lang='lat' dir='ltr'><strong>quin</strong></span> <span class='ocrx_word' id='word_1_144' title='bbox 233 1193 363 1233; x_wconf 87' lang='lat' dir='ltr'><strong>altaris</strong></span> <span class='ocrx_word' id='word_1_145' title='bbox 385 1206 536 1246; x_wconf 89' lang='lat' dir='ltr'><strong>quoque</strong></span> <span class='ocrx_word' id='word_1_146' title='bbox 557 1192 720 1247; x_wconf 85' lang='lat' dir='ltr'><strong>vestigia</strong></span> <span class='ocrx_word' id='word_1_147' title='bbox 735 1224 746 1243; x_wconf 95' lang='lat'><strong>,</strong></span> <span class='ocrx_word' id='word_1_148' title='bbox 779 1193 877 1246; x_wconf 91' lang='lat' dir='ltr'><strong>quod</strong></span> <span class='ocrx_word' id='word_1_149' title='bbox 900 1193 1022 1247; x_wconf 88' lang='lat' dir='ltr'><strong>ipsum</strong></span> <span class='ocrx_word' id='word_1_150' title='bbox 1043 1207 1284 1247; x_wconf 87' lang='lat' dir='ltr'><strong>consequens</strong></span> <span class='ocrx_word' id='word_1_151' title='bbox 1310 1201 1391 1244; x_wconf 90' lang='lat' dir='ltr'><strong>est,</strong></span> <span class='ocrx_word' id='word_1_152' title='bbox 1423 1196 1471 1236; x_wconf 90' lang='lat' dir='ltr'><strong>ad</strong></span> <span class='ocrx_word' id='word_1_153' title='bbox 1493 1196 1634 1236; x_wconf 91' lang='lat' dir='ltr'><strong>montis</strong></span> 
     </span>
     <span class='ocr_line' id='line_1_17' title="bbox 120 1259 1630 1315; baseline 0.001 -13"><span class='ocrx_word' id='word_1_154' title='bbox 120 1261 267 1302; x_wconf 84' lang='lat' dir='ltr'><strong>radices</strong></span> <span class='ocrx_word' id='word_1_155' title='bbox 301 1259 478 1299; x_wconf 90' lang='lat' dir='ltr'><strong>invenire</strong></span> <span class='ocrx_word' id='word_1_156' title='bbox 511 1259 654 1313; x_wconf 89' lang='lat' dir='ltr'><strong>possit,</strong></span> <span class='ocrx_word' id='word_1_157' title='bbox 698 1260 759 1299; x_wconf 91' lang='lat' dir='ltr'><strong>ubi</strong></span> <span class='ocrx_word' id='word_1_158' title='bbox 787 1267 862 1300; x_wconf 89' lang='lat' dir='ltr'><strong>tum</strong></span> <span class='ocrx_word' id='word_1_159' title='bbox 887 1259 977 1301; x_wconf 77' lang='lat' dir='ltr'><strong>Noe&#39;</strong></span> <span class='ocrx_word' id='word_1_160' title='bbox 1007 1274 1057 1300; x_wconf 80' lang='lat' dir='ltr'><strong>ex</strong></span> <span class='ocrx_word' id='word_1_161' title='bbox 1083 1274 1173 1300; x_wconf 86' lang='lat' dir='ltr'><strong>arca</strong></span> <span class='ocrx_word' id='word_1_162' title='bbox 1197 1262 1449 1315; x_wconf 86' lang='lat' dir='ltr'><strong>progrediens</strong></span> <span class='ocrx_word' id='word_1_163' title='bbox 1475 1262 1630 1313; x_wconf 85' lang='lat' dir='ltr'><strong>mansit,</strong></span> 
     </span>
     <span class='ocr_line' id='line_1_18' title="bbox 120 1327 1635 1382; baseline 0.001 -14"><span class='ocrx_word' id='word_1_164' title='bbox 120 1335 157 1368; x_wconf 83' lang='lat' dir='ltr'><strong>et</strong></span> <span class='ocrx_word' id='word_1_165' title='bbox 185 1327 231 1367; x_wconf 86' lang='lat' dir='ltr'><strong>de</strong></span> <span class='ocrx_word' id='word_1_166' title='bbox 258 1327 363 1381; x_wconf 91' lang='lat' dir='ltr'><strong>puris</strong></span> <span class='ocrx_word' id='word_1_167' title='bbox 387 1327 614 1367; x_wconf 85' lang='lat' dir='ltr'><strong>animalibus</strong></span> <span class='ocrx_word' id='word_1_168' title='bbox 644 1334 757 1381; x_wconf 87' lang='lat' dir='ltr'><strong>atque</strong></span> <span class='ocrx_word' id='word_1_169' title='bbox 781 1327 953 1382; x_wconf 86' lang='lat' dir='ltr'><strong>adipibus</strong></span> <span class='ocrx_word' id='word_1_170' title='bbox 984 1327 1137 1367; x_wconf 89' lang='lat' dir='ltr'><strong>domino</strong></span> <span class='ocrx_word' id='word_1_171' title='bbox 1168 1328 1239 1368; x_wconf 91' lang='lat' dir='ltr'><strong>deo</strong></span> <span class='ocrx_word' id='word_1_172' title='bbox 1268 1329 1498 1370; x_wconf 80' lang='lat' dir='ltr'><strong>sacrificium</strong></span> <span class='ocrx_word' id='word_1_173' title='bbox 1524 1330 1635 1370; x_wconf 90' lang='lat' dir='ltr'><strong>insti-</strong></span> 
     </span>
     <span class='ocr_line' id='line_1_19' title="bbox 119 1392 1816 1451; baseline 0.002 -18"><span class='ocrx_word' id='word_1_174' title='bbox 119 1393 202 1434; x_wconf 88' lang='lat' dir='ltr'><strong>tuit.</strong></span> <span class='ocrx_word' id='word_1_175' title='bbox 264 1392 352 1446; x_wconf 82' lang='lat' dir='ltr'><strong>Quo</strong></span> <span class='ocrx_word' id='word_1_176' title='bbox 383 1394 495 1434; x_wconf 88' lang='lat' dir='ltr'><strong>etiam</strong></span> <span class='ocrx_word' id='word_1_177' title='bbox 527 1401 697 1448; x_wconf 85' lang='lat' dir='ltr'><strong>tempore</strong></span> <span class='ocrx_word' id='word_1_178' title='bbox 727 1393 819 1434; x_wconf 89' lang='lat' dir='ltr'><strong>illud</strong></span> <span class='ocrx_word' id='word_1_179' title='bbox 851 1409 873 1435; x_wconf 88' lang='lat' dir='ltr'><strong>a</strong></span> <span class='ocrx_word' id='word_1_180' title='bbox 901 1395 971 1434; x_wconf 89' lang='lat' dir='ltr'><strong>deo</strong></span> <span class='ocrx_word' id='word_1_181' title='bbox 1002 1394 1196 1434; x_wconf 85' lang='lat' dir='ltr'><strong>oraculum</strong></span> <span class='ocrx_word' id='word_1_182' title='bbox 1222 1396 1390 1451; x_wconf 84' lang='lat' dir='ltr'><strong>accepit:</strong></span> <span class='ocrx_word' id='word_1_183' title='bbox 1432 1399 1530 1436; x_wconf 81' lang='lat' dir='ltr'><strong>Eece</strong></span> <span class='ocrx_word' id='word_1_184' title='bbox 1553 1400 1640 1437; x_wconf 78' lang='lat' dir='ltr'><strong>dedi</strong></span> <span class='ocrx_word' id='word_1_185' title='bbox 1654 1401 1727 1430; x_wconf 75' lang='lat' dir='ltr'><strong>Gen·</strong></span> <span class='ocrx_word' id='word_1_186' title='bbox 1747 1403 1773 1437; x_wconf 76' lang='grc'><strong>9,</strong></span> <span class='ocrx_word' id='word_1_187' title='bbox 1792 1404 1816 1430; x_wconf 84' lang='grc'><strong>3-</strong></span> 
     </span>
     <span class='ocr_line' id='line_1_20' title="bbox 117 1462 1634 1513; baseline 0.003 -13"><span class='ocrx_word' id='word_1_188' title='bbox 117 1463 187 1500; x_wconf 75' lang='lat' dir='ltr'><strong>tibi</strong></span> <span class='ocrx_word' id='word_1_189' title='bbox 208 1464 348 1509; x_wconf 76' lang='lat' dir='ltr'><strong>omnia,</strong></span> <span class='ocrx_word' id='word_1_190' title='bbox 384 1469 554 1513; x_wconf 80' lang='lat' dir='ltr'><strong>tanquam</strong></span> <span class='ocrx_word' id='word_1_191' title='bbox 580 1463 776 1500; x_wconf 72' lang='lat' dir='ltr'><strong>herbarum</strong></span> <span class='ocrx_word' id='word_1_192' title='bbox 799 1464 920 1509; x_wconf 78' lang='lat' dir='ltr'><strong>olera,</strong></span> <span class='ocrx_word' id='word_1_193' title='bbox 955 1471 1073 1501; x_wconf 80' lang='lat' dir='ltr'><strong>macta</strong></span> <span class='ocrx_word' id='word_1_194' title='bbox 1095 1470 1132 1500; x_wconf 79' lang='lat' dir='ltr'><strong>et</strong></span> <span class='ocrx_word' id='word_1_195' title='bbox 1153 1466 1309 1502; x_wconf 81' lang='lat' dir='ltr'><strong>comede.</strong></span> <span class='ocrx_word' id='word_1_196' title='bbox 1372 1462 1518 1504; x_wconf 84' lang='lat' dir='ltr'><strong>Verum</strong></span> <span class='ocrx_word' id='word_1_197' title='bbox 1543 1464 1634 1505; x_wconf 87' lang='lat' dir='ltr'><strong>hae-</strong></span> 
     </span>
     <span class='ocr_line' id='line_1_21' title="bbox 116 1528 1630 1585; baseline 0.003 -17"><span class='ocrx_word' id='word_1_198' title='bbox 116 1528 214 1569; x_wconf 89' lang='lat' dir='ltr'><strong>resis</strong></span> <span class='ocrx_word' id='word_1_199' title='bbox 248 1528 359 1568; x_wconf 90' lang='lat' dir='ltr'><strong>huius</strong></span> <span class='ocrx_word' id='word_1_200' title='bbox 390 1528 601 1568; x_wconf 87' lang='lat' dir='ltr'><strong>adulterina</strong></span> <span class='ocrx_word' id='word_1_201' title='bbox 632 1529 822 1582; x_wconf 87' lang='lat' dir='ltr'><strong>stultaque</strong></span> <span class='ocrx_word' id='word_1_202' title='bbox 853 1529 1031 1582; x_wconf 85' lang='lat' dir='ltr'><strong>dogmata</strong></span> <span class='ocrx_word' id='word_1_203' title='bbox 1063 1529 1180 1569; x_wconf 87' lang='lat' dir='ltr'><strong>missa</strong></span> <span class='ocrx_word' id='word_1_204' title='bbox 1215 1530 1367 1571; x_wconf 81' lang='lat' dir='ltr'><strong>faciam.</strong></span> <span class='ocrx_word' id='word_1_205' title='bbox 1436 1529 1630 1585; x_wconf 89' lang='lat' dir='ltr'><strong>Siquidem</strong></span> 
     </span>
     <span class='ocr_line' id='line_1_22' title="bbox 116 1595 1631 1651; baseline 0.003 -16"><span class='ocrx_word' id='word_1_206' title='bbox 116 1610 236 1650; x_wconf 86' lang='lat' dir='ltr'><strong>pauca</strong></span> <span class='ocrx_word' id='word_1_207' title='bbox 269 1596 363 1636; x_wconf 85' lang='lat' dir='ltr'><strong>haec</strong></span> <span class='ocrx_word' id='word_1_208' title='bbox 395 1595 584 1635; x_wconf 81' lang='lat' dir='ltr'><strong>sufficiunt</strong></span> <span class='ocrx_word' id='word_1_209' title='bbox 616 1609 639 1636; x_wconf 85' lang='lat' dir='ltr'><strong>a</strong></span> <span class='ocrx_word' id='word_1_210' title='bbox 674 1595 784 1636; x_wconf 92' lang='lat' dir='ltr'><strong>nobis</strong></span> <span class='ocrx_word' id='word_1_211' title='bbox 821 1595 1015 1649; x_wconf 88' lang='lat' dir='ltr'><strong>hucusque</strong></span> <span class='ocrx_word' id='word_1_212' title='bbox 1049 1596 1266 1651; x_wconf 86' lang='lat' dir='ltr'><strong>disputata,</strong></span> <span class='ocrx_word' id='word_1_213' title='bbox 1315 1604 1429 1651; x_wconf 83' lang='lat' dir='ltr'><strong>atque</strong></span> <span class='ocrx_word' id='word_1_214' title='bbox 1466 1599 1514 1639; x_wconf 89' lang='lat' dir='ltr'><strong>ad</strong></span> <span class='ocrx_word' id='word_1_215' title='bbox 1545 1612 1631 1640; x_wconf 88' lang='lat' dir='ltr'><strong>eum</strong></span> 
     </span>
     <span class='ocr_line' id='line_1_23' title="bbox 117 1662 1035 1717; baseline 0 -13"><span class='ocrx_word' id='word_1_216' title='bbox 117 1677 288 1704; x_wconf 87' lang='lat' dir='ltr'><strong>errorem</strong></span> <span class='ocrx_word' id='word_1_217' title='bbox 318 1663 614 1717; x_wconf 88' lang='lat' dir='ltr'><strong>propulsandum</strong></span> <span class='ocrx_word' id='word_1_218' title='bbox 645 1663 684 1703; x_wconf 89' lang='lat' dir='ltr'><strong>in</strong></span> <span class='ocrx_word' id='word_1_219' title='bbox 714 1662 878 1703; x_wconf 88' lang='lat' dir='ltr'><strong>medium</strong></span> <span class='ocrx_word' id='word_1_220' title='bbox 908 1663 1035 1704; x_wconf 86' lang='lat' dir='ltr'><strong>allata.</strong></span> 
     </span>
    </p>
   </div>
   <div class='ocr_carea' id='block_1_3' title="bbox 286 1820 1453 1961">
    <p class='ocr_par' dir='ltr' id='par_1_4' title="bbox 286 1820 1453 1961">
     <span class='ocr_line' id='line_1_24' title="bbox 509 1820 1238 1870; baseline 0.001 -2"><span class='ocrx_word' id='word_1_221' title='bbox 509 1821 820 1870; x_wconf 83' lang='lat' dir='ltr'><strong>CONTRA</strong></span> <span class='ocrx_word' id='word_1_222' title='bbox 875 1820 1238 1870; x_wconf 89' lang='lat' dir='ltr'><strong>OSSENOS.</strong></span> 
     </span>
     <span class='ocr_line' id='line_1_25' title="bbox 286 1900 1453 1961; baseline 0.002 -13"><span class='ocrx_word' id='word_1_223' title='bbox 286 1900 404 1961; x_wconf 77' lang='lat' dir='ltr'><strong>Quae</strong></span> <span class='ocrx_word' id='word_1_224' title='bbox 441 1905 508 1948; x_wconf 88' lang='lat' dir='ltr'><strong>est</strong></span> <span class='ocrx_word' id='word_1_225' title='bbox 543 1901 620 1948; x_wconf 91' lang='lat' dir='ltr'><strong>VI.</strong></span> <span class='ocrx_word' id='word_1_226' title='bbox 647 1900 840 1948; x_wconf 87' lang='lat' dir='ltr'><strong>haeresis</strong></span> <span class='ocrx_word' id='word_1_227' title='bbox 874 1901 1109 1961; x_wconf 85' lang='lat' dir='ltr'><strong>Iudaismi,</strong></span> <span class='ocrx_word' id='word_1_228' title='bbox 1145 1903 1297 1949; x_wconf 89' lang='lat' dir='ltr'><strong>ordine</strong></span> <span class='ocrx_word' id='word_1_229' title='bbox 1327 1902 1453 1950; x_wconf 85' lang='lat' dir='ltr'>XIX.</span> 
     </span>
    </p>
   </div>
   <div class='ocr_carea' id='block_1_4' title="bbox 111 1999 1780 2908">
    <p class='ocr_par' dir='ltr' id='par_1_5' title="bbox 111 1999 1780 2864">
     <span class='ocr_line' id='line_1_26' title="bbox 227 1999 1780 2057; baseline 0.001 -16"><span class='ocrx_word' id='word_1_230' title='bbox 227 1999 411 2055; x_wconf 91' lang='lat' dir='ltr'><strong>Sequitur</strong></span> <span class='ocrx_word' id='word_1_231' title='bbox 435 1999 674 2042; x_wconf 88' lang='lat' dir='ltr'><strong>Ossenorum</strong></span> <span class='ocrx_word' id='word_1_232' title='bbox 694 2000 865 2041; x_wconf 83' lang='lat' dir='ltr'><strong>haeresis</strong></span> <span class='ocrx_word' id='word_1_233' title='bbox 888 2015 972 2041; x_wconf 88' lang='lat' dir='ltr'><strong>cum</strong></span> <span class='ocrx_word' id='word_1_234' title='bbox 998 2001 1260 2055; x_wconf 89' lang='lat' dir='ltr'><strong>superioribus</strong></span> <span class='ocrx_word' id='word_1_235' title='bbox 1280 2002 1477 2057; x_wconf 86' lang='lat' dir='ltr'><strong>implicita.</strong></span> <span class='ocrx_word' id='word_1_236' title='bbox 1524 2002 1627 2045; x_wconf 91' lang='lat' dir='ltr'><strong>Nam</strong></span> <span class='ocrx_word' id='word_1_237' title='bbox 1655 2010 1731 2053; x_wconf 81' lang='lat' dir='ltr'><strong>Cap.</strong></span> <span class='ocrx_word' id='word_1_238' title='bbox 1755 2012 1780 2042; x_wconf 87' lang='grc' dir='ltr'><strong>Ι.</strong></span> 
     </span>
     <span class='ocr_line' id='line_1_27' title="bbox 115 2065 1629 2126; baseline 0.002 -17"><span class='ocrx_word' id='word_1_239' title='bbox 115 2074 155 2109; x_wconf 84' lang='lat' dir='ltr'><strong>et</strong></span> <span class='ocrx_word' id='word_1_240' title='bbox 176 2068 213 2108; x_wconf 88' lang='lat' dir='ltr'><strong>hi</strong></span> <span class='ocrx_word' id='word_1_241' title='bbox 236 2069 393 2122; x_wconf 88' lang='lat' dir='ltr'><strong>perinde</strong></span> <span class='ocrx_word' id='word_1_242' title='bbox 419 2075 458 2109; x_wconf 91' lang='lat' dir='ltr'><strong>ut</strong></span> <span class='ocrx_word' id='word_1_243' title='bbox 480 2069 532 2108; x_wconf 91' lang='lat' dir='ltr'><strong>illi</strong></span> <span class='ocrx_word' id='word_1_244' title='bbox 555 2067 688 2108; x_wconf 84' lang='lat' dir='ltr'><strong>Iudaei</strong></span> <span class='ocrx_word' id='word_1_245' title='bbox 712 2075 822 2119; x_wconf 89' lang='lat' dir='ltr'><strong>sunt,</strong></span> <span class='ocrx_word' id='word_1_246' title='bbox 856 2075 892 2109; x_wconf 90' lang='lat' dir='ltr'><strong>et</strong></span> <span class='ocrx_word' id='word_1_247' title='bbox 914 2069 1115 2109; x_wconf 89' lang='lat' dir='ltr'><strong>simulandi</strong></span> <span class='ocrx_word' id='word_1_248' title='bbox 1139 2069 1329 2119; x_wconf 81' lang='lat' dir='ltr'><strong>artifices,</strong></span> <span class='ocrx_word' id='word_1_249' title='bbox 1363 2065 1477 2124; x_wconf 84' lang='lat' dir='ltr'><strong>atque</strong></span> <span class='ocrx_word' id='word_1_250' title='bbox 1499 2071 1629 2126; x_wconf 87' lang='lat' dir='ltr'><strong>impri-</strong></span> 
     </span>
     <span class='ocr_line' id='line_1_28' title="bbox 115 2134 1629 2188; baseline 0.003 -13"><span class='ocrx_word' id='word_1_251' title='bbox 115 2136 187 2176; x_wconf 90' lang='lat' dir='ltr'><strong>mis</strong></span> <span class='ocrx_word' id='word_1_252' title='bbox 212 2135 351 2176; x_wconf 85' lang='lat' dir='ltr'><strong>oallidi.</strong></span> <span class='ocrx_word' id='word_1_253' title='bbox 412 2134 562 2177; x_wconf 89' lang='lat' dir='ltr'><strong>Ferunt</strong></span> <span class='ocrx_word' id='word_1_254' title='bbox 582 2136 676 2175; x_wconf 86' lang='lat' dir='ltr'><strong>istos</strong></span> <span class='ocrx_word' id='word_1_255' title='bbox 699 2149 749 2175; x_wconf 79' lang='lat' dir='ltr'><strong>ex</strong></span> <span class='ocrx_word' id='word_1_256' title='bbox 769 2134 984 2188; x_wconf 88' lang='lat' dir='ltr'><strong>Nabataea,</strong></span> <span class='ocrx_word' id='word_1_257' title='bbox 1017 2134 1185 2187; x_wconf 86' lang='lat' dir='ltr'><strong>lturaea,</strong></span> <span class='ocrx_word' id='word_1_258' title='bbox 1217 2136 1428 2178; x_wconf 86' lang='lat' dir='ltr'><strong>Moabitide</strong></span> <span class='ocrx_word' id='word_1_259' title='bbox 1453 2144 1491 2178; x_wconf 83' lang='lat' dir='ltr'><strong>et</strong></span> <span class='ocrx_word' id='word_1_260' title='bbox 1512 2138 1629 2179; x_wconf 89' lang='lat' dir='ltr'><strong>Arei-</strong></span> 
     </span>
     <span class='ocr_line' id='line_1_29' title="bbox 112 2202 1628 2258; baseline 0.003 -16"><span class='ocrx_word' id='word_1_261' title='bbox 112 2202 218 2243; x_wconf 89' lang='lat' dir='ltr'><strong>litide</strong></span> <span class='ocrx_word' id='word_1_262' title='bbox 248 2203 436 2256; x_wconf 84' lang='lat' dir='ltr'><strong>originem</strong></span> <span class='ocrx_word' id='word_1_263' title='bbox 471 2203 662 2252; x_wconf 77' lang='lat' dir='ltr'><strong>traxisse,</strong></span> <span class='ocrx_word' id='word_1_264' title='bbox 704 2217 800 2256; x_wconf 88' lang='lat' dir='ltr'><strong>quae</strong></span> <span class='ocrx_word' id='word_1_265' title='bbox 834 2204 1013 2257; x_wconf 83' lang='lat' dir='ltr'><strong>regiones</strong></span> <span class='ocrx_word' id='word_1_266' title='bbox 1046 2205 1145 2244; x_wconf 83' lang='lat' dir='ltr'><strong>ultra</strong></span> <span class='ocrx_word' id='word_1_267' title='bbox 1174 2204 1311 2244; x_wconf 86' lang='lat' dir='ltr'><strong>vallem</strong></span> <span class='ocrx_word' id='word_1_268' title='bbox 1346 2204 1628 2258; x_wconf 87' lang='lat' dir='ltr'><strong>salsuginosam</strong></span> 
     </span>
     <span class='ocr_line' id='line_1_30' title="bbox 112 2269 1627 2328; baseline 0.003 -19"><span class='ocrx_word' id='word_1_269' title='bbox 112 2270 260 2322; x_wconf 86' lang='lat' dir='ltr'><strong>positae</strong></span> <span class='ocrx_word' id='word_1_270' title='bbox 290 2277 393 2311; x_wconf 91' lang='lat' dir='ltr'><strong>sunt.</strong></span> <span class='ocrx_word' id='word_1_271' title='bbox 453 2269 540 2310; x_wconf 85' lang='lat' dir='ltr'><strong>Hoc</strong></span> <span class='ocrx_word' id='word_1_272' title='bbox 569 2269 668 2310; x_wconf 91' lang='lat' dir='ltr'><strong>enim</strong></span> <span class='ocrx_word' id='word_1_273' title='bbox 697 2270 848 2310; x_wconf 89' lang='lat' dir='ltr'><strong>nomine</strong></span> <span class='ocrx_word' id='word_1_274' title='bbox 877 2271 997 2311; x_wconf 79' lang='lat' dir='ltr'><strong>saeris</strong></span> <span class='ocrx_word' id='word_1_275' title='bbox 1026 2271 1065 2311; x_wconf 91' lang='lat' dir='ltr'><strong>in</strong></span> <span class='ocrx_word' id='word_1_276' title='bbox 1095 2271 1217 2311; x_wconf 89' lang='lat' dir='ltr'><strong>literis</strong></span> <span class='ocrx_word' id='word_1_277' title='bbox 1249 2278 1391 2312; x_wconf 88' lang='lat' dir='ltr'><strong>tractus</strong></span> <span class='ocrx_word' id='word_1_278' title='bbox 1421 2272 1484 2312; x_wconf 88' lang='lat' dir='ltr'><strong>ille</strong></span> <span class='ocrx_word' id='word_1_279' title='bbox 1514 2286 1627 2328; x_wconf 90' lang='lat' dir='ltr'><strong>supe-</strong></span> 
     </span>
     <span class='ocr_line' id='line_1_31' title="bbox 114 2336 1626 2394; baseline 0.003 -18"><span class='ocrx_word' id='word_1_280' title='bbox 114 2336 194 2376; x_wconf 88' lang='lat' dir='ltr'><strong>rior</strong></span> <span class='ocrx_word' id='word_1_281' title='bbox 215 2338 449 2392; x_wconf 86' lang='lat' dir='ltr'><strong>appellatur,</strong></span> <span class='ocrx_word' id='word_1_282' title='bbox 485 2340 547 2391; x_wconf 92' lang='lat' dir='ltr'><strong>qui</strong></span> <span class='ocrx_word' id='word_1_283' title='bbox 571 2337 669 2377; x_wconf 89' lang='lat' dir='ltr'><strong>idem</strong></span> <span class='ocrx_word' id='word_1_284' title='bbox 696 2344 755 2378; x_wconf 90' lang='lat' dir='ltr'><strong>est</strong></span> <span class='ocrx_word' id='word_1_285' title='bbox 778 2351 861 2378; x_wconf 84' lang='lat' dir='ltr'><strong>cum</strong></span> <span class='ocrx_word' id='word_1_286' title='bbox 882 2337 985 2378; x_wconf 88' lang='lat' dir='ltr'><strong>Mari</strong></span> <span class='ocrx_word' id='word_1_287' title='bbox 1010 2337 1183 2379; x_wconf 89' lang='lat' dir='ltr'><strong>Mortuo.</strong></span> <span class='ocrx_word' id='word_1_288' title='bbox 1245 2336 1486 2380; x_wconf 89' lang='lat' dir='ltr'><strong>Ossenorum</strong></span> <span class='ocrx_word' id='word_1_289' title='bbox 1511 2354 1626 2394; x_wconf 89' lang='lat' dir='ltr'><strong>porro</strong></span> 
     </span>
     <span class='ocr_line' id='line_1_32' title="bbox 112 2404 1622 2459; baseline 0.003 -15"><span class='ocrx_word' id='word_1_290' title='bbox 112 2418 234 2458; x_wconf 86' lang='lat' dir='ltr'><strong>genus</strong></span> <span class='ocrx_word' id='word_1_291' title='bbox 258 2404 382 2456; x_wconf 91' lang='lat' dir='ltr'><strong>istud,</strong></span> <span class='ocrx_word' id='word_1_292' title='bbox 415 2405 449 2446; x_wconf 92' lang='lat' dir='ltr'><strong>si</strong></span> <span class='ocrx_word' id='word_1_293' title='bbox 472 2419 612 2445; x_wconf 90' lang='lat' dir='ltr'><strong>nomen</strong></span> <span class='ocrx_word' id='word_1_294' title='bbox 630 2405 907 2459; x_wconf 85' lang='lat' dir='ltr'><strong>interpretere,</strong></span> <span class='ocrx_word' id='word_1_295' title='bbox 938 2407 1038 2446; x_wconf 89' lang='lat' dir='ltr'><strong>idem</strong></span> <span class='ocrx_word' id='word_1_296' title='bbox 1065 2413 1123 2447; x_wconf 88' lang='lat' dir='ltr'><strong>est</strong></span> <span class='ocrx_word' id='word_1_297' title='bbox 1144 2421 1188 2446; x_wconf 82' lang='lat' dir='ltr'><strong>ae</strong></span> <span class='ocrx_word' id='word_1_298' title='bbox 1210 2406 1357 2447; x_wconf 87' lang='lat' dir='ltr'><strong>firmum</strong></span> <span class='ocrx_word' id='word_1_299' title='bbox 1382 2414 1420 2447; x_wconf 88' lang='lat' dir='ltr'><strong>et</strong></span> <span class='ocrx_word' id='word_1_300' title='bbox 1443 2407 1622 2448; x_wconf 89' lang='lat' dir='ltr'><strong>solidum.</strong></span> 
     </span>
     <span class='ocr_line' id='line_1_33' title="bbox 111 2471 1621 2528; baseline 0.002 -16"><span class='ocrx_word' id='word_1_301' title='bbox 111 2472 174 2512; x_wconf 91' lang='lat' dir='ltr'><strong>Ad</strong></span> <span class='ocrx_word' id='word_1_302' title='bbox 208 2472 276 2512; x_wconf 87' lang='lat' dir='ltr'><strong>bos</strong></span> <span class='ocrx_word' id='word_1_303' title='bbox 311 2480 446 2527; x_wconf 90' lang='lat' dir='ltr'><strong>postea</strong></span> <span class='ocrx_word' id='word_1_304' title='bbox 477 2471 596 2512; x_wconf 76' lang='lat' dir='ltr'><strong>Elxai</strong></span> <span class='ocrx_word' id='word_1_305' title='bbox 635 2485 677 2511; x_wconf 89' lang='lat' dir='ltr'><strong>se</strong></span> <span class='ocrx_word' id='word_1_306' title='bbox 710 2472 858 2526; x_wconf 86' lang='lat' dir='ltr'><strong>quidam</strong></span> <span class='ocrx_word' id='word_1_307' title='bbox 893 2474 1139 2528; x_wconf 80' lang='lat' dir='ltr'><strong>aggregavit,</strong></span> <span class='ocrx_word' id='word_1_308' title='bbox 1186 2474 1399 2527; x_wconf 83' lang='lat' dir='ltr'><strong>imperante</strong></span> <span class='ocrx_word' id='word_1_309' title='bbox 1433 2474 1621 2525; x_wconf 88' lang='lat' dir='ltr'><strong>Traiano,</strong></span> 
     </span>
     <span class='ocr_line' id='line_1_34' title="bbox 113 2537 1625 2596; baseline 0.003 -18"><span class='ocrx_word' id='word_1_310' title='bbox 113 2546 200 2592; x_wconf 86' lang='lat' dir='ltr'><strong>post</strong></span> <span class='ocrx_word' id='word_1_311' title='bbox 228 2540 432 2580; x_wconf 88' lang='lat' dir='ltr'><strong>adventum</strong></span> <span class='ocrx_word' id='word_1_312' title='bbox 463 2537 611 2580; x_wconf 84' lang='lat' dir='ltr'><strong>Christi</strong></span> <span class='ocrx_word' id='word_1_313' title='bbox 642 2539 798 2579; x_wconf 89' lang='lat' dir='ltr'><strong>domini.</strong></span> <span class='ocrx_word' id='word_1_314' title='bbox 859 2539 935 2593; x_wconf 85' lang='lat' dir='ltr'><strong>Qui</strong></span> <span class='ocrx_word' id='word_1_315' title='bbox 967 2556 1049 2581; x_wconf 85' lang='lat' dir='ltr'><strong>cum</strong></span> <span class='ocrx_word' id='word_1_316' title='bbox 1082 2542 1177 2582; x_wconf 87' lang='lat' dir='ltr'><strong>falso</strong></span> <span class='ocrx_word' id='word_1_317' title='bbox 1203 2541 1424 2596; x_wconf 89' lang='lat' dir='ltr'><strong>prophetam</strong></span> <span class='ocrx_word' id='word_1_318' title='bbox 1455 2556 1497 2582; x_wconf 92' lang='lat' dir='ltr'><strong>se</strong></span> <span class='ocrx_word' id='word_1_319' title='bbox 1523 2542 1625 2583; x_wconf 88' lang='lat' dir='ltr'><strong>dice-</strong></span> 
     </span>
     <span class='ocr_line' id='line_1_35' title="bbox 111 2606 1623 2663; baseline 0.003 -18"><span class='ocrx_word' id='word_1_320' title='bbox 111 2612 194 2657; x_wconf 85' lang='lat' dir='ltr'><strong>ret,</strong></span> <span class='ocrx_word' id='word_1_321' title='bbox 234 2607 371 2647; x_wconf 91' lang='lat' dir='ltr'><strong>librum</strong></span> <span class='ocrx_word' id='word_1_322' title='bbox 396 2607 583 2661; x_wconf 87' lang='lat' dir='ltr'><strong>quendam</strong></span> <span class='ocrx_word' id='word_1_323' title='bbox 609 2606 714 2646; x_wconf 90' lang='lat' dir='ltr'><strong>velut</strong></span> <span class='ocrx_word' id='word_1_324' title='bbox 737 2608 956 2662; x_wconf 85' lang='lat' dir='ltr'><strong>prophetico</strong></span> <span class='ocrx_word' id='word_1_325' title='bbox 982 2610 1117 2663; x_wconf 90' lang='lat' dir='ltr'><strong>spiritu</strong></span> <span class='ocrx_word' id='word_1_326' title='bbox 1144 2610 1289 2649; x_wconf 86' lang='lat' dir='ltr'><strong>afflatus</strong></span> <span class='ocrx_word' id='word_1_327' title='bbox 1316 2610 1453 2660; x_wconf 90' lang='lat' dir='ltr'><strong>edidit,</strong></span> <span class='ocrx_word' id='word_1_328' title='bbox 1493 2609 1623 2650; x_wconf 84' lang='lat' dir='ltr'><strong>divina</strong></span> 
     </span>
     <span class='ocr_line' id='line_1_36' title="bbox 111 2673 1622 2730; baseline 0.003 -17"><span class='ocrx_word' id='word_1_329' title='bbox 111 2673 259 2714; x_wconf 85' lang='lat' dir='ltr'><strong>scilicet</strong></span> <span class='ocrx_word' id='word_1_330' title='bbox 287 2675 475 2730; x_wconf 85' lang='lat' dir='ltr'><strong>sapientia</strong></span> <span class='ocrx_word' id='word_1_331' title='bbox 500 2674 668 2728; x_wconf 90' lang='lat' dir='ltr'><strong>plenum.</strong></span> <span class='ocrx_word' id='word_1_332' title='bbox 732 2673 851 2715; x_wconf 89' lang='lat' dir='ltr'><strong>Huius</strong></span> <span class='ocrx_word' id='word_1_333' title='bbox 875 2683 1076 2730; x_wconf 87' lang='lat' dir='ltr'><strong>praeterea</strong></span> <span class='ocrx_word' id='word_1_334' title='bbox 1103 2678 1259 2716; x_wconf 85' lang='lat' dir='ltr'><strong>fratrem</strong></span> <span class='ocrx_word' id='word_1_335' title='bbox 1282 2675 1443 2717; x_wconf 85' lang='lat' dir='ltr'><strong>lexeum</strong></span> <span class='ocrx_word' id='word_1_336' title='bbox 1469 2677 1622 2719; x_wconf 89' lang='lat' dir='ltr'><strong>nomine</strong></span> 
     </span>
     <span class='ocr_line' id='line_1_37' title="bbox 113 2772 1620 2818; baseline 0.005 -13"><span class='ocrx_word' id='word_1_337' title='bbox 113 2772 218 2805; x_wconf 83' lang='lat' dir='ltr'><strong>adhuc</strong></span> <span class='ocrx_word' id='word_1_338' title='bbox 235 2774 335 2806; x_wconf 85' lang='lat' dir='ltr'><strong>hodie</strong></span> <span class='ocrx_word' id='word_1_339' title='bbox 355 2774 509 2818; x_wconf 81' lang='lat' dir='ltr'><strong>reliquiae</strong></span> <span class='ocrx_word' id='word_1_340' title='bbox 528 2786 621 2806; x_wconf 81' lang='lat' dir='ltr'><strong>arcae</strong></span> <span class='ocrx_word' id='word_1_341' title='bbox 642 2775 712 2807; x_wconf 59' lang='lat' dir='ltr'><strong>Noe*</strong></span> <span class='ocrx_word' id='word_1_342' title='bbox 730 2782 844 2808; x_wconf 80' lang='lat' dir='ltr'><strong>osten-</strong></span> <span class='ocrx_word' id='word_1_343' title='bbox 889 2775 975 2816; x_wconf 71' lang='grc' dir='ltr'>ξαῖον</span> <span class='ocrx_word' id='word_1_344' title='bbox 996 2780 1052 2810; x_wconf 88' lang='lat' dir='ltr'><strong>Ios.</strong></span> <span class='ocrx_word' id='word_1_345' title='bbox 1074 2779 1220 2817; x_wconf 71' lang='lat' dir='ltr'><strong>Scaliyer.</strong></span> <span class='ocrx_word' id='word_1_346' title='bbox 1252 2780 1373 2810; x_wconf 78' lang='lat' dir='ltr'><strong>Nicetas</strong></span> <span class='ocrx_word' id='word_1_347' title='bbox 1391 2779 1540 2810; x_wconf 78' lang='lat' dir='ltr'><strong>Chorziaca</strong></span> <span class='ocrx_word' id='word_1_348' title='bbox 1558 2775 1620 2812; x_wconf 88' lang='grc' dir='ltr'><strong>Ἰε-</strong></span> 
     </span>
     <span class='ocr_line' id='line_1_38' title="bbox 114 2816 1677 2864; baseline 0.006 -16"><span class='ocrx_word' id='word_1_349' title='bbox 114 2816 230 2850; x_wconf 86' lang='lat' dir='ltr'><strong>dantur</strong></span> <span class='ocrx_word' id='word_1_350' title='bbox 251 2819 285 2851; x_wconf 89' lang='lat' dir='ltr'><strong>in</strong></span> <span class='ocrx_word' id='word_1_351' title='bbox 315 2820 536 2852; x_wconf 85' lang='lat' dir='ltr'><strong>Cardiensium</strong></span> <span class='ocrx_word' id='word_1_352' title='bbox 558 2820 690 2861; x_wconf 86' lang='lat' dir='ltr'><strong>regione</strong></span> <span class='ocrx_word' id='word_1_353' title='bbox 703 2819 744 2851; x_wconf 58' lang='grc' dir='ltr'><strong>’.Μ</strong></span> <span class='ocrx_word' id='word_1_354' title='bbox 889 2825 975 2861; x_wconf 77' lang='grc' dir='ltr'>ζαῖον</span> <span class='ocrx_word' id='word_1_355' title='bbox 996 2825 1131 2862; x_wconf 76' lang='lat' dir='ltr'><strong>appellat</strong></span> <span class='ocrx_word' id='word_1_356' title='bbox 1152 2824 1235 2854; x_wconf 79' lang='lat' dir='ltr'><strong>Thes.</strong></span> <span class='ocrx_word' id='word_1_357' title='bbox 1257 2824 1380 2856; x_wconf 79' lang='lat' dir='ltr'><strong>orthod.</strong></span> <span class='ocrx_word' id='word_1_358' title='bbox 1404 2825 1489 2855; x_wconf 78' lang='lat' dir='ltr'><strong>Fidei</strong></span> <span class='ocrx_word' id='word_1_359' title='bbox 1508 2826 1530 2860; x_wconf 89' lang='lat' dir='ltr'><strong>I,</strong></span> <span class='ocrx_word' id='word_1_360' title='bbox 1555 2822 1621 2864; x_wconf 64' lang='lat'><strong>33„</strong></span> <span class='ocrx_word' id='word_1_361' title='bbox 1676 2854 1677 2857; x_wconf 73' lang='grc'>,</span> 
     </span>
    </p>

    <p class='ocr_par' dir='ltr' id='par_1_6' title="bbox 159 2862 1622 2908">
     <span class='ocr_line' id='line_1_39' title="bbox 159 2862 1622 2908; baseline 0.005 -15"><span class='ocrx_word' id='word_1_362' title='bbox 159 2862 233 2895; x_wconf 66' lang='lat' dir='ltr'><strong>Cn.</strong></span> <span class='ocrx_word' id='word_1_363' title='bbox 256 2866 282 2896; x_wconf 89' lang='grc' dir='ltr'><strong>Ι.</strong></span> <span class='ocrx_word' id='word_1_364' title='bbox 305 2883 347 2890; x_wconf 88' lang='grc'><strong>-</strong></span> <span class='ocrx_word' id='word_1_365' title='bbox 373 2865 401 2898; x_wconf 91' lang='grc'><strong>1.</strong></span> <span class='ocrx_word' id='word_1_366' title='bbox 424 2867 554 2906; x_wconf 80' lang='lat' dir='ltr'><strong>Reposuz·</strong></span> <span class='ocrx_word' id='word_1_367' title='bbox 574 2864 610 2899; x_wconf 79' lang='grc' dir='ltr'><strong>δὲ</strong></span> <span class='ocrx_word' id='word_1_368' title='bbox 629 2875 687 2905; x_wconf 85' lang='lat' dir='ltr'><strong>pro</strong></span> <span class='ocrx_word' id='word_1_369' title='bbox 708 2876 744 2899; x_wconf 85' lang='grc' dir='ltr'><strong>τε</strong></span> <span class='ocrx_word' id='word_1_370' title='bbox 764 2867 844 2907; x_wconf 82' lang='lat' dir='ltr'><strong>quod</strong></span> <span class='ocrx_word' id='word_1_371' title='bbox 887 2869 967 2907; x_wconf 83' lang='lat' dir='ltr'><strong>quod</strong></span> <span class='ocrx_word' id='word_1_372' title='bbox 989 2872 1100 2907; x_wconf 76' lang='lat' dir='ltr'><strong>caput,</strong></span> <span class='ocrx_word' id='word_1_373' title='bbox 1131 2870 1175 2898; x_wconf 77' lang='lat' dir='ltr'><strong>uti</strong></span> <span class='ocrx_word' id='word_1_374' title='bbox 1195 2871 1277 2899; x_wconf 74' lang='lat' dir='ltr'><strong>extat</strong></span> <span class='ocrx_word' id='word_1_375' title='bbox 1298 2870 1331 2900; x_wconf 84' lang='lat' dir='ltr'><strong>in</strong></span> <span class='ocrx_word' id='word_1_376' title='bbox 1354 2869 1419 2899; x_wconf 89' lang='lat' dir='ltr'><strong>cod.</strong></span> <span class='ocrx_word' id='word_1_377' title='bbox 1439 2870 1622 2908; x_wconf 83' lang='lat' dir='ltr'><strong>Baluziano,</strong></span> 
     </span>
    </p>
   </div>
   <div class='ocr_carea' id='block_1_5' title="bbox 113 2909 1621 2998">
    <p class='ocr_par' dir='ltr' id='par_1_7' title="bbox 113 2909 1621 2998">
     <span class='ocr_line' id='line_1_40' title="bbox 113 2909 1621 2952; baseline 0.003 -14"><span class='ocrx_word' id='word_1_378' title='bbox 113 2909 201 2947; x_wconf 68' lang='lat' dir='ltr'><strong>vulgo</strong></span> <span class='ocrx_word' id='word_1_379' title='bbox 223 2911 341 2949; x_wconf 75' lang='lat' dir='ltr'><strong>leyitur.</strong></span> <span class='ocrx_word' id='word_1_380' title='bbox 887 2922 974 2951; x_wconf 76' lang='lat' dir='ltr'><strong>quem</strong></span> <span class='ocrx_word' id='word_1_381' title='bbox 1003 2917 1104 2944; x_wconf 80' lang='lat' dir='ltr'><strong>servat</strong></span> <span class='ocrx_word' id='word_1_382' title='bbox 1129 2914 1312 2944; x_wconf 81' lang='lat' dir='ltr'><strong>Bibliotheca</strong></span> <span class='ocrx_word' id='word_1_383' title='bbox 1333 2914 1506 2952; x_wconf 80' lang='lat' dir='ltr'><strong>Imperialis</strong></span> <span class='ocrx_word' id='word_1_384' title='bbox 1535 2914 1621 2952; x_wconf 74' lang='lat' dir='ltr'><strong>apud</strong></span> 
     </span>
     <span class='ocr_line' id='line_1_41' title="bbox 157 2951 1619 2998; baseline 0.004 -14"><span class='ocrx_word' id='word_1_385' title='bbox 157 2956 187 2984; x_wconf 73' lang='lat' dir='ltr'><strong>z.</strong></span> <span class='ocrx_word' id='word_1_386' title='bbox 210 2955 258 2986; x_wconf 79' lang='lat' dir='ltr'><strong>Ita</strong></span> <span class='ocrx_word' id='word_1_387' title='bbox 280 2956 346 2987; x_wconf 83' lang='lat' dir='ltr'><strong>cod.</strong></span> <span class='ocrx_word' id='word_1_388' title='bbox 368 2956 493 2996; x_wconf 73' lang='lat' dir='ltr'><strong>Rhediy.</strong></span> <span class='ocrx_word' id='word_1_389' title='bbox 518 2959 546 2988; x_wconf 78' lang='lat' dir='ltr'><strong>et</strong></span> <span class='ocrx_word' id='word_1_390' title='bbox 569 2957 637 2988; x_wconf 76' lang='lat' dir='ltr'><strong>libri</strong></span> <span class='ocrx_word' id='word_1_391' title='bbox 660 2957 742 2988; x_wconf 81' lang='lat' dir='ltr'><strong>edili.</strong></span> <span class='ocrx_word' id='word_1_392' title='bbox 782 2951 843 2990; x_wconf 88' lang='grc' dir='ltr'><strong>Ἰε-</strong></span> <span class='ocrx_word' id='word_1_393' title='bbox 888 2959 1044 2997; x_wconf 81' lang='lat' dir='ltr'><strong>Parisios,</strong></span> <span class='ocrx_word' id='word_1_394' title='bbox 1066 2959 1123 2990; x_wconf 85' lang='lat' dir='ltr'><strong>huc</strong></span> <span class='ocrx_word' id='word_1_395' title='bbox 1145 2959 1342 2991; x_wconf 77' lang='lat' dir='ltr'><strong>transcribere</strong></span> <span class='ocrx_word' id='word_1_396' title='bbox 1361 2960 1467 2990; x_wconf 79' lang='lat' dir='ltr'><strong>iuvat:</strong></span> <span class='ocrx_word' id='word_1_397' title='bbox 1489 2957 1558 2998; x_wconf 68' lang='lat' dir='ltr'><strong>„Oi</strong></span> <span class='ocrx_word' id='word_1_398' title='bbox 1581 2955 1619 2990; x_wconf 84' lang='grc' dir='ltr'><strong>δὲ</strong></span> 
     </span>
    </p>
   </div>
  </div>
 </body>
</html>
