2034 3267
513 173 689 205 PANARn
715 174 797 206 [ΛΒ.
817 175 841 206 1.
865 173 971 206 ToM.
991 174 1046 206 111.
1071 172 1327 206 HAER.XL11.
1604 163 1683 204 623

161 251 224 306 qni
257 266 303 292 ea
331 252 414 292 loca
442 259 664 307 peragrant.
727 251 872 294 Verum
901 260 941 293 nt
966 267 1036 294 suo
1059 253 1178 307 ipsius
1203 267 1270 293 ore
1295 252 1568 294 convincatur:
1613 255 1685 291 Fa-

160 328 256 359 ctum
279 329 355 368 est,
401 320 545 374 inquit,
588 324 625 360 in
654 335 726 361 una
751 324 891 360 (lz'erum
918 324 1068 360 docente
1094 324 1159 360 illo
1190 325 1226 360 z'n,
1255 324 1406 373 templo,
1449 323 1686 373 quaesierunt

160 391 310 427 iniicere
341 391 377 427 ιἰι
408 391 511 427 illum
542 404 691 437 mamas,
737 397 774 428 et
803 392 1022 436 mnam-emt,
1070 395 1111 428 nt
1133 389 1308 442 sequenti
1336 389 1457 444 capite
1481 386 1592 428 LIV.
1620 388 1684 427 de-

159 456 340 497 claratur.
403 454 525 510 Igitur
550 456 865 511 quemadmodum
893 455 1149 496 Hierichunte
1180 457 1216 495 in
1245 457 1423 511 templum
1454 456 1605 496 venerit
1635 470 1686 496 ex

161 524 294 564 eodem
328 524 392 564 illo
423 525 562 565 itinere
593 539 637 564 ac
668 524 753 564 viae
779 524 983 563 intervallo
1013 524 1273 578 cognoscitur.
1339 522 1415 564 Sed
1448 538 1493 564 eo
1525 538 1588 564 res
1620 524 1684 563 ad-

158 592 269 632 ducta
303 599 362 632 est
394 599 433 632 ut
458 592 652 647 improbus
684 592 746 631 ille
776 599 973 631 veterator
1000 605 1095 645 quae
1128 592 1165 630 in
1198 592 1261 632 via
1287 599 1396 646 gesta
1423 599 1533 642 sunt,
1581 598 1619 631 et
1647 592 1682 630 in

157 660 297 714 templo
321 675 340 700 a
366 661 559 701 salvatore
585 667 673 700 ante
701 659 800 699 hunc
821 673 1038 699 sermonem
1065 666 1152 699 sunt
1176 660 1299 710 dicta,
1341 659 1603 700 dissimulasse
1628 660 1684 698 vi-

160 728 307 768 deatur.
369 727 561 768 Nimirum
579 760 588 779 ,
621 731 759 767 Domus
781 741 859 766 mea
881 729 1008 766 domus
1029 731 1208 767 orationis
1237 729 1426 767 vocabitur
1448 736 1516 767 ele.
1534 759 1543 775 ‚
1580 734 1618 767 ut
1643 726 1680 766 in

155 795 353 850 prophetia
384 797 577 850 leguntur.

268 861 400 905 Sellol.
425 862 536 904 LIV.
581 866 634 902 Et
654 867 892 916 quaesierunt
920 866 1072 903 zize'z'c‘ere
1099 878 1229 903 manus
1259 867 1295 903 in
1327 866 1453 912 illum,
1488 873 1526 903 et
1554 868 1680 903 te'nme-
1701 875 1767 902 Luc.
1781 877 1823 910 20,
1845 878 1882 904 19.

154 940 255 971 runt.

264 999 397 1041 Refut.
422 999 534 1041 LIV.
582 997 693 1052 Quae
720 999 764 1039 ad
791 998 890 1039 hunc
913 999 1038 1039 locum
1065 1006 1260 1055 spectant,
1305 1013 1350 1040 ea
1377 1000 1554 1054 proxima
1577 1001 1681 1041 resu-

154 1067 298 1108 tatione
330 1082 412 1109 cum
445 1069 526 1124 ipsa
558 1067 734 1122 loquendi
764 1067 915 1107 ratione
947 1081 1056 1121 quam
1090 1067 1175 1108 fieri
1208 1068 1328 1122 potuit
1355 1068 1584 1109 brevissime
1612 1082 1680 1108 ex-

152 1149 270 1189 pensa
301 1143 390 1176 sunt
421 1144 460 1177 et
491 1136 698 1192 explicata.

265 1201 398 1245 Schol.
422 1203 512 1246 LV.
557 1202 653 1244 Item
683 1203 787 1244 illum
812 1202 966 1244 induxit
991 1203 1138 1254 locum,
1182 1218 1255 1258 quo
1287 1204 1333 1244 de
1359 1203 1437 1244 vite
1464 1203 1527 1244 illa
1552 1204 1678 1258 agitur
1700 1215 1771 1242 thid.
1790 1217 1814 1243 9.

153 1272 332 1327 agricolis
361 1273 500 1314 locata.
563 1272 692 1326 Atque
715 1271 787 1312 hoc
809 1271 988 1326 insuper:
1024 1274 1122 1321 Quid
1141 1279 1196 1310 est
1213 1275 1345 1324 egitur,
1379 1275 1552 1324 Lapidem
1575 1287 1677 1325 quem
1700 1284 1772 1310 nml.
1792 1286 1830 1312 ιτ,

152 1342 446 1392 reprobaverunt
471 1342 709 1393 aedificantes
722 1344 740 1378 ?

260 1407 394 1450 Resut.
424 1408 515 1450 LV.
562 1407 671 1449 Nihil
705 1408 744 1447 id
781 1407 933 1462 quidem
971 1421 1113 1448 nocere
1149 1408 1260 1448 nobis
1297 1415 1435 1461 potest.
1504 1407 1678 1449 Tametsi

149 1475 249 1516 enim
273 1477 398 1517 locum
419 1477 533 1517 istum
557 1475 771 1526 exemerit,
806 1490 881 1515 non
908 1475 984 1515 ullo
1007 1475 1043 1515 id
1069 1482 1203 1515 nostro
1229 1476 1366 1516 damno
1391 1477 1566 1527 sustulit,
1608 1477 1675 1517 sed

149 1543 223 1584 sibi
254 1544 327 1600 ipsi
361 1545 517 1600 suisque
550 1543 673 1585 fraudi
704 1544 829 1599 potius
861 1543 945 1583 fuit.
1009 1540 1281 1598 Compluribus
1314 1544 1414 1584 enim
1447 1544 1678 1585 testimoniis

149 1612 242 1652 satis
273 1626 463 1668 superque
495 1613 698 1653 refellitur.

261 1678 395 1721 Schol.
423 1679 533 1720 LVI.
579 1679 735 1721 Delevit
757 1679 870 1720 illude
918 1682 1011 1729 Quia
1038 1693 1121 1717 vero
1145 1683 1285 1718 mortni
1302 1688 1525 1732 resurgunt,
1570 1682 1677 1731 Moy·
1696 1693 1768 1720 ibid.
1786 1696 1827 1722 37.
1888 1694 1892 1697 ·

149 1762 208 1786 ses
231 1751 390 1787 ostendit
409 1763 514 1788 secus
536 1749 690 1796 rubum,
724 1751 824 1786 sicut
843 1750 936 1786 dicit
954 1749 1137 1786 dominum
1162 1750 1265 1787 deum
1289 1749 1477 1796 Abraam,
1511 1751 1620 1787 Isaac·
1644 1757 1679 1786 el

150 1817 273 1855 Iacob.
336 1820 436 1855 Deus
465 1824 586 1856 autem
616 1824 674 1855 est
701 1819 885 1863 vivorum,
918 1830 989 1854 non
1021 1823 1262 1854 mortuorum.

261 1883 395 1931 Resut.
420 1883 532 1925 LVI.
581 1883 840 1924 Admirandus
869 1883 981 1937 plane
1012 1882 1137 1923 insani
1170 1883 1334 1924 hominis
1364 1891 1512 1938 stupor.
1575 1882 1677 1937 Quid

149 1951 279 1992 enim?
335 1951 426 1992 Non
457 1952 547 1992 illud
581 1952 900 1992 animadvertisse
932 1960 999 2006 par
1030 1951 1131 1991 istud
1157 1965 1242 1992 esse
1268 1952 1528 1993 testimonium
1553 1952 1674 1992 altero

147 2019 202 2060 illi
235 2021 280 2060 de
311 2020 484 2060 mendico
511 2018 690 2070 Lazaro,
732 2034 802 2060 nec
835 2034 908 2059 non
942 2026 979 2059 et
1009 2033 1140 2059 eorum
1171 2019 1374 2074 parabolae
1403 2020 1538 2074 quihus
1565 2020 1674 2074 regni

149 2087 272 2128 aditus
302 2088 593 2128 intercluditur?
653 2085 823 2141 Quarum
858 2087 1008 2142 quidem
1037 2087 1302 2142 parabolarum
1330 2088 1512 2142 reliquias
1540 2102 1674 2127 serva—

147 2155 224 2206 vit,
267 2170 337 2196 nec
368 2163 407 2196 ut
435 2156 508 2196 alia
540 2155 719 2210 pleraque
751 2156 918 2196 sustulit.
981 2154 1035 2196 Ita
1069 2169 1215 2195 summa
1247 2170 1317 2196 sua
1348 2170 1432 2195 cum
1464 2154 1673 2209 ignominia

148 2223 268 2264 verba
299 2224 362 2264 illa
393 2224 617 2278 dereliquit:
660 2226 744 2262 Illic
776 2227 850 2263 eric
865 2227 984 2278 fletus
1014 2232 1051 2263 et
1078 2227 1220 2262 stridor
1248 2226 1422 2262 dentium.
1487 2220 1671 2263 Ceterum

148 2291 246 2345 quod
279 2298 317 2332 et
340 2291 479 2345 digitus
511 2298 597 2346 post
620 2290 762 2332 obitum
794 2292 832 2331 in
859 2306 992 2346 aquam
1018 2291 1279 2346 immergitur,
1323 2300 1361 2331 et
1384 2305 1479 2345 aqua
1505 2291 1670 2345 linguam

145 2355 377 2413 reTrigerat,
413 2359 465 2399 uti
495 2359 540 2399 de
565 2357 721 2399 Lazaro
749 2359 856 2400 dives
879 2359 1075 2400 Abraamo
1099 2359 1268 2410 dicebat,
1303 2360 1476 2413 quodque
1503 2358 1670 2398 dentium

146 2426 290 2467 stridor
315 2434 374 2468 est
401 2442 444 2468 ac
470 2428 604 2477 fletus,
649 2434 875 2481 argumento
902 2434 962 2467 est
987 2427 1311 2467 resurrectionem
1339 2441 1426 2468 esse
1450 2441 1668 2481 corporum,

146 2495 390 2548 quantumvis
412 2509 457 2535 ea
483 2508 578 2549 quae
601 2495 908 2536 demortuorum
934 2495 1219 2536 resurrectione
1242 2509 1333 2536 vere
1357 2501 1448 2536 sunt
1471 2509 1492 2534 a
1519 2494 1670 2534 domino

146 2562 292 2617 prolata
324 2577 438 2617 pecus
469 2563 534 2603 illa
565 2562 776 2603 sustulerit.

264 2630 396 2672 Schol.
423 2628 555 2670 LVII.
602 2628 682 2670 Ista
715 2644 865 2685 quoque
896 2631 1175 2685 praetermisit:
1223 2634 1315 2681 Quia
1355 2646 1439 2670 nero
1470 2639 1673 2682 resurgant

147 2702 286 2738 mortni
308 2706 345 2738 et
365 2701 515 2750 Moyses
540 2700 699 2737 ostendit
723 2701 866 2746 (licens,
913 2701 1017 2738 deum
1041 2700 1230 2746 Abraam,
1274 2707 1310 2738 et
1335 2701 1438 2738 deum
1463 2702 1591 2747 Isaac,
1635 2706 1671 2737 et

146 2768 249 2805 deum
279 2768 410 2814 Iacob,
444 2769 548 2805 deum
579 2769 754 2805 vivorum.

255 2833 390 2875 Rel'ut.
412 2832 543 2875 LVII.
589 2831 781 2886 Quoniam
805 2833 864 2874 bis
889 2834 1022 2875 eadem
1047 2848 1068 2875 a
1090 2834 1281 2875 salvatore
1304 2833 1466 2888 repetita
1488 2834 1668 2888 parabola

147 2908 228 2952 est,
268 2902 354 2942 ideo
380 2902 439 2942 bis
467 2915 550 2943 eam
578 2891 868 2957 proposuimus,
910 2916 958 2943 ne
984 2910 1026 2943 ut
1046 2902 1373 2943 circumforaneus
1398 2901 1471 2942 iste
1495 2900 1662 2952 Marcio,

188 2988 241 3024 29.
266 2993 370 3033 Supra
395 2991 522 3031 καὲὠς.
