2034 3267
460 150 638 182 PANARH
661 151 742 183 121ss.
760 152 785 183 1.
809 150 914 183 ToM.
936 151 992 182 111.
1015 150 1144 182 HAER.
1163 149 1268 180 xmi.
1548 140 1626 180 605

106 229 160 270 ris
183 229 327 284 pariter
347 229 572 284 animaeque
592 230 782 280 dominus,
816 243 860 269 ac
883 236 958 270 tam
982 229 1195 284 praesentis
1219 241 1329 282 quam
1353 228 1502 267 futurae
1525 225 1627 267 vitae

107 298 280 352 largitor.
342 296 413 337 Hie
446 298 545 338 enim
576 305 662 352 post
693 299 865 352 corporis
896 298 1038 338 obitum
1066 296 1259 337 Lazarum
1288 303 1325 336 et
1349 296 1486 336 viduae
1512 295 1627 334 filium

108 379 151 406 ac
177 379 398 420 synagogae
424 365 605 420 principis
637 366 749 405 filiam
775 366 961 405 excitavit
991 379 1010 404 a
1038 365 1218 415 mortuis,
1262 378 1337 404 non
1364 370 1404 403 ut
1427 363 1466 403 in
1489 363 1626 402 malum

108 433 282 486 quiddam
313 433 397 473 illos
426 433 555 473 subire
580 433 848 488 compelleret,
894 433 1104 472 cuiusmodi
1129 431 1362 485 ergastulum
1390 431 1453 471 isti
1479 431 1627 470 animae

107 515 246 555 corpus
271 515 357 541 esse
381 508 574 552 statuunt,
615 503 681 541 sed
703 501 843 541 bonum
867 500 996 554 utique
1022 500 1196 550 molitus,
1238 514 1281 539 30
1304 498 1421 553 probe
1448 498 1546 538 istud
1572 498 1629 538 in-

105 569 284 622 telligens
307 576 378 609 tam
401 568 499 609 illam
522 569 560 609 in
581 583 742 623 corpore
764 568 1102 608 commorationem
1127 581 1145 607 a
1169 581 1211 607 se
1230 581 1340 620 quam
1361 567 1525 606 suturam
1546 579 1628 606 031·-

107 636 165 676 nis
190 644 229 677 et
252 637 402 677 animae
426 637 747 677 resurrectionem
773 650 860 676 esse
886 635 1093 676 definitam.
1155 634 1215 674 Ac
1241 635 1271 674 si
1295 634 1526 687 reliquorum
1549 634 1629 673 ani-

106 705 287 745 mantium
317 706 476 745 eandem
501 712 614 758 atque
638 704 830 744 hominum
858 717 944 744 esse
968 709 1119 757 putaret
1141 703 1327 752 animam,
1371 716 1453 742 cum
1478 702 1628 741 animae

107 773 319 813 servandae
346 787 483 813 caussa
505 772 701 823 venisset,
736 786 972 826 nequaquam
999 770 1200 825 oportebat
1220 769 1419 824 arreptitio
1444 785 1520 810 uno
1545 783 1628 825 per-

107 848 268 890 sanato,
302 841 364 895 qui
389 855 408 880 e
435 840 691 880 monumentis
717 839 871 890 exibat,
905 839 1011 879 abire
1036 840 1242 879 daemones
1266 838 1399 878 iubere
1425 852 1469 878 ac
1494 852 1630 892 porco-

106 923 189 949 rum
220 909 335 949 millia
366 909 439 949 duo
469 907 683 962 perimere,
727 907 759 947 si
783 907 820 947 in
845 907 972 962 porcis
997 915 1036 947 et
1060 906 1277 946 hominibus
1304 906 1458 946 eaedem
1482 905 1629 945 animae

106 977 315 1017 resideant.
379 974 460 1017 Cur
482 976 583 1016 enim
606 975 718 1016 unius
745 989 873 1015 curam
898 989 981 1015 cum
1009 975 1167 1015 duorum
1191 973 1347 1014 millium
1373 973 1631 1014 commutabat

108 1045 256 1085 exitio?
312 1044 374 1084 Ad
402 1043 496 1084 haec
523 1044 555 1084 si
583 1043 772 1098 serpentis
796 1043 919 1083 instar
943 1043 1104 1096 obliquis
1128 1042 1292 1082 flexibus
1314 1041 1448 1081 callide
1469 1041 1627 1095 irrepat,

107 1126 152 1153 ac
181 1113 281 1152 dicat
310 1112 394 1152 ideo
428 1126 448 1151 a
481 1112 653 1166 corporis
682 1111 766 1151 illas
798 1111 960 1151 vinculis
992 1111 1191 1151 exsolutas
1222 1124 1374 1150 sursum
1407 1116 1446 1149 ut
1475 1109 1629 1149 evolare

107 1187 285 1235 possent,
328 1180 442 1220 etiam
467 1178 662 1220 Lazarum
690 1194 756 1234 par
781 1186 864 1220 erat
885 1193 1046 1234 corpore
1070 1179 1234 1219 solutum
1260 1178 1305 1218 ad
1330 1192 1469 1232 corpus
1491 1177 1628 1217 iterum

106 1248 260 1288 minime
284 1247 450 1297 reverti,
485 1248 656 1302 adeoque
682 1248 785 1288 illum
809 1247 933 1302 ipsum
957 1261 1068 1301 quem
1091 1246 1257 1286 diximus
1280 1245 1519 1300 arreptitium
1545 1259 1630 1285 cor-

106 1316 209 1371 poris
232 1315 395 1356 vinculis
420 1316 616 1367 eximere3
659 1316 757 1370 quod
783 1316 934 1369 quidem
961 1316 1087 1356 facere
1111 1314 1255 1365 noluit,
1298 1315 1365 1354 sed
1389 1314 1540 1368 corpori
1565 1328 1631 1368 po-

105 1383 182 1425 tius
221 1383 292 1424 1100
325 1384 436 1424 modo
470 1383 657 1437 providit,
706 1384 802 1424 haud
834 1383 991 1437 ignarus
1025 1383 1112 1437 quid
1142 1382 1382 1437 potissimum
1412 1381 1627 1436 expediret.

107 1450 367 1506 Quamobrem
391 1452 465 1492 ruit
486 1452 548 1491 illa
573 1459 650 1502 tua,
684 1450 852 1502 Marcio,
886 1458 1129 1504 tuorumque,
1162 1463 1234 1490 nec
1257 1464 1332 1489 non
1354 1457 1392 1490 et
1413 1456 1628 1490 ceterorum

106 1519 152 1560 de
176 1520 298 1560 anima
323 1519 602 1561 baereticorum
628 1520 771 1574 opinio.
834 1519 893 1560 De
918 1519 1094 1559 simulata
1119 1532 1213 1558 vero
1236 1518 1299 1558 illa
1322 1524 1385 1558 tua
1407 1517 1509 1558 vitae
1533 1517 1631 1556 inte-

106 1587 245 1642 gritate
277 1602 377 1628 nunc
407 1588 538 1643 paucis
569 1588 755 1642 agendum
791 1595 871 1638 est,
920 1588 1041 1641 deque
1072 1600 1118 1626 eo
1146 1587 1245 1640 quod
1268 1586 1496 1626 sceleratum
1518 1591 1629 1638 atque

106 1655 364 1696 execrabilem
389 1670 498 1696 usum
520 1655 690 1696 carnium
714 1669 801 1696 esse
824 1655 1040 1696 contendis.
1103 1652 1181 1694 Sed
1206 1654 1383 1694 nimirum
1404 1660 1440 1693 te
1463 1653 1633 1693 salvator

105 1724 187 1779 ipse
210 1724 460 1774 condemnat,
504 1723 566 1777 qui
591 1738 674 1763 cum
699 1723 860 1764 scientia
883 1723 996 1777 longe
1020 1717 1236 1773 antecellit,
1283 1729 1358 1762 tum
1384 1721 1470 1775 quid
1495 1719 1630 1760 melius

107 1799 212 1833 esset
244 1792 314 1831 1130
348 1791 540 1832 sententia
570 1791 795 1846 complexus
827 1798 911 1832 est:
960 1782 1133 1841 Oue‘s'nam
1166 1798 1221 1829 est
1249 1805 1271 1829 a
1301 1805 1371 1842 quo
1390 1791 1503 1841 filius
1527 1796 1633 1840 petat

100 1864 252 1913 piscem,
287 1875 371 1899 num
395 1868 596 1911 serpentem
616 1861 720 1898 dabit
737 1862 797 1899 z'llz'
816 1868 883 1899 aut
895 1875 967 1911 pro
989 1874 1054 1898 ovo
1075 1861 1300 1910 scorpionem
1313 1863 1330 1897 ?
1389 1856 1537 1910 Quibus
1559 1856 1631 1896 ista

107 1928 291 1969 subiecit:
326 1930 372 1967 Si
390 1942 480 1979 ergo
507 1943 566 1966 vos
587 1943 666 1967 cum
686 1931 769 1967 siles
792 1930 882 1967 mali
900 1930 1016 1967 nostis
1039 1928 1131 1966 bona
1151 1929 1237 1965 dala
1259 1929 1349 1965 dar-e
1358 1927 1460 1978 filiis
1481 1928 1626 1972 vestris,

107 2005 242 2049 quanto
272 1999 390 2047 magis
419 2004 530 2047 pater
562 2004 680 2035 vester
709 1998 904 2035 coelestis?
970 1993 1090 2049 igitur
1122 2009 1205 2035 cum
1240 1994 1327 2034 data
1356 1993 1455 2033 bona
1490 1992 1630 2047 piscem

108 2077 297 2118 ovumque
321 2063 513 2113 nominet,
556 2064 692 2104 malum
727 2078 800 2103 non
834 2070 893 2104 est
926 2064 1016 2103 illud
1048 2078 1122 2117 quo
1145 2063 1306 2103 coelitus
1328 2075 1515 2101 concesso
1546 2075 1629 2100 cum

107 2133 314 2187 gratiarum
341 2132 491 2171 actione
517 2131 768 2186 perfruimur,
813 2132 984 2186 adeoque
1017 2138 1079 2172 tua
1105 2146 1156 2171 ex
1179 2130 1280 2171 omni
1306 2136 1411 2184 parte
1436 2130 1538 2168 fraus
1562 2128 1631 2168 im-

108 2199 305 2255 pietasque
340 2199 543 2253 detegitur.

222 2266 353 2309 Scbol.
380 2266 519 2307 XXV.
565 2266 787 2308 Detractum
817 2268 907 2308 illud
939 2275 1023 2308 erat.
1049 2268 1146 2322 quod
1179 2267 1222 2307 ad
1253 2265 1471 2320 proplietam
1498 2263 1629 2304 Ionam

108 2335 290 2391 pertinet.
354 2333 422 2376 Sic
445 2334 546 2375 enim
570 2335 752 2375 babebat:
789 2339 983 2375 Generatz'o
1006 2339 1116 2383 leaeo,
1150 2339 1295 2386 signum
1318 2348 1390 2373 non
1409 2334 1558 2372 dabitur
1579 2337 1624 2372 εἰ.
1649 2347 1773 2383 Lucu,
1790 2348 1831 2375 30.

109 2403 440 2444 Desiderabantur
472 2410 507 2442 et
538 2403 600 2442 illa
633 2403 768 2456 quibus
799 2404 845 2443 de
874 2402 1019 2444 Ninive
1051 2410 1088 2444 et
1119 2401 1328 2443 Salomone
1360 2402 1400 2441 fit
1429 2400 1586 2441 mentio.

220 2471 353 2511 Refut.
376 2468 515 2510 XXV.
560 2469 646 2510 Nee
668 2471 705 2510 in
729 2471 803 2512 illis
825 2471 974 2525 quidem
995 2471 1090 2512 locis
1112 2484 1208 2525 quae
1230 2469 1439 2509 mutilando
1461 2483 1632 2509 corrum»

110 2539 190 2594 pis,
231 2537 405 2588 Marcio,
450 2538 523 2578 vim
564 2545 671 2592 potes
703 2539 878 2579 veritatis
916 2540 1101 2593 effugere.
1162 2536 1335 2577 Tametsi
1376 2536 1475 2576 enim
1511 2543 1629 2576 totum

109 2607 199 2647 illud
233 2608 279 2646 de
313 2604 404 2646 lona
438 2605 620 2660 propheta
652 2605 878 2657 subtrahas,
923 2621 996 2660 quo
1028 2605 1232 2646 salvatoris
1260 2604 1539 2644 administratio
1570 2604 1630 2644 illa

113 2675 235 2715 omnis
255 2673 504 2728 exprimitur,
538 2674 691 2714 auferas
715 2674 828 2714 etiam
851 2688 894 2714 ea
918 2688 1014 2728 quae
1038 2675 1082 2714 ad
1106 2672 1239 2714 Austri
1261 2673 1429 2726 reginam
1455 2685 1498 2712 30
1520 2670 1631 2712 Salo-

111 2756 263 2783 monem
291 2748 487 2797 spectant,
531 2755 606 2781 una
638 2755 721 2781 cum
752 2741 911 2782 salutari
941 2741 1004 2782 illa
1027 2741 1192 2782 Ninives
1219 2740 1412 2780 mentione
1443 2753 1486 2779 30
1513 2737 1631 2780 101130

112 2810 418 2864 praedicatione,
453 2808 698 2849 nihilominus
718 2809 780 2849 vel
797 2808 858 2849 illa
873 2840 883 2860 ,
917 2823 1026 2864 quam
1049 2807 1251 2864 proposui,
1285 2808 1430 2862 iugulat
1451 2814 1487 2847 te
1506 2807 1632 2849 salva-

156 2910 208 2944 78.
239 2910 281 2955 δὴ
316 2910 391 2954 περὶ
414 2909 542 2953 Νινευή
574 2909 632 2944 καὶ
663 2912 739 2953 βασ.
770 2914 852 2943 extat
942 2910 993 2945 79.
1019 2911 1222 2953 Σαλομῶνος
1245 2912 1291 2943 ed.
1311 2912 1417 2943 petav.

114 2966 220 2996 supra.
