2034 3267
169 371 232 399 pag.
251 361 306 387 13⁰.

187 2514 251 2541 pag.
272 2505 326 2530 137.

324 203 402 240 2⁴50
871 200 1027 231 SANCTt
1056 199 1276 230 ΕΡΙΡΗΑΝΠ

327 285 378 333 ὥς
395 283 470 336 ἤδη
488 285 687 333 προεῖπον,
713 275 926 328 ἀξιώματος
946 276 989 316 ἐν
1006 279 1054 330 τῇ
1075 272 1196 314 αὐτοῦ
1213 277 1396 331 βασιλείᾳ.
1447 276 1608 331 Κόμητα
1625 276 1697 332 γάρ
1719 275 1836 317 αὐτόν

325 352 548 400 κατέστησε,
578 344 708 397 φήσας
731 342 834 399 αὐτῷ
857 345 976 383 αἰτεῖν
1001 340 1117 382 πάλιν
1141 340 1163 381 ὃ
1189 340 1384 393 βούλεται·
1409 340 1430 383 ὅ
1454 345 1494 384 δὲ
1518 343 1632 386 οὐδὲν
1655 344 1836 402 ᾐτήσατο,

327 416 427 468 πλὴν
449 417 559 454 τοῦτο
583 413 762 466 μέγιστον
784 409 951 464 χάρισμα
970 414 1096 461 τυχεῖν
1119 406 1224 461 παρά
1246 412 1316 448 τοῦ
1338 411 1534 461 βασιλέως,
1564 411 1604 453 τό
1628 414 1837 466 ἐπιτραπῆ-

329 501 390 524 ναι
413 482 478 521 καὶ
505 478 569 520 διά
592 477 884 533 προςτάγματος
905 478 1107 529 βασιλικοῦ
1125 478 1379 527 οἰκοδομῆσαι
1404 480 1556 532 Χριστῷ
1575 480 1774 531 ἐκκλησίας
1798 480 1838 519 ἐν

326 555 409 596 ταῖς
437 546 568 588 πόλεσι
596 547 662 587 καὶ
690 544 840 597 κώμαις
866 549 944 584 τῶν
966 541 1182 584 Ἰουδαίων.
1227 541 1361 583 ’Ἐνθα
1384 560 1442 590 τις
1463 542 1554 584 οὐδέ
1577 562 1668 586 ποτε
1691 548 1839 598 ἴσχυσεν

327 619 585 667 οἰκοδομῆσαι
611 615 830 665 ἐκκλησίας,
861 610 924 652 δια
947 609 988 652 τό
1015 609 1308 663 μήτε”Ἐλληνα,
1340 609 1434 662 μήτε
1454 614 1716 664 Σαμαρείτην,
1747 612 1839 666 μήτε

331 681 564 737 Χριστιανὸν
584 681 700 733 μέσον
721 677 849 720 αὐτῶν
869 676 976 719 εἶναι.
1042 682 1164 718 Τοῦτο
1187 678 1228 718 δὲ
1250 676 1408 729 μάλιστα
1433 679 1473 718 ἐν
1500 677 1696 732 Τιβεριάδι
1715 682 1780 721 καὶ
1801 682 1840 721 ἐν

326 751 619 804 Διοκαισαρεία,
650 752 695 804 τῇ
714 748 780 788 καὶ
802 746 1046 799 Σεπφουρὶν,
1075 746 1142 786 καὶ
1163 746 1204 785 ἐν
1224 745 1398 798 Ναζαρὲτ
1419 746 1484 785 καὶ
1506 746 1546 786 ἐν
1569 746 1840 801 Καφαρναούμ

328 817 561 871 φυλάσσεται
589 813 678 869 παρ’
709 812 839 862 αὐτοῖς
871 817 973 854 7τοῦ
1003 810 1056 865 μὴ
1086 809 1183 852 εἶναί
1216 815 1331 852 8τινα
1361 810 1475 853 ἄλλου
1507 813 1660 860 ἔθνους.

440 882 589 935 Λαβών
619 883 659 923 δὲ
689 879 712 923 ὅ
739 880 933 934 Ἰώσηπος
962 878 1007 920 τά
1037 878 1240 934 γράμματα
1268 880 1334 920 καὶ
1362 878 1431 931 τὴν
1458 881 1634 928 ἐξουσίαν
1658 879 1751 932 μετά
1774 885 1843 921 τοῦ

327 952 544 1004 ἀξιώματος
565 951 629 991 ἐπὶ
650 948 720 1001 τὴν
748 947 956 1002 Τιβεριάδα
977 942 1089 999 ἧκεν,
1120 948 1215 999 ἔχων
1235 948 1300 987 καὶ
1320 945 1520 994 ἐπιστολάς
1539 945 1616 987 άπὸ
1639 952 1716 988 τῶν
1738 950 1844 1000 βασι-

327 1025 446 1062 λικῶν
466 1018 703 1067 ἀναλίσκειν,
734 1015 825 1057 ἄλλα
845 1017 911 1056 καὶ
933 1013 1049 1062 αὐτὸς
1071 1012 1261 1066 ὀψωνίοις
1282 1013 1389 1066 παρὰ
1407 1018 1475 1054 τοῦ
1495 1015 1678 1066 βασιλέως
1699 1032 1843 1068 τετιμη-

329 1089 453 1140 μένος.
500 1084 677 1138 ”Ἀρχεται
705 1088 800 1139 γαῖν
827 1085 867 1124 ἐν
896 1080 1093 1137 Τιβεριάδι
1122 1085 1267 1130 κτίζειν.
1329 1080 1439 1128 Ναός
1469 1081 1509 1121 δὲ
1537 1082 1711 1135 μέγιστος
1735 1084 1775 1123 ἐν
1799 1087 1845 1139 τῇ

328 1153 435 1195 πόλει
464 1156 712 1205 προϋπῆρχε,
752 1149 847 1203 τάχα
871 1148 980 1202 οἶμαι
1006 1147 1268 1202 ιἈδριάνειον
1289 1152 1403 1189 τοῦτο
1432 1148 1612 1189 ἐκάλουν·
1654 1147 1779 1197 ἀτελὲς
1805 1150 1846 1190 δὲ

329 1226 441 1262 τοῦτο
473 1218 513 1259 τό
543 1217 780 1270 Ἀδριάνειον
810 1218 989 1268 διαμένον
1018 1215 1112 1267 τάχα
1139 1217 1179 1256 οἵ
1206 1220 1357 1255 πολῖται
1388 1217 1440 1262 εἷς
1469 1216 1659 1267 δημόσιον
1683 1216 1847 1270 λουτρόν

331 1291 537 1339 ἐπειρῶντο
568 1284 826 1326 ἐπισκευάσαι.
873 1283 997 1335 ’Όπερ
1022 1280 1145 1334 εὑρών
1169 1279 1191 1322 ὁ
1214 1279 1407 1333 Ἰώσηπος
1434 1283 1475 1322 ἐκ
1497 1282 1636 1323 τούτου
1661 1282 1730 1335 τήν
1752 1283 1847 1337 πρό-

332 1369 451 1404 φασιν
472 1355 572 1404 ἔσχε,
603 1353 668 1392 καὶ
690 1349 743 1398 ὥς
768 1355 787 1378 ‘⁴‘-
801 1350 876 1402 ἤδη
896 1345 982 1403 εὗρε
1003 1348 1068 1389 διά
1087 1347 1331 1402 τετραπήχων
1355 1351 1479 1389 λίθων
1503 1351 1745 1402 τετραπέδων
1775 1352 1848 1399 ἕως

332 1422 464 1472 ὕψους
482 1418 586 1466 τινὸς
607 1416 928 1472 άνεγηγερμένον,
961 1418 1143 1458 ἐντεῦθεν
1164 1414 1316 1470 ἄρχεται
1337 1422 1538 1457 ποιεῖσθαι
1558 1422 1627 1468 τῆς
1647 1418 1848 1470 ἐκκλησίας

333 1487 402 1541 τήν
425 1487 652 1538 ἐπιμέλειαν.
707 1483 914 1537 Ἀσβέστου
941 1484 981 1524 δὲ
1003 1479 1052 1538 ἦν
1077 1485 1202 1536 χρεία,
1244 1484 1310 1523 καὶ
1335 1488 1403 1535 τῆς
1428 1482 1540 1535 ἄλλης
1560 1483 1664 1536 ὕλης.
1724 1487 1847 1536 Καμί-

334 1572 425 1603 νους
451 1556 582 1595 τοίνυν
606 1554 751 1601 ἔξωθεν
776 1556 844 1604 τῆς
868 1550 1016 1599 πόλεως
1039 1549 1181 1598 πολλάς
1203 1551 1409 1604 προςέταξε
1429 1552 1627 1604 γενέσθαι,
1667 1549 1761 1603 τάχα
1782 1550 1850 1592 τόν

335 1621 507 1674 οἷριθμόν
529 1619 640 1661 ἑπτά·
683 1617 907 1673 φούρνακας
930 1618 970 1659 δὲ
994 1620 1206 1672 ἐπιχωρίως
1226 1616 1367 1665 ταύτας
1387 1622 1579 1659 καλοῦσιν.
1644 1620 1695 1658 Οἱ
1713 1619 1753 1659 δὲ
1777 1621 1850 1659 δει-

336 1691 398 1731 νοὶ
417 1689 484 1729 καὶ
506 1686 605 1740 πρὸς
627 1691 704 1727 πᾶν
725 1688 949 1739 ἐπιχείρημα
969 1684 1146 1737 εὔτολμοι
1162 1683 1351 1726 Ἰουδαῖοι
1371 1689 1440 1738 τῆς
1459 1683 1548 1738 παρ’
1567 1683 1698 1733 αὐτοῖς
1720 1683 1778 1726 άεὶ
1798 1703 1852 1740 γι-

336 1758 499 1808 νομένης
529 1756 758 1808 μαγγανείας
788 1751 860 1793 οὐκ
893 1750 1132 1805 3άπείχοντο.
1191 1755 1382 1800 Ματείαις
1410 1751 1480 1806 γάρ
1511 1767 1584 1793 τισι
1614 1754 1680 1793 καὶ
1704 1769 1851 1806 περιερ-

339 1827 439 1878 γίαις
462 1821 502 1863 τὸ
525 1826 603 1875 πῦρ
624 1823 837 1872 καταδῆσαι
855 1821 893 1860 οἵ
911 1822 1090 1874 γεννᾶδαι
1107 1818 1295 1861 Ἰουδαῖοι
1313 1821 1576 1872 ἐπετρίβησαν,
1607 1817 1683 1860 ἄλλ’
1703 1818 1777 1860 οὐκ
1799 1821 1852 1868 εἰς

340 1893 445 1937 τέλος
466 1891 635 1941 ἴσχυσαν.
685 1886 820 1941 ’Ήργει
837 1891 932 1940 γοῦν
949 1885 991 1928 τὸ
1012 1890 1090 1940 πῦρ
1134 1888 1199 1927 καὶ
1219 1904 1291 1928 ουκ
1312 1888 1504 1940 ἔπραττεν,
1535 1885 1627 1927 ἄλλα
1647 1891 1716 1939 τῆς
1737 1889 1850 1937 ἰδίας,

341 1976 394 2005 ως
416 1973 548 2005 ειπειν,
579 1954 734 2006 φύσεως
755 1953 863 2002 ἐκτὸς
883 1954 1041 2007 ἐγένετο.
1097 1951 1163 2001 Ὡς
1185 1955 1226 1995 δὲ
1245 1956 1285 1995 οἱ
1300 1953 1370 2006 τὴν
1388 1953 1597 2005 καυστικὴν
1617 1953 1711 2006 ύλην
1731 1972 1853 2008 παρα-

341 2025 491 2078 βάλλειν
510 2028 562 2079 τῷ
584 2024 678 2076 πυρὶ
701 2021 1004 2075 ἐπιτεταγμένοι,
1044 2021 1144 2072 φημὶ
1167 2022 1207 2061 δὲ
1230 2038 1435 2074 ρωπακας,
1474 2019 1538 2061 εἰτ’
1561 2022 1632 2061 οὐν
1655 2020 1851 2075 φρύγανα,

342 2093 583 2146 παραθέντες
601 2087 673 2131 οὐκ
694 2087 895 2143 ἐνήργουν,
918 2092 970 2143 τῷ
989 2085 1168 2144 Ἰωσηπῳ
1188 2086 1229 2129 τὸ
1250 2089 1422 2142 πραχθὲν
1442 2087 1645 2139 ἐσήμαναν.
1682 2089 1854 2140 Δηχθεὶς

342 2162 414 2201 οὐν
433 2175 503 2211 την
523 2158 648 2211 φρένα
671 2174 691 2198 ο
713 2155 834 2210 ανὴρ,
863 2156 928 2195 καὶ
950 2153 1047 2210 ζήλῳ
1069 2153 1208 2208 ἅρθεις
1227 2160 1277 2211 τῷ
1299 2154 1396 2210 πρὸς
1419 2154 1485 2196 τόν
1504 2153 1659 2209 κύριον,
1691 2157 1854 2233 ε’δραμεν

342 2229 413 2276 εξω
434 2231 501 2279 τῆς
523 2224 689 2273 πόλεως,
726 2224 794 2264 καὶ
814 2221 918 2276 ὕδωρ
943 2220 1120 2270 κελεύσας
1143 2223 1347 2275 ἐνεχθῆναι
1370 2224 1410 2264 ἐν
1433 2221 1558 2276 ἄγγει,
1599 2222 1639 2262 ἐν
1660 2221 1853 2279 καμψάκῃ

344 2294 444 2346 φημὶ
469 2291 696 2344 (κακούβιον
718 2291 758 2331 δὲ
781 2293 893 2331 τοῦτο
917 2290 958 2330 οἷ
975 2288 1172 2342 ἐπιχώριοι
1192 2294 1387 2339 καλοῦσι),
1415 2288 1542 2341 λαβών
1561 2287 1603 2330 τό
1621 2287 1714 2329 αὐτὸ
1739 2288 1855 2344 ἄγγος

343 2365 412 2402 τοῦ
443 2360 587 2407 ’ὕδατος
618 2357 786 2400 ἐνώπιον
815 2356 970 2397 πάντων
997 2359 1284 2410 (συνηθροίσθη
1315 2357 1355 2398 δὲ
1379 2361 1533 2409 πλῆθος
1552 2354 1760 2397 Ἰουδαίων
1789 2357 1854 2397 ἐπὶ

343 2426 413 2482 τήν
434 2428 543 2477 θέαν,
575 2424 648 2467 4τό
671 2423 967 2478 ἀποβησόμενον
987 2425 1081 2463 ἰδεῖν
1102 2423 1395 2474 σπουδάζοντες,
1425 2424 1490 2464 καὶ
1509 2422 1567 2464 ὅτι
1587 2421 1856 2475 ἐπιχειρήσειεν

343 2493 531 2547 Ἰώσηπος
558 2491 769 2547 πράττειν),
808 2490 947 2547 μεγάλῃ
978 2493 1022 2546 τῇ
1053 2496 1166 2546 φωνῇ
1191 2488 1214 2532 0‘
1239 2489 1334 2543 οἷνηρ
1359 2495 1528 2544 σταυροῦ
1553 2492 1747 2544 σφραγῖδα
1775 2491 1854 2530 ε’πι-

345 2562 432 2610 θεὶς
460 2566 511 2618 τῷ
543 2559 649 2614 ἄγγει
678 2558 741 2600 διά
769 2562 838 2600 τοῦ
862 2559 962 2598 ἰδίου
987 2556 1196 2607 δακτύλου,
1235 2559 1301 2598 καὶ
1326 2556 1642 2609 ἐπικαλεσάμενος
1664 2554 1706 2597 τό
1732 2554 1855 2608 ὄνομα

341 2619 486 2680 Ἰησοῦ,
519 2625 622 2668 εἶπεν
642 2625 785 2676 οὕτως,
814 2624 876 2666 Ἐν
897 2622 1058 2676 ὀνόματι
1075 2622 1200 2676 Ἰησοῦ
1223 2630 1291 2666 τοῦ
1317 2627 1567 2677 Ναζωραίου,
1598 2618 1645 2664 οῦ
1667 2622 1855 2677 ἐσταύρωκ

346 2710 416 2735 σαν
438 2697 477 2736 οἷ
497 2695 657 2748 πατέρες
677 2710 753 2746 μου
773 2694 840 2734 καὶ
861 2690 1008 2733 τούτων
1028 2689 1181 2732 πάντων
1206 2696 1281 2732 τῶν
1302 2690 1582 2745 περιεστώτων,
1613 2690 1764 2744 γένηται
1788 2690 1854 2731 δύ-

348 2778 458 2814 ναμις
481 2763 521 2802 ἐν
543 2759 666 2817 τούτῳ
689 2764 741 2816 τῷ
762 2759 887 2809 ὕδατι,
918 2759 971 2806 εἰς
993 2756 1178 2809 ἀθέτησιν
1204 2758 1331 2810 πάσης
1353 2760 1592 2812 φαρμακείας
1611 2758 1675 2797 καὶ
1696 2761 1853 2811 μαγείας

346 2823 394 2881 ἧς
425 2822 533 2868 οὗτοι
566 2830 752 2881 ἔπραξαν,
792 2827 858 2868 καὶ
883 2827 936 2873 εἰς
962 2825 1149 2878 ἐνέργειαν
1173 2825 1372 2878 δυνάμεως
1395 2830 1447 2881 τῷ
1471 2825 1566 2878 πυρὶ
1591 2824 1642 2871 εἰς
1664 2822 1705 2864 τό
1734 2825 1852 2864 ἐπιτε-

389 2929 419 2963 7.
442 2932 580 2961 Fortasse
597 2927 633 2961 τὸ
651 2939 706 2968 pro
722 2930 779 2961 τοῦ
795 2929 1010 2960 restituendum
1024 2929 1075 2958 est.
1168 2927 1242 2958 CAP.
1266 2928 1342 2958 ΧΠ.
1367 2945 1410 2950 -
1435 2926 1462 2958 1.
1492 2927 1536 2965 Cf.
1559 2927 1689 2957 Casaub.
1706 2928 1737 2957 in
1756 2928 1856 2966 Spar-

389 2973 419 3006 8.
443 2985 513 3007 τινα
535 2984 595 3005 non
618 2975 706 3005 habet
727 2975 792 3005 cod.
819 2975 913 3005 Vatic.
1121 2973 1195 3003 lian.
1216 2982 1248 3012 p.
1264 2971 1316 3005 26.
1340 2975 1365 3004 εἰ
1383 2981 1415 3011 p.
1438 2970 1505 3004 170.
1527 2971 1573 3002 ed.
1595 2972 1696 3002 Paris.
1716 2970 1808 3004 1620.
1830 2972 1853 3011 f.
