2034 3267
461 199 640 243 PANARn
665 200 746 233 ΜΒ.
766 202 790 232 1.
816 201 920 233 ToM.
941 202 981 233 υ.
1005 202 1136 234 ΗΑΕΡ..
1158 202 1290 233 xxxi.
1560 194 1639 233 325

108 279 302 335 apostolus
322 279 512 334 loquitur,
546 293 657 334 quam
682 279 986 320 aedificationem
1013 281 1095 331 dci,
1131 295 1226 335 quae
1251 289 1311 321 est
1333 281 1368 322 in
1395 282 1489 332 tide,
1521 289 1635 335 atque

107 348 219 388 iidem
243 347 296 387 illi
320 347 454 388 callida
478 348 761 401 artificiosaque
786 347 961 388 oratione
983 348 1246 402 imperitorum
1272 349 1420 390 animos
1445 350 1637 404 decipiant

107 430 152 456 ac
173 415 278 455 velut
300 415 473 470 captivos
494 415 707 469 abripiant,
742 416 827 455 dum
853 421 891 454 et
911 416 1066 455 oracula
1092 416 1219 456 divina
1240 417 1452 471 depravant
1472 425 1510 458 et
1530 427 1636 458 recte

108 484 207 524 dicta
243 497 443 538 perperam
478 483 804 537 interpretantur,
850 489 927 521 tum
962 497 1055 522 vero
1090 497 1199 536 quam
1232 484 1416 538 plurimos
1447 486 1493 525 ab
1526 485 1635 526 huius

107 551 278 592 universi
314 552 511 591 conditore
548 558 585 590 et
616 550 838 590 ordinatore
869 550 940 589 deo
971 550 1064 590 falsa
1099 551 1259 604 quadam
1292 552 1476 593 abductos
1506 554 1636 608 specie

107 619 340 673 cognitionis
372 619 410 658 in
440 619 647 673 perniciem
681 617 854 666 trahant3
897 618 1005 670 quasi
1037 618 1235 658 sublimius
1267 619 1408 673 aliquid
1441 635 1484 660 ac
1513 621 1635 661 maius

106 702 152 728 eo
182 688 450 728 demonstrare
478 687 648 741 possint,
692 685 753 738 qui
782 684 932 724 coelum
963 692 1202 740 terramque,
1247 701 1290 726 ac
1316 701 1412 741 quae
1436 687 1483 727 iis
1511 689 1634 728 conti-

106 763 245 796 nentur
265 755 415 805 omnia,
451 752 682 808 procrearit:
718 753 813 792 acteo
839 759 878 791 ut
896 752 1090 807 simplices
1114 754 1347 808 minimeque
1371 756 1492 795 malos
1514 756 1634 796 homi-

106 838 174 864 nes
210 822 346 863 fucatis
380 821 620 862 sermonibus
651 820 697 859 ad
729 819 903 859 veritatis
940 820 1224 874 indagationem
1261 822 1399 862 blande
1431 823 1633 864 admodum

106 891 284 941 illiciant,
319 904 441 944 neque
463 896 588 929 tamen
615 887 753 927 blande
777 887 863 926 illos
887 887 925 927 in
950 888 1111 928 exitium
1138 889 1354 944 impellant,
1388 890 1474 930 dum
1497 891 1634 931 adver-

107 974 172 1000 sus
197 972 324 999 rerum
351 957 520 1012 opificem
545 969 704 1010 pronam
731 955 776 994 ad
802 955 1103 996 maledicendum
1130 957 1360 1012 impiamque
1385 965 1552 998 mentem
1576 959 1633 998 in-

106 1027 263 1076 iiciunt,
310 1025 407 1079 quod
437 1037 569 1063 verum
603 1037 623 1062 a
655 1023 753 1062 falso
779 1023 1002 1064 discernere
1028 1024 1251 1078 quibuscum
1280 1031 1397 1079 agunt
1422 1034 1630 1080 nequeant.

107 1093 197 1134 Non
223 1093 322 1134 enim
348 1091 493 1132 falsitas
520 1090 620 1130 nuda
645 1105 689 1130 ac
716 1090 882 1146 simplex
903 1092 1151 1146 proponitur,
1187 1106 1233 1132 ne
1254 1093 1334 1132 suis
1358 1093 1632 1148 integumentis

107 1161 258 1202 evoluta
284 1158 513 1214 deprehendi
543 1159 653 1199 facile
678 1159 821 1214 possit,
868 1160 936 1200 sed
963 1160 1151 1215 speciosis
1174 1161 1385 1202 involucris
1418 1162 1515 1202 miro
1540 1163 1633 1202 arti-

105 1229 188 1270 ficio
217 1226 425 1283 perpolita,
469 1233 507 1266 ut
533 1234 699 1267 externa
725 1242 859 1282 pompa
885 1234 1000 1282 atque
1027 1229 1130 1269 cultu
1154 1229 1318 1269 veritate
1344 1230 1424 1284 ipsa
1449 1231 1632 1285 quodam-

104 1296 214 1337 modo
235 1294 428 1336 veriorem
449 1308 536 1335 sese
557 1295 752 1335 rudiorum
779 1295 901 1336 oculis
922 1296 1120 1348 subiiciat3
1155 1299 1471 1351 quemadmodum
1495 1298 1540 1338 ab
1563 1298 1632 1339 ali·

103 1378 175 1418 quo
205 1363 320 1417 longe
353 1377 466 1417 quam
498 1377 569 1403 nos
603 1364 883 1418 praestantiore
923 1365 968 1405 de
1002 1365 1187 1405 eiusmodi
1220 1367 1513 1419 pronunciatum
1547 1375 1627 1407 est:

101 1431 332 1486 Exquisitae
353 1445 527 1486 gemmae
548 1446 591 1472 ac
612 1432 916 1486 pretiosissimae
937 1433 1141 1486 smaragdo
1165 1433 1326 1474 similem
1349 1435 1395 1475 ab
1419 1435 1630 1476 artificibus

101 1500 182 1540 fieri
210 1500 373 1540 vitreum
402 1499 593 1554 lapillum,
638 1514 712 1540 non
744 1501 828 1540 sine
855 1501 1015 1555 quadam
1043 1501 1143 1542 illius
1170 1501 1333 1553 iniuria,
1377 1503 1448 1543 nisi
1473 1510 1628 1558 praesto

100 1567 150 1607 sit
171 1567 232 1621 qui
255 1567 498 1608 discernendi
524 1568 658 1623 peritia
682 1568 832 1620 valeat,
867 1569 1005 1623 quique
1031 1577 1113 1609 arte
1138 1584 1207 1610 sua
1232 1572 1351 1612 fretus
1377 1572 1628 1612 adulterinam

101 1636 203 1676 illam
223 1650 410 1690 gemmam
434 1636 726 1690 simulatamque
749 1636 965 1690 dignoscat.
1016 1636 1093 1678 Sed
1116 1652 1199 1678 cum
1225 1653 1290 1679 aes
1311 1647 1472 1694 argento
1493 1641 1630 1681 misce-

102 1711 177 1754 tur,
213 1704 297 1758 quis
322 1704 393 1744 hoc
418 1705 529 1744 facile
552 1704 780 1758 sincereque
801 1705 1018 1745 discernat?
1078 1704 1339 1759 Quamobrem
1362 1722 1410 1748 ne
1435 1709 1496 1763 qui
1519 1709 1629 1763 culpa

1658 289 1681 316 1.
1692 289 1768 317 Tim.
1782 289 1842 325 1,4.

103 1779 234 1813 nostra
268 1779 444 1826 tanquam
476 1786 570 1813 oves
604 1787 625 1812 a
655 1772 775 1827 lupis,
819 1772 875 1812 sic
901 1773 947 1813 ab
973 1773 1046 1813 illis
1072 1774 1333 1829 abripiantur,
1379 1791 1474 1830 quos
1500 1777 1830 1820 oviumMatth.·1‚15.

101 1840 262 1896 pellibus
288 1847 411 1881 tectos
436 1841 674 1895 ignorarint,
708 1840 920 1881 cuiusmodi
945 1842 1140 1882 cavendos
1167 1857 1255 1883 esse
1279 1844 1455 1885 dominus
1481 1845 1629 1900 pracci-

101 1908 177 1964 pit,
219 1922 380 1963 quornm
406 1908 541 1949 similis
565 1923 717 1959 sermo,
755 1908 949 1950 dissimilis
974 1917 1034 1950 est
1054 1910 1227 1962 animus,
1273 1912 1536 1953 necessarium
1563 1929 1631 1969 pu-

102 1977 201 2028 tavi,
235 1991 319 2017 oum
343 1976 381 2016 in
405 1975 626 2027 Valentini,
661 1984 701 2016 ut
722 1984 922 2028 asserunt,
956 1978 1228 2033 discipulorum
1251 1981 1551 2022 commentarios
1574 1983 1632 2022 in-

101 2045 282 2096 ciderim,
327 2060 411 2085 cum
444 2045 589 2099 aliquot
620 2045 732 2085 etiam
765 2059 816 2085 ex
845 2045 994 2085 illorum
1024 2061 1184 2087 numero
1210 2063 1445 2102 congressus
1475 2051 1628 2101 fuerim,

102 2113 188 2164 tibi,
231 2127 252 2153 ο
279 2113 502 2165 carissime,
546 2120 771 2168 portentosa
801 2113 864 2153 illa
896 2128 940 2154 ac
968 2115 1153 2169 profunda
1181 2116 1399 2170 significare
1427 2119 1627 2172 mysteria,

101 2195 198 2235 quae
221 2181 372 2235 quidem
398 2196 472 2221 non
500 2182 545 2221 ad
571 2188 720 2236 captum
746 2181 914 2222 omnium
940 2182 1104 2233 faciunt,
1139 2184 1237 2237 quod
1262 2198 1337 2224 non
1364 2199 1498 2226 omnes
1521 2199 1630 2226 cere·

100 2250 207 2290 bruni
234 2250 476 2305 exspuerint,
508 2256 605 2290 utet
626 2256 664 2289 tu
684 2249 849 2304 cognitis
872 2250 916 2289 iis
936 2250 1129 2291 universis
1152 2253 1212 2306 qui
1239 2259 1362 2293 tecum
1384 2260 1475 2293 sunt
1495 2254 1629 2294 eadem

102 2317 275 2358 declares
299 2332 342 2358 ac
365 2331 540 2368 moneas,
575 2317 628 2357 uti
651 2317 879 2358 altissimum
901 2317 1004 2358 illum
1027 2319 1213 2360 stultitiae
1235 2327 1347 2375 atque
1370 2321 1408 2360 in
1430 2318 1628 2362 Christum

102 2385 360 2441 blasphemiae
383 2386 574 2440 gurgitem
596 2385 782 2425 devitent.
828 2384 962 2440 ltaque
986 2388 1107 2441 quoad
1128 2389 1166 2428 in
1188 2403 1247 2429 me
1269 2389 1382 2429 situm
1405 2389 1479 2429 erit
1497 2403 1629 2430 eorum

100 2454 163 2508 qui
187 2454 332 2494 erroris
358 2454 469 2494 hodie
495 2453 669 2507 magistri
697 2460 807 2504 sunt,
842 2453 1019 2495 nimirum
1041 2454 1255 2497 Ptolemaei
1281 2457 1440 2511 eiusque
1464 2465 1630 2498 sectato-

99 2536 182 2562 rum
217 2521 280 2576 qui
312 2536 364 2562 ex
392 2520 591 2562 Valentini
625 2521 757 2562 schola
789 2522 1060 2574 effloruerunt,
1109 2525 1338 2566 sententiam
1371 2533 1552 2566 accurate
1585 2541 1629 2567 ac

99 2590 271 2630 breviter
293 2604 502 2645 exponam,
537 2596 574 2629 et
597 2590 642 2629 ad
668 2603 750 2629 eam
773 2591 1013 2632 refutandam
1038 2593 1176 2634 idonea
1200 2608 1268 2648 pro
1294 2594 1367 2634 mei
1392 2600 1523 2648 captus
1545 2594 1630 2634 cxi-

98 2658 244 2712 guitate
267 2665 491 2713 argumenta
511 2671 731 2712 suggeram,
758 2658 893 2712 quibus
916 2674 1012 2714 quae
1032 2661 1077 2701 ab
1100 2662 1175 2702 illis
1198 2662 1375 2702 dicuntur
1392 2662 1630 2716 perabsurda

99 2725 328 2781 minimeque
359 2726 512 2766 veritati
542 2732 800 2766 consentanea
832 2741 919 2768 esse
951 2729 1290 2770 demonstrabitur.
1355 2729 1531 2770 Tametsi
1560 2745 1626 2771 ne-

100 2826 197 2858 facite
211 2834 308 2870 atque
324 2827 514 2870 incorrupte
528 2827 563 2859 id
580 2827 750 2870 explorare
766 2840 841 2871 pos·
935 2830 984 2864 13.
1011 2830 1177 2876 &wolfi-³,
1202 2833 1283 2871 quod
1303 2833 1421 2864 Irenaei
1442 2834 1568 2873 Interpr.
1589 2835 1630 2865 le-

97 2871 165 2903 sit?
187 2875 212 2904 si
227 2871 417 2915 κείκεραίως
431 2876 608 2912 restitueris,
627 2883 777 2913 perquam
793 2876 842 2914 fa·
886 2879 941 2916 9it,
959 2879 1097 2918 quodque
1114 2879 1287 2917 suspicatus
1306 2881 1347 2908 est
1364 2880 1427 2909 iam
1444 2879 1563 2917 petav„
1581 2889 1629 2910 re-

99 2918 150 2948 cili
169 2926 206 2948 ea
225 2921 365 2950 adhibita
384 2920 515 2950 medella
533 2920 670 2951 servabis
691 2923 842 2959 receptam
887 2923 970 2954 stitui
985 2933 1022 2954 ex
1035 2925 1101 2954 cod.
1120 2924 1190 2954 Ven.
1227 2923 1323 2962 Vulgo
1340 2927 1422 2954 extat
1441 2921 1628 2966 ἐπιβουλήν.

95 2963 292 3002 vulgatorum
317 2966 464 2995 librorum
486 2966 706 2996 auctoritatem.
755 2966 842 2997 Mas-
935 2967 986 2999 14.
1008 2966 1064 3000 τὸν
1089 2965 1234 3009 Χριστὸν
1259 2969 1326 2999 cod.
1347 2970 1416 3000 Ven.

94 3010 200 3039 suetus
219 3010 428 3047 reponendum
451 3011 565 3040 censuit
590 3005 753 3050 ἀκέραιος.
935 3013 985 3044 15.
1015 3009 1190 3046 οἷο-ὕστατα
1226 3011 1284 3045 καὶ
1318 3009 1508 3056 ἀνάρμοστα
1541 3018 1630 3055 auget

147 3053 197 3084 12.
222 3051 312 3095 παρὰ
336 3064 396 3085 non
421 3055 549 3086 habetur
572 3056 604 3085 iu
631 3056 729 3086 editis.
888 3057 954 3088 cod.
980 3060 1048 3090 Ven.
