2034 3267
449 181 626 213 PANARH
651 182 731 214 [ΑΒ.
751 183 776 214 1.
799 182 906 214 ToM.
926 183 980 214 111.
1004 182 1342 215 HAER.XXXV111.
1575 173 1653 212 515

141 265 214 301 lum
239 263 389 308 bonum,
423 263 490 312 qm·
504 269 652 312 ponunt
674 262 841 300 tenebras
861 264 996 309 lacem,
1031 270 1068 300 et
1086 263 1200 300 lucem
1225 263 1414 309 tenebras,
1448 263 1515 313 qui
1532 263 1659 299 (liceant

140 332 247 368 dulce
270 342 457 375 amarum,
491 336 529 367 et
549 343 711 368 amarum
735 331 853 368 dulce.
917 328 1017 369 Nam
1040 328 1078 368 in
1104 330 1226 369 veteri
1249 336 1287 368 et
1308 343 1408 369 novo
1430 334 1659 368 testamento

141 394 253 438 Caini
272 395 448 450 impietas
472 403 604 450 aperta
629 411 672 436 ac
696 396 796 436 clara
821 410 916 436 voce
940 397 1195 450 praedicatur.
1249 395 1305 436 llli
1332 403 1457 436 autem
1483 396 1661 436 tenebra-

141 479 224 505 rum
246 470 437 503 amatores
460 478 503 504 ac
525 464 783 504 maleficorum
805 464 1018 503 imitatores
1040 464 1203 504 Abelum
1225 464 1402 515 oderunt,
1437 470 1474 504 ct
1497 461 1661 504 Cainum

141 538 293 581 amant,
338 538 376 571 et
401 529 532 571 Iudam
562 531 767 585 praeconio
798 545 867 570 suo
895 531 1105 571 celebrant.
1169 530 1246 571 Sed
1275 538 1313 570 et
1338 531 1662 584 perniciosissime

143 598 338 649 sentiunt,
373 599 458 638 dum
487 597 682 638 Virtutem
708 598 893 652 duplicem
916 599 1174 648 constituunt,
1216 598 1441 638 imbecillam
1466 606 1503 638 et
1524 598 1663 638 firmio-

143 681 247 718 rem,
287 680 382 721 quae
407 680 536 706 secum
561 666 725 705 invicem
752 666 983 715 dissideant,
1027 679 1071 705 ac
1097 680 1170 705 non
1199 665 1435 706 voluntatum
1462 666 1498 705 in
1526 667 1664 705 mundo

145 734 368 775 varietatem
394 734 585 783 inferant,
631 734 697 773 sed
721 733 810 773 illud
835 733 1055 787 perficiant,
1099 740 1141 773 ut
1164 733 1226 786 qui
1253 733 1290 772 in
1314 733 1435 773 lucem
1460 735 1662 788 prodeunt,

143 802 206 843 alii
227 801 385 857 primam
409 816 428 841 a
451 801 548 841 malo
573 808 730 840 naturae
751 800 954 853 originem,
983 801 1046 840 alii
1066 815 1087 840 a
1107 800 1208 840 bono
1230 801 1437 841 derivatam
1461 801 1663 856 accipiant.

144 869 350 910 Neminem
383 869 480 909 enim
512 868 564 908 illi
596 882 648 908 ex
679 867 793 907 animi
825 867 1102 908 deliberatione
1133 868 1271 908 bonum
1304 882 1391 908 esse
1422 869 1484 910 vel
1511 869 1665 919 malum,

145 939 211 978 sed
243 944 380 978 natura
410 936 493 990 ipsa
523 935 720 975 definiunt.

258 1003 335 1045 Sed
360 1005 403 1044 de
429 1002 551 1044 Caino
574 1003 734 1056 primum
758 1003 843 1057 quid
868 1010 1000 1043 vetere
1021 1003 1059 1042 in
1084 1009 1312 1043 testamento
1335 1004 1517 1058 scriptum
1541 1004 1590 1044 sit
1612 1003 1669 1043 in-
1697 1011 1773 1055 Cap.
1795 1013 1849 1044 IV.

147 1072 368 1128 spiciamus.
428 1073 673 1118 Maledictus,
718 1070 862 1125 inquit,
906 1074 980 1110 eris
1002 1085 1024 1110 α
1052 1079 1175 1119 terra,
1220 1086 1313 1123 quae
1333 1075 1480 1123 aperuit
1501 1086 1541 1110 os
1563 1086 1668 1110 sunm
1688 1084 1854 1118 Geu.4‚11.

147 1149 184 1180 et
207 1143 370 1192 suscepit
390 1142 605 1190 sanguinem
619 1140 764 1191 ι[ναίνίς
788 1142 845 1177 ἰαί
871 1141 914 1177 de
938 1153 1047 1178 manu
1074 1147 1156 1187 tua,
1201 1142 1346 1191 erisque
1364 1154 1513 1190 gemens
1540 1147 1579 1178 et
1601 1147 1674 1178 tre·

148 1223 247 1248 mens
266 1222 378 1259 super
400 1215 551 1246 terram.
616 1204 765 1259 Quibus
790 1220 833 1246 ea
859 1207 1121 1257 consentiunt,
1155 1221 1252 1260 quae
1274 1207 1319 1247 de
1341 1208 1473 1247 eodem
1499 1208 1674 1247 dominus

148 1276 186 1316 in
212 1274 414 1328 evangelio
438 1274 625 1328 loquitur,
669 1289 752 1314 cum
780 1273 911 1314 ludaei
933 1274 1145 1325 dixissent,
1190 1278 1333 1314 Patrem
1356 1276 1528 1314 habemus
1551 1278 1669 1314 deum.

151 1341 216 1384 Sic
242 1343 341 1383 enim
363 1342 538 1382 dominus
565 1342 757 1381 occurrit:
803 1345 873 1381 Vos
885 1344 973 1394 file'e'
991 1346 1079 1381 estis
1096 1347 1221 1394 patris
1246 1346 1362 1382 vestri
1379 1345 1537 1390 diaboli,
1583 1358 1671 1395 quo·
1691 1356 1791 1383 loann.
1808 1357 1834 1391 e,

148 1415 245 1450 niam
271 1413 428 1449 mendax·
452 1418 529 1457 est,
576 1412 745 1461 quoniam
767 1418 877 1461 pater
902 1413 980 1449 eius
1005 1413 1162 1449 mendax
1191 1419 1269 1449 est:
1313 1413 1376 1449 ille
1396 1412 1577 1450 homicida
1591 1412 1676 1464 filit
1715 1392 1758 1427 Μ’
1777 1391 1818 1418 ⁴4.

149 1480 195 1518 ab
217 1481 343 1525 initio,
378 1486 414 1517 et
438 1481 475 1517 z‘lz
498 1480 652 1516 veritate
670 1492 742 1516 non
763 1481 878 1516 stelit.
943 1481 1030 1517 Cam
1056 1480 1240 1530 loquitur,
1275 1481 1500 1518 mendacium
1522 1494 1570 1517 esc
1585 1493 1676 1530 pro-

145 1551 230 1599 prio
256 1549 440 1598 loquitur,
485 1548 653 1597 quoniam
676 1553 712 1584 et
726 1553 838 1596 pater
856 1548 934 1584 eius
956 1548 1113 1584 mendam
1134 1554 1228 1585 erat.
1291 1545 1356 1586 Ex
1380 1560 1453 1600 quo
1479 1553 1517 1586 et
1542 1546 1677 1586 baere-

151 1628 216 1655 ses
238 1614 336 1654 aliae
360 1628 444 1653 cum
467 1612 564 1652 banc
587 1626 721 1652 vocem
742 1613 921 1663 audiunt,
955 1611 1185 1653 Iudaeorum
1208 1621 1350 1668 patrem
1376 1614 1565 1654 diabolum
1592 1627 1678 1654 csse

153 1682 305 1730 dicunt,
347 1680 408 1720 cui
431 1687 469 1720 et
491 1679 586 1720 alius
610 1680 661 1720 sit
683 1687 812 1734 pater,
855 1680 1016 1734 huicque
1040 1681 1168 1721 itidem
1192 1682 1302 1722 alins.
1366 1680 1444 1722 Sed
1469 1689 1680 1721 excaecata

153 1755 281 1789 mente
313 1748 573 1801 effrenataque
604 1747 734 1802 lingna
763 1748 836 1788 ista
865 1748 1056 1789 iactitant.
1118 1747 1314 1802 Siquidem
1339 1750 1385 1789 ad
1410 1750 1680 1790 universorum

155 1816 346 1856 dominum
380 1830 424 1855 ac
456 1814 685 1856 Iudaeorum
718 1823 755 1856 et
784 1813 1117 1867 Christianorum,
1164 1818 1336 1871 adeoque
1369 1818 1536 1858 omnium
1570 1819 1680 1858 deum

154 1885 255 1924 illius
284 1883 553 1938 cognationem
582 1884 777 1933 referunt,
822 1897 982 1943 eumque
1013 1891 1156 1939 patrem
1184 1899 1271 1926 esse
1296 1886 1464 1939 parentis
1488 1885 1589 1926 illius
1614 1900 1682 1940 pu-

156 1959 237 1993 tant
267 1952 327 2006 qui
355 1949 487 2006 Moysi
517 1951 640 2004 legem
673 1951 988 2006 praescripserit,
1031 1967 1075 1993 ac
1106 1960 1180 1993 tam
1214 1953 1330 1994 multa
1363 1954 1532 2008 prodigia
1557 1961 1682 2008 patra-

156 2019 270 2062 verit.
334 2017 412 2060 Sed
443 2019 556 2072 longc
588 2032 630 2058 se
661 2032 724 2058 res
750 2018 861 2059 aliter
885 2020 1019 2071 babet,
1063 2035 1084 2060 ο
1112 2021 1334 2062 carissime!
1396 2021 1497 2063 Nam
1522 2022 1683 2062 subinde

157 2088 332 2128 dominus
361 2086 483 2127 nostri
514 2087 550 2126 in
584 2086 759 2126 omnibus
784 2101 912 2126 curam
940 2102 1103 2141 gerens,
1153 2103 1199 2129 ne
1229 2104 1295 2143 pro
1319 2089 1402 2129 aliis
1425 2090 1500 2130 alia
1523 2090 1682 2129 subdole

159 2156 411 2209 fingeremus,
445 2162 509 2193 aut
529 2154 677 2193 illorum
702 2161 845 2208 patrem
868 2169 1006 2194 revera
1027 2156 1337 2197 existimaremus
1361 2171 1448 2197 esse
1472 2157 1680 2206 diabolum,

158 2223 210 2263 ita
235 2222 441 2277 discipulos
465 2236 556 2261 suos
582 2221 808 2275 alloquitur:
852 2225 983 2262 Nonne
1007 2227 1193 2263 duodecim
1221 2240 1282 2263 vos
1306 2227 1421 2276 elegi,
1456 2233 1492 2263 et
1516 2240 1610 2264 meus
1633 2240 1681 2264 ex
1699 2239 1881 2275 loann.6,70.

159 2293 259 2331 vobis
281 2291 448 2329 diabolus
471 2294 554 2328 est?
595 2303 669 2328 non
696 2303 780 2328 eum
807 2297 967 2341 natura,
1001 2292 1067 2331 scd
1094 2293 1219 2331 animo
1244 2292 1433 2332 diabolum
1457 2306 1545 2332 esse
1563 2293 1682 2347 signi-

161 2359 292 2399 ficans.
355 2355 498 2397 Iterum
523 2356 598 2396 alio
621 2356 658 2395 in
684 2356 790 2396 loco:
832 2361 943 2397 Pater
964 2362 1107 2398 domine
1128 2362 1224 2398 coeli
1241 2374 1285 2398 ae
1309 2368 1450 2408 terrae,
1493 2375 1600 2399 serva
1622 2376 1682 2399 eos
1701 2376 1801 2403 loann.

162 2441 252 2479 quos
281 2428 417 2464 dedisti
443 2426 543 2463 me'lze‘.
610 2426 697 2462 Cum
722 2439 820 2463 eram
845 2440 925 2465 eum
950 2430 1058 2478 ipses,
1101 2429 1289 2466 servabam
1320 2443 1401 2475 eos,
1435 2436 1483 2467 ‚et
1505 2443 1607 2467 nemo
1637 2444 1684 2468 ex
1703 2410 1744 2445 η’
1766 2411 1804 2437 ll'

162 2496 238 2533 iltis
256 2496 390 2544 periit,
422 2493 619 2542 nz'se'file'us
633 2494 867 2542 pet‘de'tz’onzls.
932 2494 1041 2534 Alias
1066 2494 1179 2534 item:
1215 2498 1365 2546 Oportet
1374 2497 1503 2546 filium
1526 2498 1681 2535 hominis
1700 2511 1809 2539 Matth,

163 2564 275 2608 tradi,
300 2564 398 2599 sicat
415 2562 591 2610 scriptum
613 2567 668 2597 esc
687 2562 731 2598 de
749 2575 811 2598 eo:
841 2564 914 2600 Vae
931 2570 1050 2601 (tutem
1071 2571 1109 2601 et
1117 2578 1188 2614 per
1208 2578 1311 2615 quem
1333 2566 1522 2611 tradetur5
1552 2565 1681 2603 bonum
1706 2547 1748 2580 ²⁶⁷
1766 2547 1810 2572 Ἀ

163 2632 254 2668 enlm
278 2636 362 2667 erat
381 2631 434 2674 ei,
476 2630 639 2665 sinatus
658 2641 729 2665 71on
739 2629 882 2679 suisset
898 2631 1002 2668 homo
1021 2632 1084 2668 ille
1107 2639 1175 2669 ete.
1242 2630 1325 2670 Hoc
1345 2631 1461 2683 igitur
1482 2632 1683 2672 maniFeste

207 2730 238 2760 2.
263 2725 428 2770 ἀγαπητοί
451 2730 516 2760 cod.
542 2729 634 2759 l'alic.
679 2724 830 2771 οἷγαπητέ
853 2740 899 2761 re·
990 2728 1020 2762 4.
1046 2730 1170 2763 ἑαυτῶν
1196 2733 1264 2762 edit.
1284 2734 1382 2770 princ.

165 2777 239 2826 liqui
263 2776 341 2805 libri.
991 2777 1020 2807 ξ).
1048 2778 1144 2808 Verba
1163 2772 1303 2815 Ἰούδαν,
1324 2771 1358 2809 ὃν
1380 2775 1435 2810 καὶ
1452 2777 1606 2811 Σατανᾶν
1629 2778 1684 2812 κε’-

208 2819 239 2851 ὀ.
264 2814 316 2852 ὅτι
335 2820 535 2858 particulam,
559 2826 634 2858 quae
659 2821 830 2850 necessaria
849 2823 901 2859 est,
947 2822 1070 2862 κληκε,
1094 2820 1151 2853 καὶ
1174 2818 1323 2864 διάβολον
1348 2824 1447 2854 adieci
1473 2832 1510 2854 ex
1534 2825 1598 2855 cod.
1625 2825 1684 2856 Va-

163 2865 288 2903 repelivi
311 2873 348 2896 ex
371 2865 459 2904 finali
481 2864 600 2902 syllaba
666 2873 691 2894 c.
714 2862 902 2906 διανοούμε-
947 2868 1016 2905 tic„
1041 2867 1253 2898 desiderantur
1275 2868 1306 2897 in
1328 2869 1462 2908 reliquis.

166 2919 222 2942 νοι.

1325 2967 1417 3011 33*
