2034 3267
561 198 735 230 PANAan
761 199 841 230 Llss.
864 200 888 230 1.
914 199 1020 231 ToM.
1041 200 1094 230 iu.
1121 199 1248 231 mea.
1585 190 1663 230 427

140 277 331 318 sinceram
357 277 535 332 stirpem,
569 277 748 318 videlicet
774 276 956 329 Sethum,
992 279 1169 333 protulit,
1203 293 1225 319 a
1251 293 1324 333 quo
1350 278 1570 320 universum
1597 293 1663 333 ge-

141 359 212 385 nus
237 344 430 385 hominum
457 345 638 385 manavit.
700 344 903 386 Postremo
929 346 1112 399 principia
1146 354 1183 386 et
1214 354 1423 401 potestates
1456 354 1662 401 ceteraque

141 421 181 453 ut
211 413 273 453 alii
306 413 431 453 omnia
464 419 648 453 statuunt.

253 546 346 588 Vll.
398 548 636 589 Archontici.
701 548 836 589 Plures
861 548 922 588 isti
948 549 991 589 ad
1021 549 1210 604 principes
1239 551 1418 591 universa
1446 553 1662 592 referentes

142 630 401 670 quaecumque
425 618 521 657 facta
544 623 632 657 sunt
653 617 697 656 ab
724 616 798 656 illis
819 623 902 656 orta
922 617 1119 656 deliniunt.
1185 616 1336 658 Habent
1357 626 1394 658 et
1421 620 1663 660 foedissimae

142 684 327 738 quoddam
360 683 525 724 libidinis
553 698 690 737 genus.
754 681 894 724 Carnis
922 684 1245 724 resurrectionem
1279 694 1477 739 respuunt.
1542 686 1664 728 Vetus

144 751 436 792 Testamentum
462 751 696 791 calumniose
723 751 916 791 reiiciunt.
980 750 1217 806 Quamquam
1252 759 1290 792 et
1319 753 1389 793 lioc
1421 761 1458 793 et
1482 769 1582 794 novo
1607 755 1663 795 iu-

142 833 258 874 super
289 833 558 874 nonuunquam
590 825 767 869 utantur,
814 833 863 858 ex
895 818 1030 872 quibus
1065 819 1236 871 singulas
1267 821 1424 860 voculas
1453 822 1586 862 callide
1619 823 1663 861 ad

143 894 307 928 mentem
340 901 445 928 suam
479 887 781 927 accommodant.

255 953 369 994 Vlll.
417 952 665 995 Cerdoniani.
728 957 763 994 A
791 951 970 995 Cerdone
995 954 1068 994 orti
1094 962 1203 1005 sunt,
1247 955 1308 1009 qui
1335 970 1444 1010 quem
1471 956 1516 996 ab
1540 955 1664 997 Hera-

144 1022 215 1063 clio
246 1036 416 1063 errorem
449 1022 630 1062 hauserat
661 1022 771 1062 novis
802 1021 968 1062 inventis
1002 1023 1175 1064 adauxit.
1239 1024 1299 1063 Ac
1332 1038 1415 1064 cum
1450 1023 1612 1064 Romam
1644 1039 1665 1064 e

145 1088 259 1146 Syria
286 1091 477 1145 prol'ectus
502 1096 629 1140 esset,
669 1088 810 1145 Hygini
838 1104 956 1145 papae
986 1091 1220 1146 temporibus
1249 1105 1317 1132 sna
1344 1092 1518 1146 dogmata
1545 1093 1665 1132 disse-

144 1158 317 1198 minavit.
382 1156 467 1198 Duo
506 1171 620 1212 porro
654 1159 838 1212 principia
872 1159 1064 1200 contraria
1100 1159 1264 1199 invicem
1299 1160 1473 1200 affirmat.
1536 1159 1666 1215 Negat

144 1223 338 1266 Christum
373 1239 460 1266 esse
491 1225 677 1280 genitum.
738 1224 982 1267 Mortuorum
1016 1227 1290 1268 excitationem
1325 1242 1408 1268 cum
1445 1235 1578 1269 vetere
1610 1235 1665 1269 tc-

143 1300 332 1334 stamento
365 1293 502 1334 reiicit.

255 1359 332 1402 IX.
379 1359 674 1402 Marcionistae.
736 1360 886 1402 Marcio
911 1363 1093 1403 oriundus
1123 1377 1174 1404 ex
1201 1361 1322 1404 Ponto
1346 1363 1527 1419 episcopo
1559 1371 1665 1420 patre

144 1436 254 1470 natus
287 1436 367 1480 est,
411 1444 432 1468 a
465 1444 537 1484 quo
571 1429 617 1469 ob
649 1429 810 1483 virginis
842 1438 1013 1486 stuprum
1046 1431 1192 1472 eiectus
1224 1446 1273 1472 ex
1306 1433 1468 1473 ecclesia
1501 1431 1662 1474 Romam

144 1497 304 1552 aufugit.
366 1496 440 1539 Ubi
464 1512 546 1537 cum
571 1497 615 1538 ab
639 1497 701 1547 iis,
735 1498 796 1552 qui
823 1505 898 1538 tum
923 1499 1111 1539 ecclesiae
1135 1507 1355 1554 praeerant,
1390 1500 1664 1555 poenitentiam

144 1567 284 1606 frustra
313 1565 568 1621 postulasset,
618 1566 839 1606 catholicam
878 1567 986 1606 fidem
1023 1582 1244 1622 oppugnare
1279 1569 1456 1609 instituit.
1519 1567 1664 1623 Quam-

144 1633 272 1674 obrem
297 1634 367 1674 tria
393 1648 478 1674 esse
506 1633 686 1689 principia
713 1635 831 1685 dixit,
864 1634 1002 1675 bonum
1020 1667 1029 1685 ,
1063 1636 1204 1676 iustum
1231 1643 1268 1676 et
1292 1636 1445 1676 malum.
1506 1636 1663 1678 Novum

144 1709 412 1742 testamentum
436 1716 456 1742 a
480 1709 610 1743 vetere
633 1703 879 1756 eiusdemque
900 1710 1057 1743 anctore
1083 1703 1247 1744 alienum
1272 1719 1358 1745 esse
1381 1706 1522 1746 docuit.
1567 1703 1665 1746 Car-

144 1770 203 1811 nis
225 1770 546 1811 resurrectionem
570 1771 736 1811 sustulit.
777 1769 869 1810 Non
892 1785 1006 1811 unum
1028 1771 1216 1826 baptisma
1236 1774 1435 1823 duntaxat,
1462 1774 1528 1814 sed
1550 1774 1663 1814 etiam

143 1838 213 1878 tria
236 1845 321 1893 post
342 1838 520 1878 delictum
540 1838 723 1891 indulget.
754 1836 841 1878 'Pro
862 1838 1020 1879 mortuis
1040 1839 1191 1880 illorum
1214 1841 1500 1882 catechumenis
1522 1842 1665 1896 baptis-

143 1920 242 1947 mum
267 1906 327 1946 alii
352 1906 577 1961 suscipiunt.
620 1905 850 1947 Mulieribus
874 1908 1049 1948 conferre
1073 1907 1299 1963 baptismum
1323 1909 1406 1949 sine
1431 1910 1505 1950 ullo
1531 1910 1664 1950 discri-

143 1974 244 2014 mine
275 1975 474 2029 permittit.
936 1983 939 1985 “

254 2041 310 2083 Χ.
359 2042 621 2084 Lucianistae.
683 2041 880 2084 Lucianus
916 2043 972 2084 his
1005 2044 1218 2098 antiquior,
1266 2059 1340 2085 non
1375 2044 1472 2085 alter
1502 2045 1566 2086 ille
1601 2045 1662 2100 qui

145 2107 401 2152 Constantino
423 2112 632 2166 imperante
657 2111 804 2162 floruit,
837 2112 875 2151 in
899 2112 1073 2152 omnibus
1092 2111 1306 2153 Marcionis
1333 2113 1506 2168 vestigiis
1531 2114 1662 2154 inhae-

142 2179 206 2220 sit.
269 2179 351 2220 Etsi
384 2179 604 2234 quibusdam
637 2179 795 2219 adiectis
826 2179 1053 2220 cumulatius
1085 2180 1223 2235 aliquid
1256 2181 1396 2222 docere
1427 2182 1584 2222 studuit.

252 2313 330 2356 Xl.
383 2315 590 2370 Apelliani.
660 2315 817 2370 Apelles
852 2315 1027 2357 similiter
1062 2324 1174 2371 atque
1203 2315 1357 2357 Marcio
1395 2325 1430 2358 et
1464 2315 1662 2360 Lucianus

142 2383 314 2439 quicquid
351 2383 542 2424 conditum
579 2390 634 2423 est
670 2397 752 2423 cum
788 2384 870 2438 ipso
907 2384 1104 2425 conditore
1138 2385 1346 2440 vituperat.
1407 2384 1498 2426 Non
1535 2394 1662 2428 tamen

143 2452 238 2502 tria,
279 2460 320 2492 ut
342 2452 420 2502 illi,
462 2451 666 2507 principia,
711 2451 777 2491 sed
799 2466 912 2492 unum
936 2460 1078 2492 tantum
1101 2453 1273 2503 invexit,
1316 2453 1522 2508 itidemque
1550 2455 1659 2496 deum

144 2534 258 2560 unum
290 2534 334 2561 ae
365 2534 583 2575 supremum
617 2526 655 2559 et
684 2519 846 2559 nominis
879 2527 1100 2574 expertem,
1146 2522 1206 2576 qui
1236 2522 1466 2576 singularem
1497 2522 1659 2564 alterum

143 2589 420 2643 procreaverit.
484 2586 560 2640 Qui
585 2601 667 2627 cum
695 2588 814 2628 malus
840 2589 1052 2639 evasisset,
1086 2590 1265 2630 mundum
1297 2604 1364 2630 sua
1392 2590 1453 2630 illa
1480 2591 1660 2645 improbi-

143 2663 219 2697 tate
250 2657 432 2697 condidit.

255 2723 352 2765 Xll.
400 2722 619 2765 Severiani.
684 2721 855 2764 Severus
884 2724 942 2765 hic
970 2725 1116 2781 Apellis
1143 2726 1291 2767 assecla
1318 2725 1447 2767 vinum
1473 2741 1516 2768 ac
1544 2729 1658 2770 vitem

189 2848 238 2882 13.
261 2847 320 2891 τὴν
344 2848 482 2883 παλαιάν
505 2851 633 2882 Ioannes
655 2850 798 2880 Damaso.
967 2851 1015 2884 15.
1039 2846 1242 2885 Ἀπελλιανοί
1263 2852 1390 2884 Ioannes
1408 2853 1551 2885 Damaso.
1601 2855 1658 2886 Re-

191 2891 241 2926 14.
264 2896 377 2936 καιροῦ
399 2892 602 2937 ἡγουμένους
619 2893 680 2935 τῆς
699 2892 877 2936 ἐκκλησίας
918 2906 997 2936 pone
1021 2894 1258 2937 Ἀπελληῖανοί.

145 2943 234 2979 auyet
256 2941 383 2972 loannes
405 2942 548 2971 Damasc.
972 2940 1020 2974 16.
1045 2940 1261 2985 ἐποχούμενος
1285 2944 1411 2975 Ioannes
1434 2944 1577 2976 Damaso.
