2034 3267
137 409 225 451 Κεφ.
252 407 294 441 2¹.

151 1166 216 1193 pag.
235 1160 276 1187 73.

157 2093 244 2138 Κεφ.
265 2097 294 2130 ι’.

321 191 398 228 156
880 176 1038 224 smcw
1064 193 1287 224 EPIPHANII

316 279 445 322 θειαν,
475 270 526 324 μή
549 270 742 322 δυναμένη
767 267 821 317 δὲ,
852 266 929 308 ἀλλ’
956 268 1175 322 ἐλεγχομένη
1203 266 1267 309 ὑπ’
1289 267 1408 322 αὐτῆς
1433 276 1501 324 τῆς
1520 271 1716 325 ἀληθείας,
1750 270 1843 313 ἀσυ-

318 340 463 386 στάτως
492 336 534 378 τὸ
565 338 713 388 ποίημα
742 339 856 375 τοῦτο
888 336 1152 388 εἶςηγουμένη.

442 403 578 455 Πάντη
602 402 673 457 γάρ
699 403 837 456 ἐλέγχει
868 407 1007 443 τοῦτον
1038 400 1106 443 τὸν
1132 401 1376 456 αἱρεσιάρχην
1398 400 1425 455 ή
1448 402 1611 457 ἀλήθεια
1635 408 1675 448 ἐν
1700 409 1844 461 παλαιᾷ

317 474 384 515 καὶ
405 475 521 527 καινῇ
551 469 737 526 διαθήκῃ.
802 471 928 510 Παντὶ
959 468 1031 524 γάρ
1071 474 1084 497 ¹
1101 487 1153 526 τῳ
1173 472 1291 522 δῆλον
1316 469 1376 511 ὅτι
1400 470 1568 524 Χριστός
1590 472 1689 514 ἑκών
1714 474 1777 515 ἐπὶ
1798 471 1840 512 τὸ

319 538 456 586 πάθος
481 533 592 590 ἦλθε,
622 538 689 578 καὶ
707 535 899 588 θελήματι
924 538 1008 593 ἰδίῳ
1028 538 1095 577 καὶ
1117 541 1187 578 τοῦ
1211 539 1313 578 ἰδίου
1336 537 1482 592 πατρὸς
1505 539 1571 578 καὶ
1592 538 1750 596 εὐδοκία
1772 544 1843 581 τοῦ

320 606 434 661 ἆγίου
460 603 680 657 πνεύματος
700 606 810 656 ἔλαβε
836 602 906 656 τήν
928 602 1074 658 σάρκα,
1106 603 1416 657 ἐνανθρωπήσας
1441 606 1482 646 ἐν
1501 602 1613 657 ήμῖν,
1643 607 1685 647 ἐν
1706 605 1840 648 τελειό-

316 691 401 726 τητι
421 671 518 721 θεὸς
541 671 615 723 ὧν,
656 670 720 712 ἀπ’
749 669 868 725 ἀρχῆς
897 672 939 712 ἐκ
971 670 1119 726 πατρὸς
1139 673 1411 726 γεγενημένος,
1443 670 1619 726 ἀνάρχως
1643 674 1708 714 καὶ
1730 672 1841 728 ἀχρό-

318 758 416 791 νως,
448 738 505 783 ἐπ’
531 738 700 792 ἐσχάτων
729 739 771 780 δὲ
803 743 880 779 τῶν
909 736 1064 793 ήμερῶν
1096 740 1136 780 ἐν
1155 738 1279 795 μήτρᾳ
1303 740 1505 793 παρθένου
1527 740 1706 794 γενέσθαι
1728 758 1842 782 κατα·

317 808 469 861 ξιώσας,
500 809 553 855 εἰς
576 806 714 848 ἑαυτόν
740 823 777 847 τε
797 811 908 858 σῶμα
934 804 1265 859 ἀναπλασάμενος,
1286 807 1351 847 καὶ
1374 808 1577 861 γεννηθεὶς
1602 808 1642 848 ἐν
1664 805 1843 864 ἀληθεία,

315 877 382 918 καὶ
405 873 714 928 ἐνανθρωπήσας
746 875 786 915 ἐν
818 872 1043 926 βεβαιώσει,
1082 875 1147 914 ἵνα
1173 875 1215 915 ἐν
1242 872 1340 931 αὐτῇ
1368 873 1484 931 πάθῃ
1522 872 1621 928 ὑπὲρ
1657 872 1769 926 ήμῶν
1797 879 1844 931 τῇ

317 944 445 997 σαρκὶ,
475 943 542 983 καὶ
566 941 633 995 τήν
655 940 788 994 ψυχήν
809 943 862 997 δῷ
888 939 986 995 ὖπὲρ
1014 945 1091 982 τῶν
1116 943 1225 982 ἰδίων
1247 939 1465 994 προβάτων.
1506 940 1573 990 Ὡς
1596 942 1733 996 ἐλέγχει
1752 940 1842 982 τού-

317 1028 410 1059 τους
429 1011 571 1065 λὲγων,
608 1008 734 1060 Ἰδού,
765 1007 1022 1061 ἀναβαίνομεν
1056 1010 1110 1056 εἰς
1130 1005 1393 1061 Ἱεροσόλυμα,
1430 1010 1496 1049 καὶ
1520 1006 1543 1050 ὅ
1564 1007 1651 1056 υἷός
1677 1013 1747 1050 τοῦ
1779 1006 1844 1049 ἀν-

316 1076 488 1130 θρώπου
520 1076 859 1131 παραδοθήσεται,
902 1077 966 1117 καὶ
1002 1073 1361 1127 ἀποκτανθήσεται,
1402 1077 1469 1116 καὶ
1502 1081 1547 1133 τῇ
1577 1079 1686 1133 τρίτῃ
1716 1074 1843 1131 ἡμέρᾳ

319 1144 589 1197 ἀναστήσεται·
619 1149 700 1192 τοῖς
721 1160 759 1184 τε
782 1145 883 1191 υἷοῖς
909 1145 1122 1195 Ζεβεδαίου
1151 1142 1300 1196 φήσας,
1332 1145 1515 1184 Δύνασθε
1536 1149 1638 1183 πιεῖν
1660 1142 1702 1184 to*
1726 1143 1844 1196 ποτή-

319 1230 405 1267 ριον
426 1212 448 1254 ὃ
475 1213 594 1265 μέλλω
613 1214 747 1252 πίνειν.
805 1209 873 1258 Ὡς
891 1211 956 1250 καὶ
981 1209 1003 1251 ὁ
1029 1209 1244 1257 ἀπόστολος
1264 1211 1361 1263 λέγει
1390 1211 1556 1261 Πέτρος,
1591 1212 1845 1259 Θανατωθεὶς

320 1281 457 1334 σαρκὶ,
488 1279 748 1330 ζωοποιηθεὶς
770 1278 812 1318 δὲ
831 1278 1031 1329 πνεύματι.
1092 1278 1170 1317 Καὶ
1193 1275 1321 1326 πάλιν,
1342 1275 1422 1324 ““Ος
1443 1278 1592 1318 ἔπαθεν
1612 1276 1708 1331 ὑπὲρ
1734 1276 1845 1331 ήμῶν

321 1350 444 1401 σαρκί.
508 1345 636 1386 Πάλιν
670 1345 711 1385 δὲ
741 1343 924 1394 Ἰωάννης
958 1344 1097 1397 λέγων,
1142 1345 1199 1383 Εἴ
1222 1360 1279 1390 τις
1309 1341 1356 1384 οὐ
1382 1344 1478 1398 λέγει
1510 1343 1577 1385 τόν
1605 1344 1774 1398 Χριστόν
1803 1347 1845 1387 ἐν

321 1415 435 1467 σαρκὶ
461 1412 700 1465 ἐληλυθέναι,
732 1406 848 1458 οὗτος
867 1409 1122 1464 Ἀντίχριστός
1143 1411 1254 1451 ἐστιν.
1298 1408 1341 1451 Ὁ
1361 1411 1402 1452 δὲ
1422 1410 1529 1465 ἅγιος
1552 1411 1710 1461 Παῦλός
1733 1427 1843 1465 φησι,

322 1479 564 1532 Γευσάμενος
584 1478 783 1528 θανάτου,
812 1477 992 1518 θανάτου
1023 1478 1063 1518 δὲ
1087 1482 1267 1531 σταυροῦ.
1325 1476 1391 1526 Ὡς
1422 1480 1487 1519 καὶ
1515 1483 1697 1531 Μωϋσῆς
1721 1497 1841 1533 προα-

320 1552 515 1599 ναφωνῶν
538 1549 682 1601 ἔλεγεν,
702 1546 883 1597 ’'omo-&s
903 1543 974 1597 τὴν
1002 1544 1102 1597 ζωήν
1127 1543 1237 1597 ήμῶν
1257 1546 1500 1599 κρεμαμένην
1524 1544 1708 1587 ἀπέναντι
1730 1545 1842 1598 ὑμῶν

322 1617 386 1657 ἐπὶ
410 1614 536 1665 ξύλου.
600 1613 692 1666 Ζωή
718 1614 759 1654 δὲ
782 1611 894 1666 ήμῶν
927 1610 996 1665 οὐχ
1024 1611 1045 1653 ὁ
1069 1615 1201 1665 Σίμων
1234 1610 1288 1653 20⁹
1311 1617 1553 1667 Κυρηναῖος,
1595 1612 1671 1654 ἀλλ’
1696 1611 1719 1655 ὅ
1744 1612 1843 1667 ὑπὲρ

328 1680 470 1736 3ήμῶν
495 1680 732 1731 πεπονθώς,
772 1683 838 1721 ἵνα
858 1679 904 1720 τά
927 1677 1092 1734 ήμέτερα
1118 1678 1231 1732 πάθη
1256 1679 1437 1737 διαλύσῃ,
1476 1682 1543 1722 καὶ
1573 1680 1709 1722 θανών
1730 1683 1846 1734 σαρκὶ

330 1749 538 1798 4θάνατος
558 1748 718 1806 θανάτῳ
737 1749 953 1803 γεγένηται,
982 1749 1046 1788 ’ἵνα
1072 1746 1113 1789 τὸ
1140 1748 1300 1801 κέντρον
1320 1752 1390 1789 τοῦ
1411 1747 1590 1789 θανάτου
1611 1748 1748 1806 κλάσῃ,
1778 1767 1845 1790 κα·

325 1815 449 1870 ταβάς
483 1819 536 1865 εἰς
565 1815 610 1857 τοὶ
636 1814 899 1868 καταχθόνια,
929 1816 994 1855 ἵνα
1015 1814 1106 1863 τους
1130 1813 1414 1867 ἀδαμαντίνους
1445 1814 1611 1868 μοχλοὺς
1638 1819 1845 1873 συντρίψῃ.

313 1884 440 1939 ’Όπερ
463 1883 629 1938 ποιήσας
652 1882 821 1939 ἀνήγαγε
845 1887 922 1924 τῶν
947 1887 1085 1936 ψυχῶν
1109 1881 1179 1935 τήν
1203 1884 1477 1935 αἰχμαλωσίαν,
1519 1884 1682 1925 ἐκένωσέ
1710 1901 1749 1925 τε
1779 1882 1847 1926 τόν

324 1951 435 2009 ᾅδην.

438 2086 522 2129 Οὔκ
546 2085 621 2142 α’ρα
646 2081 717 2127 οὖν
739 2088 860 2134 αἴτιος
888 2084 1066 2126 θανάτου
1098 2086 1251 2140 γέγονεν
1283 2083 1305 2127 ὁ
1332 2083 1498 2140 Χριστός
1520 2091 1574 2143 τῷ
1599 2088 1750 2138 Σίμωνι
1780 2084 1846 2127 αὕ-

326 2155 390 2204 vde
413 2154 551 2196 ἑαυτὸν
576 2152 789 2207 παραδούς.
854 2156 897 2194 Τί
925 2151 995 2208 γάρ
1021 2154 1160 2208 λέγεις,
1193 2149 1223 2194 ὦ
1257 2151 1396 2194 Ιόίθλιε
1417 2152 1572 2194 πάντων
1598 2151 1844 2207 ἀνθρωπων,

331 2221 414 2264 Οὐκ
437 2221 607 2276 ἠδύνατο
629 2224 965 2276 ἐλευθεροστομεῖν
991 2222 1058 2261 καὶ
1081 2219 1326 2275 ἀναχωρῆσαι
1351 2218 1414 2261 ἀπ’
1434 2218 1582 2270 αὐτῶν,
1624 2222 1658 2261 εἰ
1679 2220 1732 2274 μή
1761 2222 1847 2262 ἐθέ-

327 2296 415 2343 λησε
437 2294 738 2344 σταυρωθῆναι,
777 2287 886 2329 Ἀλλά
909 2291 1089 2342 παίγνιον
1123 2289 1244 2329 ἐποίει
1272 2290 1430 2341 κυβείας
1460 2286 1482 2329 ὁ
1502 2292 1571 2329 τοῦ
1596 2293 1695 2328 θεοῦ
1719 2287 1846 2343 λόγος,

328 2359 395 2399 καὶ
423 2356 536 2398 ἄλλον
562 2355 684 2398 2ἀνθ’
715 2354 837 2397 αὑτοῦ
857 2358 1069 2410 παρεδίδου
1094 2353 1312 2397 ἀποθανεῖν
1333 2357 1398 2397 καὶ
1421 2359 1717 2409 σταυρωθῆναι,
1749 2355 1770 2397 ὁ
1791 2357 1847 2397 λε’-

330 2442 429 2479 γων,
470 2423 568 2478 Ἐγώ
595 2425 671 2477 εἰμι
692 2421 718 2476 ή
742 2422 926 2477 ἀλήθεια,
972 2424 1119 2475 3φησὶ,
1152 2425 1216 2464 καὶ
1240 2422 1267 2476 ἦ
1296 2422 1384 2476 ζωή.
1441 2420 1502 2463 ‘H
1519 2423 1559 2464 δὲ
1586 2421 1663 2475 ζωή
1696 2421 1769 2464 οὐκ
1799 2422 1848 2464 ἂν

330 2494 444 2549 ἑτέρῳ
474 2492 649 2533 θάνατον
675 2489 998 2546 παρασκευάσειε,
1038 2491 1104 2530 καὶ
1137 2488 1161 2543 ή
1191 2489 1354 2544 ἀλήθεια
1384 2488 1456 2532 οὐκ
1487 2488 1535 2531 ‹32v
1565 2489 1703 2546 κρύψῃ
1736 2489 1779 2531 τὸ
1807 2492 1848 2532 ἐν

331 2559 494 2616 ἀληθείᾳ
522 2557 613 2613 παρ’

635 2557 755 2611 αὐτῆς
776 2556 1002 2613 γενόμενον,
1031 2559 1098 2598 καὶ
1121 2559 1228 2612 ἕτερα
1252 2556 1344 2599 ἀνθ’
1367 2559 1505 2612 ἑτέρων
1526 2555 1722 2614 ὑποδείξῃ.
1772 2556 1848 2598 Οὕ-

332 2628 410 2668 κέτι
436 2626 508 2682 γάρ
530 2624 557 2679 ή
582 2624 748 2679 ἀλήθεια
773 2624 1023 2681 εὑρεθήσεται
1053 2623 1216 2677 ἀλήθεια
1237 2624 1388 2678 πλάνην
1409 2625 1636 2679 ἐργαζομένη
1662 2625 1729 2665 καὶ
1754 2624 1848 2679 κρύ-

334 2710 481 2736 πτουσα
500 2693 542 2736 τὸ
569 2695 710 2747 ἑαυτῆς
731 2695 864 2749 ἔργον,
896 2690 943 2734 δι’
969 2693 1144 2733 ἐναντίου
1167 2693 1208 2734 δὲ
1233 2693 1577 2748 πραγματευομένη
1600 2694 1846 2744 σοφίσματος.

335 2762 415 2802 Καὶ
437 2759 567 2810 ἁπλῶς
598 2763 640 2803 ἐκ
671 2760 851 2812 πάντων,
884 2758 936 2808 ὦς
955 2761 1097 2809 εἰπεῖν,
1127 2761 1190 2800 ἵνα
1214 2759 1266 2814 μὴ
1292 2759 1452 2813 μηκύνω
1478 2758 1546 2800 τόν
1566 2758 1702 2813 λόγον,
1749 2757 1847 2800 Οὐαὶ

381 2886 457 2917 CAP.
475 2886 535 2916 IX.
563 2904 607 2910 —
640 2886 669 2918 1.
692 2889 825 2926 Reposui
846 2897 892 2929 τῳ
912 2895 969 2925 pro
990 2896 1046 2918 τοι.
1160 2882 1191 2917 4.
1216 2884 1355 2923 ἓάνατος
1395 2882 1526 2926 θανάτῳ
1561 2883 1753 2926 γεγένηται,
1797 2884 1850 2916 ἵνα

377 2932 409 2962 2.
435 2927 451 2963 ὁ
474 2929 659 2972 Κυρηναῖος
683 2941 740 2962 om.
764 2933 830 2964 cod.
853 2933 948 2964 Vatic.
1115 2932 1181 2962 cod.
1196 2933 1289 2963 ῑάίιό.
1324 2927 1462 2966 ‘salvam
1484 2926 1616 2970 3002&qu
1634 2928 1777 2970 γένηται,
1796 2929 1850 2961 ἵνα

380 2975 412 3008 3.
436 2973 531 3017 ὑμῶν
555 2977 622 3007 cod.
650 2978 742 3007 Valic.
1116 2976 1186 3007 edit.
1210 2978 1316 3008 Petav.
1364 2972 1501 3008 ἓάνατον
1533 2975 1577 3004 ed.
1604 2977 1702 3014 princ.
1732 2977 1757 3006 et
1783 2975 1849 3006 cod.
