2034 3267
474 154 650 186 PANARn
678 155 759 187 1113.
783 156 805 187 1.
830 156 935 188 ToM.
957 157 996 188 n.
1022 156 1152 188 HAEn.
1174 154 1307 187 xxxi.
1578 149 1658 187 359

124 249 221 289 gens
252 248 302 274 ex
334 246 422 274 sese
452 233 538 274 illas
569 233 756 274 eiusmodi
789 248 874 274 esse
902 241 1022 289 putet.
1085 234 1345 288 Quamobrem
1373 234 1578 289 prophetas
1607 248 1656 274 ex

125 303 196 354 iis,
230 302 292 342 vel
316 302 562 351 sacerdotes,
596 302 656 342 vel
682 315 794 355 reges
820 302 1007 352 instituit,
1042 316 1086 341 ac
1108 303 1286 356 pleraque
1308 316 1329 342 a
1353 302 1546 357 prophetis
1566 316 1655 357 pro-

125 370 300 411 nunciata
328 369 374 408 de
396 369 471 409 isto
494 369 640 409 semine
663 370 982 424 interpretantur,
1018 370 1126 423 quasi
1150 370 1299 409 illorum
1321 369 1470 410 animae
1493 376 1654 411 naturae

124 438 319 478 cuiusdam
345 436 579 476 sublimioris
604 437 821 477 extiterint.
868 435 1089 489 Quinetiam
1112 438 1156 476 de
1180 438 1413 478 coelestibus
1437 438 1553 478 multa
1576 438 1653 478 dis-

124 512 280 560 putasse
305 503 497 555 Matrem,
543 505 664 558 (leque
689 504 827 544 animis
854 518 948 557 quos
976 504 1036 543 vel
1067 504 1131 543 ille
1164 504 1225 544 vel
1256 505 1316 558 qui
1342 506 1388 545 ab
1411 506 1475 545 illo
1501 505 1652 546 oriundi

123 580 214 614 sunt
246 573 525 627 produxerunt.
599 570 708 612 Unde
741 578 779 610 et
811 571 1081 625 prophetarum
1116 571 1297 612 vaticinia
1331 573 1383 612 ita
1419 574 1649 627 partiuntur,

124 641 308 695 quaedam
335 647 375 679 ut
398 640 511 679 effata
535 637 676 680 Matris
701 652 788 679 esse
814 638 956 689 velint,
991 638 1062 677 alia
1089 638 1134 678 ab
1159 639 1329 689 semine,
1363 640 1434 679 alia
1457 654 1477 679 a
1507 638 1651 681 Condi-

123 716 207 748 tore
232 709 418 762 profecta.
470 706 599 762 lpsum
624 706 736 746 etiam
760 703 884 745 lesum
908 706 1042 760 partim
1066 720 1087 745 a
1110 704 1315 746 Salvatore
1337 707 1489 759 tradita,
1517 709 1652 762 partim

124 791 146 817 a
167 775 322 826 Matre,
361 775 494 830 partim
524 774 686 827 (lenique
713 788 734 813 a
761 771 973 813 Conditore
999 773 1168 823 dixisse,
1202 774 1237 812 id
1265 775 1362 828 quod
1392 775 1429 814 in
1456 777 1651 829 sequenti·

123 845 193 886 bus
218 843 478 884 ostendemus.
542 839 792 882 Conditorem
817 855 910 880 vero
933 854 1065 880 eornm
1091 854 1188 894 quae
1211 855 1325 895 supra
1348 856 1389 882 se
1413 849 1524 882 erant
1544 843 1651 897 igna-

123 927 230 963 rum,
264 912 311 952 iis
335 924 428 951 sane
453 922 549 963 quae
573 908 958 948 commemoravimus
985 908 1104 948 fuisse
1128 917 1383 961 commotum,
1427 911 1493 950 sed
1517 911 1650 951 eadem

124 979 401 1034 contempsisse
425 976 694 1026 nihilominus,
741 983 778 1015 et
805 976 900 1016 alias
927 976 1038 1016 aliam
1066 990 1153 1016 esse
1181 991 1355 1017 caussam
1384 977 1646 1028 existimasse,

123 1049 206 1089 sive
228 1045 448 1102 prophetico
472 1043 599 1083 afflatu
619 1043 831 1098 praeditum
853 1044 1043 1099 spiritum,
1068 1044 1166 1098 quod
1190 1045 1345 1099 proprio
1366 1046 1526 1100 quodam
1546 1053 1652 1087 motu

124 1117 260 1165 cietur,
284 1115 366 1154 sive
388 1112 595 1162 hominem,
618 1111 701 1151 sive
722 1112 955 1152 deteriorum
980 1112 1305 1167 complexionem.
1346 1111 1389 1154 ln
1412 1128 1533 1169 eaque
1553 1121 1649 1154 tam-

125 1185 187 1224 diu
211 1181 451 1236 ignoratione
474 1187 670 1220 versatum
695 1180 816 1233 quoad
841 1178 1031 1220 Dominus
1053 1180 1267 1221 advenerit.
1333 1179 1456 1223 Simul
1479 1182 1579 1223 enim
1604 1196 1648 1222 ac

123 1250 302 1293 Salvator
325 1248 510 1298 accessit,
545 1248 591 1288 ab
616 1262 662 1287 eo
689 1254 828 1287 cuncta
851 1248 1030 1288 didicisse
1055 1254 1210 1303 putant,
1243 1256 1281 1289 et
1305 1250 1349 1289 ad
1375 1264 1460 1290 enm
1484 1250 1650 1290 libenter

123 1333 205 1360 eum
228 1316 404 1357 omnibus
431 1316 510 1356 suis
537 1316 657 1370 copiis
683 1315 906 1365 transiisse,
941 1330 1103 1371 eumque
1126 1316 1230 1356 illum
1255 1331 1343 1358 esse
1368 1316 1646 1359 Centurionem

122 1386 184 1441 qui
208 1387 244 1426 in
270 1384 470 1439 evangelio
497 1384 548 1425 ita
572 1382 815 1425 Salvatorem
842 1384 1069 1439 alloquitur:
1111 1387 1207 1424 Nam
1230 1393 1269 1424 et
1290 1400 1358 1437 ego
1383 1401 1419 1425 m
1444 1400 1521 1426 mea
1541 1395 1647 1438 pole·
1665 1395 1777 1424 matth.
1784 1395 1809 1430 s,
1822 1395 1846 1424 9

120 1462 214 1494 state
243 1455 359 1493 lzaboo
389 1456 545 1500 milites,
579 1461 617 1491 el
643 1467 789 1500 servm,
831 1460 867 1491 ec
896 1456 1145 1506 qzeoclewnque
1174 1468 1399 1506 zmpemveio
1425 1456 1640 1507 perficzszt
1663 1442 1735 1470 1¹⁰⁰
1754 1442 1781 1475 τ’
1799 1441 1824 1468 8

121 1522 280 1563 Addunt
303 1522 430 1562 mundi
453 1522 556 1562 illum
583 1519 845 1575 procurationi
868 1521 912 1560 ad
935 1521 1113 1561 idoneum
1138 1535 1258 1576 usque
1283 1528 1431 1577 tempus
1452 1523 1648 1578 praesulu-

120 1605 227 1640 rum,
278 1590 503 1644 praesertim
541 1589 588 1628 ob
622 1587 824 1629 Ecclesiae
859 1589 1252 1640 administrationem,
1299 1590 1459 1645 eiusque
1491 1591 1646 1645 praemii

122 1658 397 1712 cognitionem,
432 1658 529 1712 quod
554 1657 675 1697 eidem
701 1663 759 1697 est
781 1657 1054 1707 constitutum,
1089 1657 1266 1699 nimirum
1294 1665 1334 1699 ut
1355 1659 1400 1698 ad
1425 1656 1565 1699 Matris
1587 1672 1648 1699 se·

122 1727 205 1767 dem
239 1726 438 1766 evehatur.

236 1862 442 1903 Hominum
472 1876 585 1917 porro
613 1861 685 1901 tria
710 1875 856 1915 genera
879 1868 1122 1912 statuuntur,
1158 1859 1366 1917 Spiritale,
1406 1861 1642 1913 Terrenum,
1696 1873 1772 1914 cap.

124 1931 328 1981 Animale,
363 1944 459 1984 quae
484 1930 521 1970 in
545 1927 692 1981 Caino,
727 1929 850 1969 Abele
875 1944 919 1970 ae
937 1929 1063 1980 ,Setho
1087 1936 1311 1970 cernuntur.
1374 1930 1407 1971 A
1433 1930 1569 1985 quibus
1591 1938 1647 1971 to·
1680 1918 1792 1949 XXV.

124 1999 238 2040 tidem
264 2006 424 2038 naturae
447 2012 522 2038 non
549 1998 622 2037 iam
650 1998 687 2037 in
713 1997 896 2051 singulis,
939 1998 1005 2037 sed
1032 2011 1100 2053 per
1122 2011 1265 2051 genera
1288 2005 1523 2054 propagatae
1543 2005 1646 2039 sunt.

122 2066 189 2108 Ex
213 2068 259 2107 iis
284 2066 504 2107 Terrenum
530 2065 776 2120 corruptione
801 2065 982 2116 dissolvi,
1016 2065 1196 2105 Animale
1219 2079 1337 2117 vero,
1370 2067 1401 2106 si
1426 2080 1468 2106 se
1494 2066 1652 2121 potiori-

124 2135 194 2175 bus
216 2135 419 2184 dediderit,
454 2133 637 2173 mediocri
659 2133 695 2172 in
719 2133 877 2186 regione
899 2134 1191 2188 conquiescere,
1221 2133 1279 2173 sin
1302 2134 1495 2175 deteriora
1516 2135 1648 2188 eligat,

124 2204 168 2243 ad
204 2203 343 2243 similia
374 2202 593 2242 transferri.
658 2199 852 2256 Spiritalia
888 2201 1076 2256 denique,
1125 2215 1222 2256 qnae
1254 2202 1404 2256 quidem
1435 2202 1651 2242 Achamoth

125 2270 370 2321 conseverit,
417 2284 468 2310 ex
500 2269 564 2309 illo
595 2276 766 2324 tempore
797 2270 834 2309 in
865 2269 1089 2310 hodiernum
1120 2283 1239 2324 usque
1267 2269 1414 2324 piarum
1441 2270 1652 2310 animarum

126 2338 349 2393 disciplinae
380 2338 584 2377 commissa
622 2344 660 2377 et
692 2337 876 2387 educata,
923 2339 1020 2391 quod
1058 2338 1179 2378 adhuc
1214 2337 1373 2378 infantia
1407 2338 1523 2378 missa
1558 2337 1650 2388 sint,

126 2414 259 2462 postea
284 2406 346 2446 ubi
371 2406 644 2460 perfectionem
672 2405 804 2458 adepta
830 2405 994 2457 fuerint,
1029 2403 1245 2447 Salvatoris
1268 2405 1432 2460 Angelis
1456 2405 1652 2446 matrimo-

126 2475 189 2515 nio
218 2475 422 2524 collocari,
468 2488 551 2514 cum
580 2473 731 2513 interim
760 2475 910 2514 animae
939 2474 1045 2530 ipsae
1075 2488 1158 2515 cum
1189 2471 1399 2514 Conditore
1428 2473 1651 2515 necessario

127 2647 179 2686 qui
206 2646 312 2676 habet:
347 2645 411 2676 iam
445 2654 510 2675 non
542 2642 718 2674 secundnm
749 2653 864 2675 unum-
956 2645 987 2677 5.
1011 2644 1177 2687 τραφέντα
1200 2645 1265 2676 cod.
1289 2646 1359 2675 Veri.

129 2701 300 2733 quemque.
349 2692 444 2730 Vulyo
469 2685 545 2722 zati?
571 2700 601 2722 εν
626 2691 717 2719 extat.
956 2688 988 2722 6.
1011 2688 1241 2732 ἐκπέμπεσὲΐαι
1264 2690 1330 2721 cod.
1355 2690 1426 2721 Ven.

173 2735 206 2767 3.
228 2734 265 2768 τὲ
288 2737 353 2767 cod.
376 2737 447 2766 Ven
958 2734 988 2767 7.
1014 2734 1046 2768 ἐν
1072 2732 1232 2776 μεσότητι
1256 2732 1327 2767 κατ’
1352 2730 1498 2776 ἀνάγκην
1523 2735 1596 2766 editi
1614 2736 1651 2766 li-

172 2777 273 2813 4.1[α
289 2782 405 2812 restitui
416 2782 532 2819 partim
548 2789 584 2810 ex
600 2780 665 2811 cod.
682 2780 798 2819 Veneto,
816 2782 869 2820 qui
913 2781 959 2811 bri
976 2784 1003 2812 et
1023 2782 1089 2812 cod.
1105 2782 1198 2812 Vatic.
1227 2782 1329 2811 Deleri
1343 2781 1420 2811 illud
1439 2778 1472 2812 ἐν
1491 2776 1652 2822 μεσότητι

131 2827 217 2856 habet
235 2823 440 2867 πνευματικὰ
461 2823 725 2867 ἐγκατασπείοει,
745 2834 868 2856 consen·
913 2835 950 2857 ex
971 2828 1150 2857 auctoritate
1173 2826 1238 2856 cod.
1262 2826 1371 2856 Veneti.

131 2873 216 2901 {iente
242 2872 302 2901 Vct.
323 2872 505 2910 Interprete,
528 2872 580 2910 qui
602 2868 767 2911 Spiritatia
789 2881 867 2901 vero
957 2870 987 2902 8.
1013 2872 1076 2902 Hoc
1099 2872 1228 2902 atterum
1248 2868 1280 2903 ἐν
1303 2868 1464 2912 μεσότητι
1481 2872 1558 2904 delet
1577 2872 1651 2903 tiber

131 2914 300 2946 inseminat
320 2915 503 2947 Achamoth
524 2917 621 2946 vertit.
670 2915 765 2955 Vulgo
787 2918 869 2947 extat
916 2916 1091 2948 Vaticanus.

133 2970 153 2992 α
177 2971 214 2993 αν
237 2970 386 2993 κατασπε
372 2959 454 3003 ίρῃ.
