2034 3267
204 420 270 449 pag.
290 411 347 437 148·

171 1278 258 1320 Κεφ.
283 1273 346 1310 κδ’.

231 2504 297 2531 pag.
318 2497 373 2523 1⁴9.

357 183 436 222 280
916 184 1075 216 SANCTI
1102 185 1321 217 EPIPHANII

367 264 426 306 Οὐ
448 263 570 316 μόνον
591 261 663 316 γάρ
687 261 823 314 ἐλέγχει
846 258 989 307 αὐτους
1010 258 1109 300 κατά
1132 258 1259 300 πάντα
1280 259 1426 314 τρόπον
1448 264 1568 317 λέγων
1591 263 1670 313 ὅτι,
1700 261 1763 303 Ἐν
1786 260 1883 319 άρχῇ

362 327 414 384 ἦν
435 329 456 372 ὁ
475 329 599 383 λόγος,
629 328 696 368 καὶ
715 325 737 368 ό
757 326 870 381 λόγος
891 322 941 379 ἧν
966 324 1064 380 πρὸς
1084 325 1152 368 τόν
1174 326 1283 377 θεὸν,
1314 329 1381 368 καὶ
1401 328 1496 377 θεὸς
1519 325 1568 382 ἧν
1590 328 1612 372 ὁ
1630 329 1759 384 λόγος,
1791 328 1884 369 άλλά

365 399 431 439 καὶ
453 397 512 437 ὅτι
533 393 602 442 τάς
624 399 700 435 τῶν
719 392 838 448 ἁγίων
861 398 1076 448 προφητῶν
1097 397 1321 448 μαρτυρίας,
1354 395 1394 435 ἒν
1417 390 1447 450 ᾧ
1464 397 1507 436 ἐκ
1532 396 1751 449 πνεύματος
1772 395 1884 451 άγίου

365 479 591 517 ορμωμενος
609 463 674 502 καὶ
693 479 739 501 τα
756 459 834 502 ind
854 466 925 502 τοῦ
941 466 1114 515 σωτῆρος
1132 462 1312 514 εἰρημένα
1329 465 1455 509 καλῶς
1473 460 1780 518 άκριβολογήσας
1796 464 1886 518 περὶ

364 529 528 582 ἑκάστης
549 527 779 576 ὑποθέσεως
797 534 867 580 τῆς
889 530 942 576 εἰς
964 527 1134 581 Χριστον
1157 531 1441 582 πληρωθείσης,
1475 546 1527 576 ως
1549 527 1671 580 εἷπον,
1700 530 1769 579 τάς
1791 549 1885 584 μαρ-

363 600 497 651 τυρίας
519 597 690 646 ἐξέθετο,
721 594 787 645 ἀφ’
812 597 867 637 ὠν
889 600 1102 649 προφητῶν
1123 597 1232 636 οὑτοι
1255 594 1417 644 ἒαυτούς
1440 594 1763 649 άπηλλοτρίωσαν.
1807 599 1888 638 Καὶ

365 663 489 712 εὐθυς
507 665 646 713 ἔδειξεν
665 680 717 711 ως
735 669 816 711 τοῖς
834 680 932 718 προς
945 661 1132 715 Ἰωάννην
1148 662 1215 704 τόν
1234 661 1495 716 Βαπτιστην
1470 662 1548 704 υπό
1569 668 1644 704 τῶν
1665 668 1889 718 Φαρισαίων

366 737 605 785 πεμφθεῖσιν
625 729 741 778 αὐτὸς
759 729 951 782 Ἰωάννης
971 729 1240 784 ἀποκρίνεται,
1280 732 1418 784 λέγων,
1458 728 1555 784 Έγῶ
1580 730 1692 783 φωνή
1717 734 1888 784 βοῶντος

368 801 410 841 ἐν
430 803 477 856 τῇ
499 798 651 854 ε’ρήμῳ,
683 797 876 839 εὕθύνατε
899 796 968 850 τὴν
991 796 1084 839 ὁδὸν
1104 800 1263 852 κυρίου,
1293 796 1430 845 καθώς
1451 795 1555 838 εἶπεν
1573 796 1731 846 ΓΗσαΐας
1752 797 1774 839 ὁ
1796 816 1889 853 προ-

367 866 507 920 φήτης.
568 867 648 906 Καὶ
672 865 787 907 πάλιν
806 863 924 914 αὐτὸς
943 864 965 907 ό
982 863 1173 917 Ἰωάννης
1191 866 1302 919 λέγει,
1334 863 1412 906 άπὸ
1433 869 1510 905 τῶν
1530 868 1745 945 προφητῶν
1762 864 1891 917 λαβῶν

367 952 437 987 τήν
467 936 701 987 μαρτυρίαν,
743 934 844 985 φημὶ
869 933 910 974 δὲ
938 930 1015 974 άπὸ
1040 936 1111 973 τοῦ
1132 933 1282 985 Δαβὶδ,
1323 931 1386 974 ὅτε
1410 950 1430 973 ο
1455 931 1592 983 κύριος
1615 950 1684 980 τας
1706 933 1892 987 τραπέζας

369 1006 445 1044 τῶν
466 1005 722 1057 κολλυβιστῶν
745 1001 998 1053 κατέστρεψε,
1027 1001 1092 1040 καὶ
1121 997 1224 1047 εἶπε,
1256 997 1332 1052 Μή
1354 1016 1491 1052 ποιητε
1512 998 1579 1040 τὸν
1601 997 1708 1041 οἷκον
1728 1005 1798 1041 τοῦ
1821 1017 1892 1043 πα-

371 1069 461 1124 τρός
484 1086 560 1122 μου
582 1066 690 1110 οἷκον
713 1069 924 1122 ἐμπορίου,
953 1065 1262 1119 Ἐμνήσθησαν
1249 1067 1308 1107 ότι
1328 1068 1378 1118 ἠν
1399 1068 1680 1121 γεγραμμένον,
1719 1065 1762 1108 Ὁ
1785 1072 1895 1119 ζῆλος

369 1141 439 1178 τοῦ
471 1138 581 1178 οἴκου
612 1151 682 1177 σου
710 1136 906 1189 κατέφαγέ
936 1151 991 1186 με.
1051 1135 1131 1175 Και
1156 1133 1272 1174 πάλιν
1298 1132 1416 1182 αυτὸς
1438 1132 1626 1187 Ἰωάννης
1651 1133 1777 1185 εἶπεν,
1805 1134 1894 1176 ’Ότι

370 1203 529 1252 Ἡσαΐας
558 1201 658 1244 εἶδεν
688 1201 743 1243 ῶν
773 1204 812 1243 ἐν
843 1200 1031 1254 πνεύματι
1060 1199 1168 1257 άγίῳ.

487 1270 613 1311 Πάλιν
636 1271 677 1311 δὲ
701 1267 724 1311 ὅ
744 1268 861 1317 αὐτὸς
883 1268 992 1323 ἅγιος
1010 1266 1199 1320 Ἰωάννης
1216 1266 1415 1320 κηρύττων
1436 1269 1477 1309 ἐν
1497 1273 1543 1326 τῇ
1563 1267 1670 1326 Ἀσίᾳ
1690 1271 1915 1323 ἱστορεῖται·

373 1338 596 1392 παράδοξον
626 1339 738 1391 ἔργον
761 1354 797 1377 τι
821 1334 1046 1387 πεποιηκώς
1069 1337 1122 1383 εἰς
1146 1332 1405 1388 ὑπογραμμὸν
1426 1340 1495 1388 τῆς
1519 1335 1714 1389 άληθείας.
1777 1341 1894 1378 Πολι·

375 1423 411 1447 τε
415 1411 476 1447 ίαν
496 1405 568 1459 γάρ
592 1405 687 1456 ε’χων
706 1402 1056 1455 θαυμασιωτάτην,
1085 1403 1152 1443 καὶ
1172 1403 1476 1456 συμπρέπουσαν
1497 1401 1617 1445 αυτοῦ
1635 1409 1688 1460 τῷ
1711 1402 1897 1457 ἀξιώματι

374 1479 443 1526 τῆς
472 1479 484 1502 ¹
502 1469 732 1523 α’ποστολῆς,
762 1488 827 1511 και
853 1468 941 1523 μηδ’
966 1470 1065 1518 όλως
1087 1468 1310 1522 λουόμενος,
1340 1468 1574 1524 ἠναγκάσθη
1595 1469 1673 1512 υπὸ
1696 1476 1764 1512 τοῦ
1786 1469 1898 1526 αγίου

375 1556 595 1593 πνευματος
625 1543 831 1592 προελθεῖν
859 1555 931 1586 εως
958 1543 1029 1578 τοῦ
1059 1540 1286 1591 βαλανείου,
1326 1537 1445 1578 εἰπων
1468 1537 1546 1589 ὅτι,
1584 1537 1739 1591 Λάβετέ
1765 1556 1830 1592 μοι
1850 1555 1898 1579 τα

377 1607 476 1662 πρὸς
500 1611 714 1661 βαλανεῖον.
774 1607 853 1646 Καὶ
877 1610 956 1646 τῶν
980 1606 1253 1658 συνεπομένων
1274 1605 1557 1658 θαυμαζόντων
1580 1601 1703 1658 ἦλθεν
1728 1608 1782 1654 εἰς
1804 1624 1898 1648 αυτο

377 1676 419 1717 τὸ
441 1674 615 1729 λουτρόν.
676 1674 753 1714 Καὶ
776 1672 981 1726 γενόμενος
1002 1671 1101 1727 πρός
1122 1671 1190 1714 τόν
1215 1671 1383 1713 εἰωθότα
1405 1671 1667 1725 ὑποδέχεσθαι
1690 1678 1767 1714 τῶν
1791 1679 1900 1715 λουο-

379 1745 504 1795 μένων
526 1741 571 1783 to}
598 1740 727 1794 ἴμάτια
753 1739 865 1793 ἤρετο
890 1744 947 1789 τίς
972 1742 1083 1782 ἔνδον
1105 1741 1207 1781 ε’στὶν
1232 1741 1272 1781 ἐν
1298 1744 1351 1796 τῷ
1373 1742 1581 1797 βαλανείῳ,
1621 1739 1644 1782 ό
1666 1741 1707 1782 δὲ
1728 1740 1902 1796 όλεάριος

379 1812 443 1851 ἐπὶ
473 1815 525 1866 τῷ
556 1807 759 1860 φυλάττειν
783 1808 914 1860 ἱμάτια
936 1811 1233 1862 προςκαρτερῶν
1261 1809 1316 1856 (έν
1339 1813 1420 1856 τοῖς
1443 1806 1516 1862 γάρ
1540 1811 1765 1862 γυμνασίοις
1788 1810 1902 1864 ἔργον

379 1876 493 1918 τοῦτό
512 1891 610 1917 τισιν
629 1875 791 1928 ὑπάρχει
809 1880 1005 1930 πορισμοῦ
1023 1878 1131 1917 ἕνεκα
1149 1881 1218 1928 τῆς
1237 1876 1433 1929 ἐφημέρου
1453 1879 1616 1929 τροφῆς)
1638 1878 1714 1928 ἔφη
1732 1881 1785 1932 τῷ
1805 1874 1900 1933 ἁγίῳ

378 1943 539 2001 Ἰωάννῃ
572 1943 630 1985 ὅτι
656 1941 797 1995 Ἐβίων
827 1945 941 1984 ἔνδον
974 1946 1084 1984 ἐστίν.
1139 1941 1321 1996 Ἰωάννης
1351 1943 1391 1983 δὲ
1421 1941 1541 1990 εὐθυς
1574 1945 1702 1991 συνεὶς
1734 1942 1805 1996 τήν
1832 1948 1903 1985 τοῦ

383 2010 496 2066 άγίου
521 2010 737 2063 πνεύματος
761 2008 943 2065 ὁδηγίαν,
986 2009 1033 2052 δι’
1062 2010 1110 2063 ἣν
1140 2012 1264 2052 αἰτίαν
1294 2011 1565 2064 προυτρέψατο
1592 2010 1712 2052 αὐτὸν
1737 2013 1809 2059 ἕως
1831 2015 1903 2052 τοῦ

384 2081 587 2132 βαλανείου
609 2077 736 2131 ἥκειν,
769 2076 822 2126 ὥς
846 2079 965 2131 ἔφην,
997 2078 1150 2131 μνήμης
1173 2080 1284 2120 ἕνεκα
1305 2083 1374 2119 τοῦ
1393 2083 1613 2119 καταλιπεῖν
1635 2077 1729 2131 ἡμῖν
1750 2077 1817 2132 τήν
1837 2084 1906 2133 τῆς

386 2144 572 2198 ἀληθείας
601 2144 813 2198 ὑπόθεσιν,
856 2145 915 2187 ὅτι
944 2148 1043 2193 τίνες
1068 2147 1162 2186 εἰσὶν
1186 2148 1226 2187 οί
1247 2148 1378 2187 δοῦλοι
1407 2150 1578 2200 Χριστοῦ
1601 2147 1667 2186 καὶ
1693 2144 1903 2188 α’πόστολοι

386 2216 453 2256 καὶ
475 2216 555 2255 υἱοὶ
582 2218 650 2266 τῆς
674 2212 794 2266 αὐτῆς
815 2211 1018 2265 ἀληθείας,
1049 2216 1132 2254 τίνα
1157 2215 1199 2254 δέ
1221 2215 1296 2255 ἐστι
1318 2212 1364 2254 τοὶ
1388 2212 1505 2265 σκεύη
1527 2218 1594 2254 τοῦ
1621 2218 1810 2267 πονηροῦ,
1840 2215 1905 2255 καὶ

387 2281 506 2322 πύλαι
531 2280 632 2338 ᾅδου
658 2280 710 2333 μὴ
734 2280 1007 2333 κατισχύουσαι
1037 2285 1106 2333 τῆς
1129 2282 1271 2334 πέτρας
1299 2282 1365 2322 καὶ
1388 2285 1456 2333 τῆς
1481 2279 1538 2321 ἐπ’
1561 2279 1680 2333 αὐτῆς
1701 2282 1906 2334 οἰκοδομη-

388 2353 525 2401 θείσης
552 2347 663 2403 άγίας
686 2353 785 2389 θεοῦ
811 2350 1032 2400 ἐκκλησίας,
1062 2374 1116 2378 ——
1156 2347 1280 2397 εὐθυς
1301 2348 1467 2403 ταράξας
1489 2346 1626 2389 ἔαυτόν
1651 2349 1716 2388 καὶ
1738 2347 1908 2399 οἰμώξας

389 2415 514 2469 ήρέμα
543 2418 598 2464 εἰς
626 2415 670 2457 τὸ
699 2415 847 2463 πάντας
871 2413 1056 2464 άκοῦσαι,
1099 2417 1152 2463 εἰς
1178 2415 1389 2470 μαρτύριον
1414 2414 1689 2469 παραστάσεως
1716 2413 1908 2469 άχράντου

396 2487 662 2534 διδασκαλίας,
695 2482 896 2524 Σπεύσατε
919 2480 1099 2532 άδελφοὶ,
1131 2485 1225 2535 ἔφη,
1257 2485 1471 2536 ἐξέλθωμεν
1495 2484 1695 2532 ἐντεῦθεν,
1736 2481 1787 2535 μὴ
1810 2483 1909 2540 πέσῃ

391 2551 432 2593 τὸ
453 2554 668 2604 βαλανεῖον,
699 2552 764 2592 καὶ
786 2548 1026 2602 ἀπολώμεθα
1047 2549 1140 2601 μετὰ
1157 2549 1342 2603 Ἐβίωνος
1361 2556 1430 2592 τοῦ
1448 2552 1559 2592 ἔνδον
1579 2552 1619 2591 ἐν
1638 2554 1689 2606 τῷ
1707 2552 1908 2606 βαλανείῳ,

394 2618 457 2660 δια
476 2618 545 2671 τήν
566 2617 686 2660 αὐτοῦ
707 2617 895 2670 α’σέβειαν.
943 2618 1022 2657 Καὶ
1041 2619 1175 2669 μηδεὶς
1193 2619 1424 2670 θαυμαζέτω
1443 2619 1506 2659 ἐπὶ
1523 2622 1576 2674 τῷ
1595 2615 1758 2658 άκοῦσαι
1774 2615 1907 2669 Ἐβίω-

393 2705 440 2727 να
458 2685 616 2744 Ἰωάννῃ
639 2686 964 2739 συντετυχηκέναι.
1006 2684 1270 2739 Πολυχρόνιος
1291 2684 1363 2740 γάρ
1385 2687 1614 2737 καταμείνας
1632 2689 1686 2740 τῷ
1707 2687 1779 2741 βίῳ
1800 2682 1822 2725 ό
1839 2702 1908 2736 μα-

393 2753 530 2808 κάριος
551 2753 732 2807 Ἰωάννης
759 2753 958 2808 διήρκεσεν
980 2749 1066 2806 ε’ἷχρι
1089 2756 1157 2805 τῆς
1179 2759 1248 2794 τοῦ
1278 2757 1472 2807 Τραϊανοῦ
1497 2754 1699 2805 βασιλείας.
1761 2750 1912 2800 Πάντες

395 2821 438 2862 δὲ
463 2824 503 2863 οἷ
519 2820 723 2864 α’πόστολοι
750 2820 808 2862 ὅτι
832 2819 1128 2874 άπαλλοτριοῦσι
1151 2819 1221 2873 τήν
1242 2825 1312 2862 τοῦ
1333 2819 1517 2874 Ἐβίωνος
1538 2821 1682 2870 πίστιν,
1712 2819 1779 2859 καὶ
1803 2817 1911 2860 άλλο-

441 2923 516 2957 CAP.
538 2925 667 2957 XXIV.
693 2944 732 2948 —
765 2928 790 2957 Ι.
816 2920 1001 2964 ἀποστολῆς
1025 2925 1112 2955 codd.
1134 2926 1225 2956 ratic.
1252 2926 1375 2964 Rhediy.
1396 2927 1421 2956 et
1441 2925 1510 2955 edil.
1531 2925 1636 2955 Petav.
1685 2919 1846 2963 ἅληὲείας
1865 2923 1912 2953 ed.

391 2980 490 3009 prmc.
