2034 3267
473 171 650 205 PANARtt
674 173 755 205 [ΑΒ.
773 174 797 205 1.
823 173 928 206 TOM.
949 175 1005 206 111.
1030 174 1158 208 HAER.
1174 176 1280 208 XLn.
1560 170 1639 209 645

122 264 214 293 vero
241 251 274 292 si
299 265 454 292 carnem
483 266 589 292 suam
615 252 901 303 crucifixerint,
943 253 1025 293 fieri
1051 269 1126 294 uon
1150 262 1298 309 potest,
1345 257 1433 310 quin
1459 270 1549 297 caro
1573 271 1640 310 pro

123 317 278 360 Christo
311 334 491 374 perpessa
523 335 605 360 cum
635 318 802 361 Christo'
818 321 961 375 pariter
985 329 1143 374 regnet,
1185 323 1220 362 id
1253 324 1351 376 quod
1381 323 1454 364 atio
1485 324 1523 363 in
1554 324 1639 365 tot-0

122 387 180 427 his
205 386 333 427 verbis
359 387 596 428 demonstrat
619 388 838 442 apostolus:
884 391 994 427 Sicut
1016 393 1111 428 socii
1124 394 1339 441 passionum
1366 394 1510 431 Christi
1533 396 1634 440 estis,
1657 402 1761 429 zoor.
1777 403 1799 436 ι,
1815 403 1838 429 7.

119 458 170 494 z'la
200 463 238 494 et
260 457 421 506 gloriae.

230 520 362 564 Schol.
391 521 504 564 Vlll.
552 526 678 575 Neque
707 526 799 562 em'm
830 527 896 575 quz'
922 527 1238 565 circumciduntur
1271 529 1345 578 ipsi
1371 529 1484 578 legem
1516 536 1637 567 custo·
1657 537 1762 572 cato,
1779 540 1820 566 13.

116 594 234 631 diunt.

225 657 359 699 Resut.
388 656 500 699 VIH.
548 657 638 698 Non
670 657 786 712 igitur
815 672 885 698 suo
912 665 1084 713 tempore
1110 660 1300 714 prohibita
1330 668 1441 702 vetus
1472 662 1535 702 illa
1563 663 1635 702 oir-

116 727 297 767 cumcisio
322 726 404 777 fuit,
438 727 470 766 si
494 726 643 780 quidem
665 725 787 779 legem
808 726 1033 766 custodiret.
1094 725 1218 768 Porro
1237 729 1301 769 lex
1323 727 1517 770 Christum
1541 745 1636 770 nun-

115 795 233 835 tiabat
253 795 397 834 idcirco
423 793 662 843 venientem,
704 800 744 832 ut
767 793 887 847 legem
913 793 1083 834 liberatis
1108 796 1286 846 afferret,
1327 796 1434 837 cuius
1458 797 1521 838 illa
1543 798 1636 852 figu-

115 876 192 902 ram
224 862 431 917 expressit.
495 858 734 914 Quicumque
768 874 862 900 vero
894 861 1016 901 adhuc
1049 862 1086 901 in
1120 862 1183 903 itta
1216 863 1441 918 signantur,
1484 867 1635 906 tametsi

113 931 236 984 legem
260 943 408 970 omnem
431 928 661 978 observent,
707 942 782 968 non
811 936 936 969 tamen
968 929 1013 969 iis
1038 929 1258 971 observatio
1288 931 1362 972 ista
1393 932 1488 987 legis
1513 934 1634 988 impu-

113 998 268 1038 tabitur.
331 995 428 1037 Cum
449 996 548 1036 enim
573 995 635 1036 lex
659 996 704 1036 de
727 993 884 1037 Christo
909 997 1169 1052 praedixerit:
1202 1002 1418 1051 Prophelam
1439 1004 1633 1042 suscitabit
1651 1012 1783 1046 Dentis,
1796 1014 1834 1040 15.

113 1068 212 1105 vobis
236 1068 401 1105 dominus
425 1067 513 1103 deus
534 1080 553 1102 e
563 1066 757 1117 fratribus
781 1068 869 1103 meis
891 1068 989 1104 sicut
1008 1081 1084 1114 me,·
1129 1070 1246 1118 ipsum
1268 1071 1449 1108 audietis:
1498 1070 1560 1123 qui
1583 1084 1632 1110 ex

110 1134 185 1174 illis
204 1131 400 1174 Christum
421 1146 495 1173 non
519 1131 723 1182 audierint,
750 1132 882 1172 horum
904 1133 1145 1174 circumcisio
1168 1136 1352 1190 praeputii
1373 1136 1494 1177 instar
1517 1138 1632 1178 aesti-

110 1208 254 1251 matur,
297 1201 453 1254 ipsaque
477 1200 573 1254 legis
599 1200 820 1241 observatio
846 1201 1065 1243 observatio
1092 1217 1177 1243 esse
1203 1203 1357 1244 desinit.
1418 1203 1491 1245 Est
1516 1205 1632 1259 igitur

108 1269 208 1310 bona
238 1269 386 1323 quidem
417 1268 504 1318 lex,
549 1268 725 1322 bonaque
758 1269 1022 1321 circumcisio,
1068 1285 1160 1325 quas
1188 1269 1384 1312 Christum
1410 1270 1631 1328 Christique

107 1336 375 1392 perfectiorem
405 1336 528 1390 legem
560 1350 603 1377 ac
635 1337 963 1378 circumcisionem
995 1338 1262 1392 cognovimus.

151 1541 211 1573 EX
246 1541 458 1574 EPISTOLA
493 1542 550 1573 AD
586 1540 870 1581 CORINTHIOS,
909 1542 1036 1581 QUAM
1070 1543 1154 1574 ISTI
1186 1543 1376 1575 PERINDE
1412 1544 1464 1576 AC
1498 1545 1582 1577 NOS

544 1598 747 1629 SECUNDO
780 1597 892 1629 LOCO
925 1599 1188 1631 NUMERANT.

219 1675 350 1718 Schol.
381 1675 396 1717 Ι
423 1684 461 1717 et
485 1675 558 1717 IX.
607 1680 794 1729 Scriptum
823 1686 879 1717 est
907 1682 1019 1726 enim,
1064 1681 1217 1718 Perdam
1242 1684 1457 1732 sapientiam
1481 1687 1625 1735 sapien·
1644 1692 1827 1727 1-C01·.t,19.

107 1754 202 1793 tum,
236 1753 275 1784 et
295 1748 530 1797 prudentiam
556 1749 792 1797 prudentium
822 1748 1038 1798 reprobabo.

219 1812 350 1853 Refut.
380 1812 397 1853 I
421 1821 459 1854 et
481 1811 556 1853 IX.
608 1811 925 1868 Quandoquidem
951 1828 1001 1854 ex
1023 1814 1069 1854 iis
1097 1829 1192 1869 quae
1220 1830 1241 1856 a
1266 1817 1460 1872 prophetis
1484 1818 1627 1874 scripta

105 1888 194 1922 sunt
231 1881 427 1936 apostolus
463 1882 508 1921 ad
545 1882 719 1922 veritatis
751 1882 1001 1936 sinceraeque
1033 1883 1230 1923 doctrinae
1266 1884 1477 1926 faciendam
1516 1887 1625 1927 fidem

104 1950 352 1990 auctoritates
377 1950 787 2004 arcessitnequaquam
813 1964 832 1990 a
855 1938 1034 2001 veritate,
1069 1965 1139 1992 nec
1163 1966 1183 1992 a
1207 1951 1306 1992 bono
1329 1953 1502 2008 bonaque
1522 1954 1624 1996 illius

104 2017 321 2073 disciplina,
359 2017 566 2072 prophetae
598 2018 827 2072 segregandi
858 2026 961 2059 sunt.

213 2085 345 2127 Schol.
370 2083 407 2125 ΙΙ
431 2092 468 2125 et
487 2083 541 2125 X.
595 2089 660 2133 Ut,
694 2089 989 2138 quemadmodum
1015 2092 1192 2140 „cereptum
1218 2097 1292 2136 est,
1328 2093 1395 2141 qui
1413 2092 1617 2141 gloriatur,
1642 2099 1714 2127 thid.
1734 2102 1774 2128 31.

103 2158 140 2194 ιἸι
170 2157 313 2194 domiuo
341 2156 541 2205 glorietur.

212 2221 345 2262 Refut.
371 2219 407 2261 II
428 2229 465 2261 ct
485 2219 541 2261 Χ.
591 2219 688 2262 Cum
712 2222 743 2262 is
766 2222 827 2276 qui
850 2222 1036 2276 gloriatur
1058 2223 1095 2264 in
1120 2224 1273 2264 domino
1298 2225 1394 2279 apud
1419 2225 1622 2280 prophetas

101 2291 209 2331 laude
236 2291 371 2344 dignus
399 2289 603 2340 habeatur,
648 2290 840 2330 dominum
867 2306 981 2346 porro
1007 2292 1197 2346 scriptura
1228 2306 1313 2332 eum
1342 2293 1530 2347 intelligat
1560 2294 1623 2348 qui

101 2359 196 2413 legis
219 2359 268 2399 sit
290 2359 404 2408 deus,
440 2372 549 2412 quem
573 2365 633 2408 tu,
665 2356 840 2410 Marcio,
877 2358 1040 2400 Iudicem
1065 2367 1101 2400 et
1125 2358 1376 2411 Creatorem,
1410 2375 1453 2401 ac
1477 2360 1621 2402 lustum

101 2427 297 2478 nominas,
333 2441 408 2467 non
430 2433 555 2480 potest
578 2426 636 2465 hic
664 2426 758 2467 alius
783 2440 870 2467 esse
894 2442 1005 2482 quam
1031 2426 1175 2469 Christi
1202 2436 1332 2483 pater,
1378 2429 1484 2469 cuius
1509 2430 1622 2470 disci-

101 2496 209 2550 pulus
234 2502 293 2536 est
316 2494 479 2546 Paulus3
514 2494 815 2548 quandoquidem
839 2509 859 2535 e
886 2496 1093 2551 prophetae
1121 2496 1293 2537 doctrina
1316 2497 1484 2550 gentium
1511 2498 1621 2538 insti-

101 2570 204 2605 tutus
235 2578 255 2604 a
280 2561 436 2603 Christo
467 2562 649 2616 magister
669 2560 834 2614 Paulus,
879 2577 930 2604 ex
952 2565 1085 2605 iisdem
1111 2565 1263 2618 inquam
1287 2565 1482 2605 doctrinae
1509 2567 1620 2606 fonti-

101 2631 170 2672 bus
195 2632 298 2673 velut
321 2630 568 2672 clarissimam
592 2645 726 2684 aquam
750 2630 953 2683 hauriens,
987 2632 1228 2673 commissam
1250 2633 1320 2672 sibi
1345 2632 1536 2688 perfundit
1557 2648 1619 2674 ec-

102 2699 269 2740 clesiam.

213 2766 345 2809 Schol.
375 2764 434 2807 Ill
459 2773 495 2806 et
516 2764 592 2806 XI.
640 2770 846 2820 Principum
876 2771 986 2808 lme‘us
1014 2771 1148 2817 seculi,
1183 2772 1250 2821 qui
1274 2777 1512 2809 evacuantur.
1637 2787 1783 2823 cap,2,6.

144 2935 196 2970 97.
219 2936 289 2970 Καὶ
310 2941 379 2970 ante
400 2936 454 2970 ἵνα
478 2939 558 2970 abest
581 2947 686 2978 supra.

143 2980 194 3014 98.
218 2983 274 3015 τοῦ
298 2985 379 3015 abest
402 2985 440 3014 ab
463 2984 533 3015 edit.
549 2985 648 3023 princ.
697 2984 745 3015 Ex
763 2984 829 3015 cod.
853 2986 944 3017 Vatic.
966 2986 1095 3017 restituit
1117 2986 1272 3016 petavius.
