2034 3267
490 135 665 167 PANARH
690 135 769 168 Ltss.
792 135 815 166 1.
844 134 950 167 ToM.
967 134 1024 165 ΙΙΙ.
1048 131 1285 164 HAER.XL1.
1571 121 1647 159 551

129 214 258 256 Iacobi
289 221 327 254 et
349 213 454 255 Petri
481 213 664 268 Paulique
691 213 938 254 successione
971 226 1110 252 nouum
1143 211 1266 251 locum
1300 209 1468 249 tenebat.
1532 204 1653 248 Cuius

129 284 264 336 dogma
296 297 378 322 cum
407 282 638 336 reliquorum
667 296 760 336 quos
785 281 1094 322 enumeravimus
1122 278 1401 318 haereticorum
1427 275 1536 329 nugis
1563 289 1654 314 con·

128 351 298 390 sentiens
327 350 416 389 licet
443 350 539 389 idem
573 364 658 390 esse
685 350 882 398 videatur,
927 347 1097 386 nonnihil
1125 354 1250 385 tamen
1279 345 1491 398 discrepat,
1533 351 1567 383 ct
1595 349 1654 383 est

129 418 356 458 huiusmodi.
419 416 505 457 Duo
530 418 686 472 perinde
708 424 821 470 atque
844 416 905 456 alii
928 414 1119 468 Principia
1145 413 1299 462 statuit,
1334 427 1377 452 ac
1401 413 1493 452 deos
1519 411 1653 452 videli-

128 493 188 526 cet
218 486 336 535 duos,
380 485 518 525 bonum
552 486 738 534 alterum,
784 491 821 524 et
851 485 1020 536 ignotum
1050 481 1250 530 omnibus,
1294 494 1404 532 quem
1437 486 1472 519 et
1499 477 1653 518 l‘atrem

127 552 215 593 lesu
241 552 475 602 nominavit,
517 553 678 592 alterum
705 558 941 599 creatorem,
984 549 1121 588 malum
1149 555 1186 586 et
1208 547 1424 601 cognitum,
1459 545 1521 599 qui
1551 552 1588 585 et
1614 546 1652 585 in

127 621 211 674 lege
236 621 385 661 locutus
409 628 445 660 et
467 620 658 674 prophetis
681 618 869 673 apparuit,
892 632 936 657 ac
957 631 1000 657 se
1021 616 1222 656 videndum
1242 627 1522 668 saepenumero
1543 627 1653 667 prae-

129 689 221 728 buit.
287 687 481 729 Christum
508 694 621 741 negat
643 701 662 726 a
685 685 811 726 Maria
836 685 1029 739 genitum,
1063 690 1128 722 aut
1151 696 1265 722 carne
1287 695 1424 721 revera
1448 681 1566 721 fuisse
1588 694 1652 721 ve-

126 756 254 797 stitum
271 788 280 806 ,
324 756 390 795 sed
417 755 602 796 eiusmodi
625 754 754 808 specie
779 760 890 792 tenus
915 752 1116 801 extitisse,
1163 757 1195 789 et
1222 749 1446 803 apparuisse
1471 748 1581 788 talem
1609 762 1652 788 ae

126 823 254 878 specie
286 824 368 863 sola
399 823 578 863 universa
612 821 766 861 fecisse.
832 818 933 860 ldem
959 833 1159 873 corporum
1189 817 1511 857 resurrectionem
1540 829 1652 870 repu-

126 891 223 942 diat,
270 898 380 931 vetus
410 895 702 937 testamentum,
751 889 846 942 quod
881 901 948 938 per
971 885 1139 940 Moysen
1171 899 1213 924 ac
1241 885 1444 939 prophetas
1472 883 1651 923 traditum

128 967 207 1008 est,
257 965 430 1012 tanquam
464 957 629 997 alienum
663 970 682 996 a
717 957 788 995 deo
824 955 962 995 reiicit.
1034 952 1230 994 Christum
1264 967 1284 992 e
1317 951 1425 992 coelo
1459 958 1572 1004 atque
1605 950 1650 990 ab

126 1027 256 1079 ignoto
282 1024 399 1066 Patre
425 1024 673 1065 descendisse
705 1024 791 1063 ideo
822 1030 948 1077 putat,
994 1029 1034 1062 ut
1062 1022 1120 1061 hic
1148 1021 1274 1060 mundi
1302 1019 1512 1060 conditoris
1538 1025 1651 1071 atque

126 1095 268 1149 opificis
300 1092 497 1147 imperium
531 1106 574 1131 ac
606 1092 847 1146 tyrannidem
875 1097 1090 1139 everteret,
1136 1089 1170 1128 id
1197 1089 1295 1142 quod
1321 1088 1419 1127 aliae
1445 1087 1650 1141 pleraeque

125 1163 306 1203 haereses
337 1160 574 1201 existimant.
640 1159 787 1199 Romae
818 1158 935 1212 igitur
964 1158 1071 1198 brevi
1103 1158 1165 1197 ille
1194 1165 1365 1210 tempore
1393 1160 1651 1194 commoratus

124 1245 232 1270 suum
264 1227 455 1269 Marcioni
489 1227 595 1268 virus
628 1227 814 1282 aspersit,
849 1240 958 1279 quem
991 1226 1105 1265 etiam
1138 1237 1404 1264 successorem
1439 1221 1584 1262 habuit.

236 1364 380 1405 Verum
409 1379 492 1404 cum
528 1378 603 1403 non
631 1363 755 1403 minus
783 1362 923 1402 ceteris
950 1361 1120 1402 haeresis
1156 1361 1228 1400 ista
1253 1359 1484 1414 deprehendi
1517 1372 1562 1399 ac
1591 1372 1652 1398 re-

124 1432 259 1487 dargui
285 1433 395 1473 facile
419 1431 562 1486 possit,
597 1431 726 1485 paucis
750 1444 844 1484 quae
869 1432 914 1470 ad
939 1444 1021 1470 eam
1045 1430 1239 1484 pertinent
1260 1427 1516 1482 complectar,
1552 1427 1652 1467 eius-

125 1515 197 1555 que
228 1501 462 1541 refellendae
494 1500 540 1539 ab
570 1499 644 1538 illis
674 1499 765 1552 ipsis
792 1512 924 1538 eorum
950 1497 1114 1537 decretis
1139 1497 1284 1536 initium
1311 1508 1519 1534 arcessam.
1586 1493 1652 1533 Et-

124 1570 224 1609 enim
256 1570 329 1609 dno
363 1567 475 1607 simul
507 1581 634 1607 rerum
667 1580 754 1607 esse
779 1564 974 1620 Principia
1002 1578 1239 1619 nequaquam
1266 1576 1378 1618 posse
1407 1562 1651 1602 manifestum

125 1645 198 1678 est.
260 1636 361 1676 Nam
392 1642 456 1675 aut
487 1635 560 1675 duo
591 1634 637 1674 ab
669 1649 742 1674 uno
775 1641 978 1674 manarunt
1007 1634 1157 1686 aliquo,
1199 1639 1264 1672 aut
1296 1646 1410 1671 unum
1441 1631 1652 1670 secundum

124 1712 205 1754 est,
240 1705 400 1744 alterum
423 1702 583 1743 secundi
605 1716 740 1743 caussa
759 1716 892 1742 rursus
915 1716 957 1741 ac
980 1701 1222 1756 principium.
1285 1698 1558 1752 Quaerendum
1583 1698 1653 1751 igi-

125 1780 186 1812 tur
216 1781 273 1812 est
305 1785 492 1825 quaenam
520 1770 716 1810 amborum
746 1784 882 1810 caussa
914 1771 986 1818 sit,
1032 1776 1097 1808 ant
1123 1769 1219 1822 quod
1249 1782 1297 1808 cx
1325 1767 1399 1807 illis
1426 1765 1651 1821 principium

124 1841 173 1881 sit
195 1840 369 1888 alterius,
405 1846 443 1878 ut
465 1838 653 1889 diximus,
687 1838 817 1892 sicque
840 1839 884 1877 ad
907 1852 1021 1878 unum
1043 1836 1198 1876 omnino
1222 1835 1427 1875 reserenda
1449 1834 1649 1886 cogitatio,

125 1909 222 1962 quod
253 1907 411 1962 primum
438 1906 627 1954 occurrit,
670 1921 688 1944 a
717 1920 790 1959 quo
815 1907 1022 1945 secundum
1051 1913 1114 1946 aut
1141 1904 1251 1944 ambo
1277 1904 1339 1943 illa
1369 1902 1558 1957 proticisci
1587 1902 1651 1941 de-

125 1975 438 2015 monstravimus.
503 1972 588 2013 Duo
621 1987 735 2027 porro
766 1973 878 2013 simul
910 1980 948 2012 ut
975 1971 1166 2027 Principia
1190 1973 1267 2012 sint
1292 1972 1370 2011 lieri
1399 1970 1548 2023 penitus
1576 1984 1650 2009 non

125 2050 271 2098 potest,
315 2043 381 2082 sed
414 2055 485 2082 nec
511 2056 623 2081 unum
652 2048 775 2095 potest
801 2041 846 2081 ab
877 2041 998 2080 altero
1025 2041 1193 2080 differre.
1256 2038 1298 2080 Si
1327 2039 1427 2078 enim
1454 2039 1649 2088 differunt,

125 2113 198 2151 duo
229 2111 305 2151 sint
336 2117 501 2164 oportet.
567 2108 651 2148 Duo
684 2122 776 2148 vero
807 2109 839 2148 si
870 2115 1143 2158 numerentur,
1185 2107 1418 2160 singularem
1451 2120 1651 2147 numerum

125 2180 333 2219 excedunt.
398 2176 494 2218 Cum
528 2184 652 2217 autem
685 2176 818 2217 unicus
851 2177 923 2216 iste
960 2191 1004 2216 ac
1038 2177 1180 2231 primus
1215 2190 1395 2216 numerus
1427 2181 1649 2228 quaeratur,

125 2248 198 2287 duo
227 2247 286 2286 illa
311 2245 505 2300 Principia
532 2244 593 2284 uni
621 2259 665 2285 ac
687 2258 865 2299 supremo
886 2244 1161 2294 subiicientur,
1196 2258 1217 2283 a
1242 2258 1314 2298 quo
1340 2243 1445 2283 velut
1471 2257 1492 2282 a
1514 2256 1652 2282 caussa

126 2315 198 2355 duo
226 2313 370 2367 reliqua
399 2313 604 2368 pendeant.
668 2311 807 2366 Neque
832 2312 932 2352 enim
960 2314 1032 2353 duo
1064 2313 1125 2352 illa
1154 2319 1239 2366 post
1261 2311 1494 2364 singularem
1520 2324 1651 2350 nume-

126 2397 207 2422 rum
243 2389 355 2435 atque
389 2381 541 2420 unicum
577 2380 812 2435 primumque
845 2379 1078 2434 Principium
1113 2381 1170 2420 sui
1204 2393 1290 2420 esse
1324 2393 1460 2419 caussa
1493 2385 1654 2433 possunt

126 2451 316 2505 ipsorum,
361 2463 445 2488 cnm
472 2449 678 2502 singularis
707 2462 751 2488 ac
775 2462 977 2503 supremus
1004 2448 1249 2488 nihilominus
1275 2461 1457 2487 numerus
1483 2447 1652 2500 inquira-

127 2526 201 2558 tur.
262 2516 472 2571 Fingamus
499 2517 597 2556 enim
624 2516 807 2556 eiusmodi
831 2530 918 2556 esse
943 2517 1016 2556 duo
1042 2523 1082 2556 ut
1105 2515 1206 2555 inter
1230 2529 1317 2554 sese
1341 2514 1586 2555 consentiant
1608 2529 1652 2554 ac

128 2586 383 2626 communiter
401 2585 613 2639 gaudeant,
658 2583 806 2638 sibique
831 2592 1091 2625 consentanea
1117 2585 1192 2624 sint
1214 2583 1403 2633 invicem,
1436 2583 1487 2622 ita
1513 2590 1552 2622 ut
1575 2597 1650 2622 uno

127 2655 280 2693 volente
303 2667 348 2693 ac
371 2653 513 2693 libente
537 2651 742 2691 adhaereat
768 2652 952 2702 alterum,
995 2660 1033 2693 et
1056 2653 1178 2707 ipsum
1206 2665 1353 2704 quoquc
1378 2650 1536 2690 alterius
1561 2665 1652 2691 con-

128 2721 322 2761 iunctione
349 2721 583 2769 delectetur,
617 2733 802 2773 quaenam
827 2734 913 2760 esse
939 2727 1064 2775 potest
1088 2722 1190 2759 inter
1212 2725 1412 2772 utrumque
1438 2719 1652 2759 dissensio?

129 2787 197 2829 Sin
224 2796 353 2829 mutuo
378 2789 614 2828 reluctantur
640 2801 684 2826 ac
710 2786 781 2827 sibi
804 2788 1016 2841 aequaliter
1037 2787 1242 2837 resistunt,
1277 2800 1352 2826 non
1378 2787 1517 2841 poterit
1539 2783 1652 2826 Chri-

125 2892 347 2930 coru'ecluram,
380 2892 545 2922 secundnm
570 2891 779 2921 auctoritatem
799 2890 864 2920 cod.
955 2890 986 2921 ⁴2.
1013 2891 1159 2929 Suspicor
1182 2887 1239 2931 κζίι
1263 2885 1311 2927 ὥς
1335 2887 1427 2931 ἔφην.

128 2936 253 2975 Rhediy.
303 2937 398 2976 Vulyo
421 2939 502 2967 exeat
528 2933 563 2967 εἰ.
955 2934 984 2966 3.
1011 2937 1156 2975 Suspicor
1176 2932 1272 2968 ου’σαι
1292 2933 1495 2977 συμφωνίας,
1517 2933 1573 2968 καὶ
1587 2937 1651 2966 cett.

1681 1365 1756 1406 Cap.
1784 1364 1823 1395 Π.
