2034 3267
465 102 638 134 PANARn
665 103 745 134 ΜΒ.
766 103 788 133 1.
814 104 919 136 TOM.
943 104 982 134 11.
1008 103 1137 135 HAER.
1156 105 1313 137 xxvtn.
1571 100 1649 138 227

129 183 166 220 in
190 180 262 221 alia
283 180 464 234 quaedam
490 181 585 220 mala
613 188 856 221 transversos
882 182 1047 221 lectores
1069 182 1317 236 abripiamus.
1378 182 1589 225 Enimvero
1616 187 1646 225 si

130 249 212 301 quis
246 248 372 287 iudicii
402 248 572 288 nonnihil
604 249 761 298 haheat,
804 249 929 289 inanis
961 249 1115 290 omnino
1148 257 1186 290 et
1217 250 1374 291 ridicula
1404 252 1551 291 illorum
1582 253 1647 291 do-

129 315 248 354 ctrina
279 315 608 368 comprobabitur,
651 330 746 369 quae
773 324 810 355 et
836 316 880 355 ab
908 317 1090 370 apostolis
1118 317 1294 358 falsitatis
1319 319 1515 369 convicta,
1560 327 1598 359 et
1625 334 1646 359 a

127 381 363 435 sapientibus
388 383 584 432 damnata,
626 390 664 423 et
693 396 714 422 a
743 383 814 422 deo
840 383 996 436 ipsaque
1033 385 1126 423 adeo
1163 385 1337 426 veritatis
1364 386 1644 440 praedicatione

126 456 185 489 est
212 456 350 488 electa.

238 514 445 556 Caeterum
474 516 586 556 iidem
611 516 664 556 illi
689 514 966 565 Merinthiani,
1011 517 1067 556 sic
1097 517 1196 556 enim
1228 519 1470 573 accepimus,
1515 521 1642 575 appel·
1660 528 1838 571 Cap.V111.

125 583 268 623 lantur.
311 582 447 624 Utrum
470 598 565 623 vero
592 581 800 624 Cerinthus
823 583 903 636 ipse
928 581 1149 623 Merinthus
1169 585 1242 623 alio
1268 587 1421 626 nomine
1446 588 1496 627 sit
1519 589 1640 629 dictus

126 650 267 704 liquido
295 652 444 691 nescire
466 665 525 691 me
551 652 693 690 l'ateort
727 662 773 688 an
796 657 950 702 praeter
978 650 1076 690 hunc
1103 651 1201 690 alter
1228 665 1273 690 eo
1300 653 1453 693 nomine
1475 656 1640 710 appella-

124 724 186 757 tus
213 719 408 768 extiterit,
442 718 594 757 adiutor
615 716 715 756 illius
738 723 777 755 et
797 717 948 767 socius,
981 717 1017 756 id
1041 717 1190 770 quidem
1214 720 1284 759 soli
1311 721 1382 760 ‹leo
1404 730 1637 776 compertum

126 792 199 824 est.
264 785 346 825 Hoc
370 785 467 824 enim
497 797 609 837 saepe
634 783 706 822 iam
734 783 923 833 diximus,
955 798 1031 823 nou
1061 784 1183 838 ipsum
1211 787 1334 826 solum
1356 786 1638 843 Hierosolymis

124 854 347 905 frequenter
375 850 556 905 apostolis
579 850 790 897 restitisse,
832 852 897 890 sed
921 859 957 890 et
985 850 1048 904 qui
1081 866 1167 891 eum
1199 852 1236 892 in
1264 853 1359 894 Asia
1387 862 1477 894 sunt
1498 858 1633 896 secuti.

123 918 252 972 Atque
278 927 317 959 ut
346 931 440 957 unus
463 917 638 970 idemque
664 918 737 968 sit,
780 925 844 958 aut
868 919 963 958 alius
987 919 1155 959 eiusdem
1184 934 1266 959 enm
1292 921 1355 960 illo
1379 921 1568 975 opinionis
1600 931 1637 962 et

123 986 283 1040 partium
312 987 456 1032 fautor,
489 984 580 1023 nihil
602 984 804 1025 admodum
829 987 963 1025 refert.
1025 984 1166 1026 Forma
1196 988 1344 1040 quidem
1378 989 1636 1042 nequissimae

122 1053 270 1093 illorum
295 1051 490 1091 doctrinae
513 1065 558 1090 ac
588 1052 692 1092 velut
723 1060 813 1092 nota
838 1053 998 1106 quadam
1029 1054 1215 1094 eiusmodi
1240 1062 1300 1094 est
1321 1056 1468 1109 qualem
1491 1056 1635 1096 descri-

122 1121 284 1174 psimus,
317 1125 355 1158 et
378 1116 651 1159 Cerinthianos
677 1119 787 1160 simul
815 1135 859 1160 ac
882 1119 1169 1162 Merinthianos
1197 1123 1378 1177 appellari
1411 1131 1576 1165 constat.

227 1185 299 1225 His
323 1185 438 1238 igitur
461 1187 505 1225 de
531 1186 722 1227 horrenda
746 1188 897 1228 illorum
929 1202 974 1228 ac
1000 1196 1219 1243 serpentum
1250 1189 1363 1229 simili
1392 1190 1634 1245 improbitate

118 1253 313 1307 disputatis
335 1253 381 1292 ad
405 1267 472 1293 eas
492 1267 587 1306 quae
609 1254 789 1308 deinceps
815 1263 1103 1311 consequuntur
1122 1257 1382 1310 promovenda
1406 1265 1465 1298 est
1491 1259 1629 1299 oratio.

116 1319 193 1362 Sed
218 1320 414 1360 habendae
444 1320 628 1375 imprimis
661 1322 808 1375 gratiae
840 1330 952 1372 sunt,
996 1324 1095 1376 quod
1128 1324 1381 1378 pessimorum
1413 1325 1630 1379 dogmatum

115 1387 271 1442 pelagus
297 1387 397 1428 istud
424 1388 507 1428 sine
533 1389 607 1428 ulla
632 1403 732 1429 noxa
757 1390 1053 1440 transmisimus,
1087 1398 1124 1430 et
1146 1391 1237 1431 illud
1261 1391 1483 1446 suppliciter
1500 1400 1631 1447 postu-

113 1454 287 1505 landum,
319 1463 361 1495 ut
386 1470 469 1495 cum
501 1456 538 1495 in
570 1456 736 1509 reliquas
765 1457 948 1497 haereses
980 1458 1280 1508 incurrerimus,
1322 1459 1431 1513 quasi
1453 1459 1491 1499 iu
1515 1461 1629 1500 mari-

113 1523 203 1563 tima
228 1523 412 1577 quaedam
447 1537 491 1563 ac
520 1524 704 1564 monstris
734 1526 878 1564 referta
904 1524 1036 1566 brevia
1061 1526 1173 1566 delati
1201 1527 1291 1567 nihil
1323 1527 1370 1566 ab
1400 1526 1457 1567 his
1483 1527 1629 1567 incom-

112 1592 212 1631 modi
235 1592 442 1645 patiamur‚
485 1592 552 1630 sed
579 1591 624 1631 ab
654 1605 698 1631 ea
725 1605 821 1645 quae
850 1592 953 1632 inter
973 1593 1236 1647 disputandum
1269 1593 1442 1634 illuxerit
1462 1595 1628 1636 veritate

112 1659 272 1699 salutem
296 1672 596 1712 consequamur,
630 1672 712 1698 cum
738 1666 776 1698 et
798 1659 907 1699 huius
931 1660 1158 1700 soliditatem
1185 1661 1443 1712 adstruemus,
1477 1669 1516 1702 et
1536 1676 1628 1702 con-

112 1726 313 1766 trariarum
340 1726 552 1766 haereseon
575 1726 797 1766 inanitatem
820 1740 1067 1781 erroremque
1087 1728 1450 1768 demonstrabimus.
1513 1726 1626 1782 Quod

111 1794 143 1834 si
166 1793 351 1848 quispiam
374 1794 620 1834 considerare
649 1800 686 1833 et
709 1794 834 1847 aliqua
855 1794 941 1834 illas
967 1794 1194 1835 adumbrare
1217 1795 1464 1835 similitudine
1494 1796 1627 1836 volue-

110 1862 181 1911 rit,
224 1876 335 1915 quam
368 1861 553 1901 haetenus
585 1862 856 1912 refutavimus,
899 1862 946 1902 ob
975 1863 1161 1916 duplicem
1191 1862 1294 1902 illam
1330 1863 1624 1917 appellationem

110 1943 194 1969 cum
228 1929 372 1984 bicipiti
403 1930 564 1984 quodam
597 1935 775 1982 serpente
807 1929 935 1984 reipsa
966 1930 1257 1984 comparandam
1293 1930 1461 1984 putabit,
1501 1944 1623 1985 eoque

109 1997 264 2051 viperae
288 2011 431 2051 genere
455 2011 564 2051 quam
588 1994 827 2050 Sepedonem
851 2000 1007 2047 vocant,
1040 2011 1136 2051 quae
1159 1997 1243 2051 pilis
1268 2004 1349 2037 toto
1376 2012 1538 2052 corpore
1563 2006 1625 2039 est.

109 2078 244 2119 sparsa
267 2065 516 2114 rubentibus,
549 2077 673 2116 neque
695 2077 856 2118 caprae,
889 2072 954 2105 aut
979 2065 1062 2105 ovis
1089 2065 1123 2105 ei
1149 2072 1286 2105 natura
1312 2065 1372 2105 vel
1404 2065 1513 2119 pellis
1544 2073 1617 2115 est,

109 2134 176 2173 sed
201 2133 407 2187 serpentis,
441 2133 649 2184 eademque
679 2145 809 2170 morsu
834 2131 955 2172 obviis
978 2132 1188 2186 quibusque
1211 2132 1327 2172 letum
1349 2133 1482 2183 affert,
1516 2140 1557 2173 ut
1581 2141 1620 2173 et

108 2201 281 2241 haeresis
305 2200 369 2240 illa
393 2206 604 2239 sectatores
626 2212 716 2238 suos
737 2206 887 2250 enecat,
919 2214 1002 2240 cum
1025 2207 1089 2239 aut
1114 2207 1248 2239 vetere
1271 2206 1502 2239 testamento
1523 2199 1617 2239 ritu-

111 2282 183 2322 que
203 2269 248 2308 ad
268 2267 517 2308 evertendum
537 2280 675 2305 novum
699 2265 831 2316 utitur,
853 2273 918 2306 aut
939 2267 1188 2307 fraudulentis
1209 2266 1422 2306 rationibus
1445 2280 1496 2306 ex
1515 2280 1617 2306 novo

109 2342 339 2376 testamento
364 2334 595 2389 depromptis
622 2332 837 2387 apostolos,
870 2334 932 2388 qui
954 2348 974 2375 e
1002 2333 1294 2374 circumcisione
1326 2334 1373 2374 ad
1399 2330 1544 2374 Christi
1574 2347 1616 2374 se

109 2403 218 2443 fidem
250 2403 509 2457 applicarunt,
543 2400 636 2440 falso
658 2399 881 2454 impugnare
899 2401 1046 2442 nititur.
1110 2398 1231 2442 Cuius
1253 2401 1402 2455 quidem
1426 2403 1613 2443 tabificum

108 2470 215 2511 virus
239 2477 351 2524 atque
377 2470 510 2509 dentes
537 2467 713 2521 quoniam
741 2468 912 2509 veritatis
939 2469 1047 2523 quasi
1078 2470 1178 2509 fuste
1200 2468 1439 2510 contudimus
1462 2477 1501 2510 et
1522 2484 1613 2510 con-

109 2537 306 2588 trivimus,
339 2537 384 2577 ad
413 2550 479 2575 eas
504 2548 601 2588 quae
625 2543 911 2589 consequuntur
930 2536 1184 2588 refellendas,
1223 2535 1278 2576 uti
1304 2535 1492 2588 diximus,
1525 2552 1612 2592 pro—

109 2606 281 2659 greditur
310 2619 355 2645 ac
385 2603 539 2644 festinat
568 2601 704 2642 oratio.

1261 2945 1348 2987 15*
