2034 3267
513 186 691 217 PANARH
715 186 797 218 Lus.
821 187 842 218 ι.
867 187 972 218 ΤοΜ.
991 187 1033 217 11.
1057 185 1186 217 HAER.
1206 186 1325 217 XXX.
1595 177 1674 216 279

149 267 342 304 Desiderio
363 266 573 302 desideravi
589 267 658 302 leoc
677 267 816 316 paseha
840 268 1063 303 manducare
1086 266 1282 304 vobiscum.
1338 262 1486 317 Quibus
1514 264 1671 318 insuper

149 331 378 372 vocabulum
406 330 500 381 hoc,
545 334 721 378 Carnem,
755 332 1003 381 addiderunt,
1036 345 1154 384 seque
1179 332 1282 386 ipsos
1314 332 1527 372 miserrime
1558 332 1670 371 dece·

148 405 303 452 perunt,
337 412 420 438 cum
445 412 512 452 per
532 412 718 438 summum
740 399 866 438 scelus
889 399 1102 438 adulterata
1125 399 1315 453 scriptura
1338 399 1436 439 hunc
1457 400 1495 439 in
1516 400 1669 440 modum

148 466 396 505 extulerunt:
451 468 549 504 Num
575 469 754 504 desiderio
777 468 986 503 desideravi
1003 468 1072 504 hoc
1084 469 1247 517 paseha,
1282 481 1427 506 ear-nem
1447 470 1671 507 manducare

148 534 363 571 robz'semn?
420 533 540 585 Atqui
568 533 688 586 palam
714 532 803 571 illud
830 532 1067 582 ostenditur,
1102 530 1297 572 Christum
1326 535 1517 574 dominum
1541 541 1579 574 et
1603 549 1667 589 pa·

146 600 237 639 sclua
271 599 492 639 celebrasse
524 607 562 639 et
592 612 728 639 carnes
761 598 912 647 edisse,
954 600 1270 650 quemadmodum
1298 601 1394 641 dixi.
1454 600 1666 642 Praeterea

145 681 199 706 cx
224 681 270 706 eo
294 667 378 706 viso
403 675 561 720 possunt
586 663 764 717 redargui
787 665 884 717 quod
915 665 1026 705 beato
1052 663 1171 704 Petro
1193 674 1443 707 monstratum
1467 676 1547 719 est,
1580 684 1666 709 cum

146 734 306 773 linteum
330 734 418 773 illud
443 732 593 787 aspexit
615 731 652 771 in
676 745 750 784 quo
776 733 941 771 ferarum
967 746 1012 771 ac
1038 733 1225 786 pecudum
1249 740 1287 772 et
1309 735 1497 787 reptilium
1526 750 1569 777 ac
1599 751 1666 778 vo·

147 802 292 840 lucrum
322 814 466 854 genera
491 799 617 839 onmia
645 798 955 838 continebantur.
1018 797 1238 839 Secundum
1269 814 1367 853 quae
1398 801 1458 840 dei
1491 802 1554 843 illa
1584 817 1664 844 vox

145 876 205 908 est
227 868 376 917 audita,
415 870 560 917 Surge,
593 868 736 912 occide,
770 875 808 903 ec
823 868 1015 904 manduca.
1079 865 1356 920 Respondente
1377 865 1520 919 Petro,
1552 872 1668 909 Absit
1685 878 1746 905 Act.
1766 880 1807 913 io,
1829 881 1868 908 155.

146 939 308 982 domine,
342 936 439 973 nz‘lu‘l
455 935 548 971 em‘m
579 947 765 971 commune
796 935 856 971 vel
874 936 1096 972 immundum
1119 936 1275 972 intravit
1301 938 1339 973 in
1364 950 1403 974 os
1427 950 1563 983 meam,
1599 939 1666 977 do-

147 1003 269 1042 minus
292 1000 467 1049 subiecit,
501 1002 606 1048 Quod
626 1002 715 1037 deus
731 1001 963 1051 par-efieavz‘t,
997 1008 1037 1039 tu
1059 1015 1247 1040 commune
1269 1017 1314 1040 ne
1335 1005 1491 1041 dziverz’s.
1534 1002 1665 1057 Siqui—

146 1071 229 1108 dem
254 1076 414 1121 utroque
438 1068 548 1105 modo
575 1066 792 1106 confirmari
825 1068 968 1107 veritas
994 1075 1135 1121 potest.
1184 1067 1278 1109 Sive
1303 1069 1402 1109 enim
1429 1071 1598 1111 dixerint
1617 1073 1664 1112 ad

145 1136 270 1175 omnia
296 1134 579 1174 esculentorum
603 1147 748 1186 genera
768 1132 875 1174 Petri
901 1134 1040 1174 dictum
1065 1135 1155 1175 illud
1181 1137 1397 1188 pertinere,
1439 1152 1523 1178 cum
1555 1138 1661 1188 dicit,

144 1204 253 1241 Nihil
274 1215 429 1252 unquam
455 1215 641 1239 commune
661 1203 720 1239 vel
739 1205 982 1249 immundum,
1018 1210 1057 1242 ut
1077 1210 1115 1242 et
1138 1203 1259 1243 boves
1273 1235 1283 1253 ,
1317 1218 1468 1259 capras,
1501 1220 1596 1247 oves
1619 1221 1665 1246 ac

145 1269 319 1308 volucres
345 1281 568 1307 communes
592 1282 677 1308 esse
705 1269 894 1319 voluerit,
928 1272 1056 1309 statim
1080 1270 1166 1311 illos
1188 1271 1292 1325 prior
1317 1272 1400 1312 eius
1424 1273 1578 1313 vivendi
1602 1288 1663 1314 ra-

143 1337 194 1375 tio
221 1335 376 1376 refellit.
438 1334 565 1375 Ducta
590 1336 726 1390 quippe
749 1337 824 1376 iam
855 1351 979 1376 uxore
1004 1352 1087 1377 cum
1117 1345 1154 1378 et
1175 1339 1318 1379 liberos
1347 1339 1507 1380 haberet
1532 1349 1572 1381 et
1601 1355 1663 1381 so-

141 1417 245 1442 crum
274 1417 293 1442 a
322 1401 546 1443 ludaeorum
570 1404 800 1442 ceremoniis
825 1418 913 1444 sese
935 1405 981 1444 ad
1000 1402 1198 1445 Christum
1226 1408 1466 1461 aggregavit.
1527 1409 1581 1448 At
1604 1407 1664 1449 lu-

141 1470 224 1510 daei
250 1470 430 1510 carnibus
454 1478 689 1520 vescuntur,
732 1485 804 1511 nec
826 1485 958 1511 earum
984 1486 1075 1512 usus
1099 1473 1194 1527 apud
1225 1474 1310 1513 illos
1343 1475 1576 1515 execrabilis
1605 1485 1664 1516 est

142 1544 207 1577 aut
230 1537 458 1592 prohibitus.
522 1536 618 1578 Cum
654 1522 770 1591 igiu‘w
796 1539 906 1578 initio
939 1540 1119 1579 carnibus
1145 1547 1338 1592 uteretur,
1383 1543 1517 1582 saltem
1548 1544 1593 1583 ad
1626 1544 1661 1583 id

142 1619 261 1658 usque
291 1612 439 1660 tempus
470 1621 544 1659 quo
568 1606 605 1645 in
628 1604 824 1646 Christum
849 1607 1041 1646 dominum
1070 1607 1223 1658 incidit,
1258 1611 1500 1650 manifestum
1525 1617 1584 1650 est
1606 1611 1663 1650 ni-

141 1673 192 1712 hil
215 1673 316 1712 illum
338 1673 436 1726 quod
463 1688 664 1714 commune
692 1689 766 1713 non
789 1681 894 1713 esset
914 1688 981 1728 pro
1007 1676 1196 1714 communi
1217 1676 1413 1717 habuisse.
1448 1677 1539 1717 Non
1559 1680 1659 1718 enim

140 1753 273 1779 omnes
305 1740 411 1780 cibos
441 1741 654 1781 communis
686 1742 943 1795 immundique
973 1756 1069 1782 voce
1095 1743 1321 1797 complexus
1343 1751 1425 1795 est,
1467 1747 1533 1784 sed
1566 1760 1662 1799 quos

139 1808 327 1847 eiusmodi
355 1822 443 1847 esse
466 1808 533 1848 lex
559 1809 638 1863 ipsa
667 1809 880 1848 definierat.
942 1806 1040 1850 Cum
1064 1809 1181 1863 igitur
1203 1819 1355 1851 constet
1384 1827 1459 1852 non
1483 1813 1529 1852 de
1559 1815 1662 1852 omni

138 1875 310 1915 carnium
333 1889 476 1929 genere
501 1876 667 1916 locutum
691 1890 778 1915 esse
796 1874 976 1926 Petrum,
1010 1884 1049 1917 ut
1077 1891 1212 1918 omnes
1243 1893 1330 1919 esse
1361 1894 1582 1920 communes
1606 1881 1659 1920 di-

138 1950 267 1991 ceret,
310 1944 377 1982 sed
403 1944 448 1983 (le
483 1943 531 1983 iis
559 1958 653 1997 quas
680 1957 766 1982 csse
798 1958 1020 2001 communes
1045 1944 1337 2000 immundasque
1372 1949 1437 1987 lex
1467 1949 1658 1998 edixerat,

137 2010 232 2051 deus
254 2017 410 2050 sanctae
436 2009 582 2051 Christi
607 2011 797 2050 ecclesiae
825 2019 951 2051 notam
977 2013 1214 2067 formamque
1240 2016 1525 2068 praescribens,
1558 2031 1661 2056 coui-

138 2092 252 2117 mune
284 2079 484 2131 quicquam
514 2079 704 2132 appellare
736 2077 940 2132 prohibuit.
1003 2077 1142 2120 Omnia
1175 2081 1312 2136 qnippe
1345 2097 1437 2136 pura
1471 2091 1583 2134 sunt,
1628 2084 1659 2124 si

138 2159 223 2184 cum
255 2146 407 2185 actione
438 2146 646 2199 gratiarum
674 2146 810 2199 deique
841 2147 1109 2187 benedictione
1135 2157 1350 2189 sumantur.
1412 2149 1517 2203 Quin
1543 2151 1658 2190 etiam

136 2213 379 2252 vocationem
407 2212 576 2266 gentium
602 2215 725 2252 visum
751 2213 840 2253 illud
863 2214 1134 2266 adumbrabat,
1169 2230 1215 2256 ne
1242 2217 1438 2270 praeputio
1466 2218 1658 2271 praeditos

136 2294 359 2319 communes
380 2281 626 2334 impurosque
648 2288 842 2320 censeret.
904 2280 1144 2336 Quamquam
1170 2284 1319 2324 obiecta
1347 2285 1410 2323 illa
1434 2282 1552 2324 Petro
1572 2299 1659 2339 spe-

137 2347 216 2387 cies
238 2361 313 2386 non
338 2348 382 2387 ad
408 2348 679 2401 significandos
708 2348 904 2400 homines,
937 2352 1003 2389 sed
1033 2352 1077 2390 ad
1104 2365 1149 2390 ea
1171 2365 1268 2404 quae
1292 2352 1376 2404 lege
1400 2359 1511 2391 eraut
1541 2353 1660 2392 inter-

137 2414 237 2454 dicta
260 2415 481 2467 spectabat3
516 2416 550 2454 id
578 2416 675 2468 quod
702 2423 880 2456 constare
904 2418 1062 2457 cuilibet
1082 2425 1222 2472 potest.
1271 2417 1325 2459 lta
1351 2420 1515 2473 undique
1540 2435 1659 2473 nuga-

138 2481 235 2521 toria
267 2496 313 2521 ac
344 2483 441 2522 levis
471 2482 622 2522 illorum
654 2483 782 2537 opinio
815 2485 990 2525 concidat
1021 2499 1181 2525 neeesse
1213 2493 1286 2525 est.

246 2547 365 2589 lidem
397 2551 657 2603 apostolorum
690 2551 868 2602 nomina,
912 2567 985 2606 quo
1013 2553 1162 2593 facilius
1189 2560 1405 2594 sectatores
1431 2569 1523 2594 suos
1551 2555 1657 2609 pelli·
1706 2568 1783 2609 cap.

133 2616 258 2666 ciant,
301 2630 368 2671 per
391 2617 671 2657 sinmlationem
697 2619 920 2670 admittunt,
953 2620 1088 2674 quibus
1115 2620 1228 2660 etiam
1257 2621 1446 2661 confictos
1471 2623 1656 2675 quosdam
1680 2613 1806 2645 XXMJ.

136 2698 158 2722 a
178 2697 220 2723 se
245 2684 361 2723 libros
384 2685 621 2734 inscribunt,
663 2685 767 2725 velut
792 2701 811 2725 a
836 2685 999 2738 Iacobo,
1032 2687 1256 2738 Matthaeo,
1291 2703 1335 2728 ac
1360 2688 1517 2742 reliquis
1546 2689 1658 2730 disci-

135 2751 231 2804 pulis
260 2752 399 2793 editos.
461 2750 568 2792 Inter
600 2765 695 2805 quae
725 2751 881 2795 loannis
909 2757 1022 2795 etiam
1060 2756 1220 2810 apostoli
1256 2769 1394 2795 nomen
1428 2757 1656 2806 admiscent,

135 2831 212 2869 quo
233 2834 364 2860 eorum
392 2820 571 2861 vecordia
597 2821 718 2873 possit
740 2835 792 2860 ex
814 2822 914 2862 omni
941 2830 1046 2877 parte
1073 2824 1320 2877 deprehendi.
1383 2821 1482 2864 Nam
1513 2840 1585 2865 non
1613 2840 1657 2863 ιη)
