2034 3267
498 184 676 217 PANARII
699 184 781 218 LlB.
799 185 823 218 Ι.
848 184 954 218 ΤΟΜ.
971 185 1026 216 ΙῙῙ.
1053 184 1182 215 HAER.
1202 182 1308 214 XLII.
1590 174 1670 213 617

150 277 219 304 ea:
252 266 336 303 Non
360 267 460 316 capit
476 267 690 316 prophetam
713 268 834 304 occidi
853 273 960 303 extra
986 266 1229 303 Hierusalem.
1294 259 1390 302 Illud
1413 260 1549 302 etiam:
1583 264 1670 300 Hie-

150 335 330 378 rusalem,
363 335 613 380 Hierusalem,
648 348 741 385 quae
763 335 898 372 occidis
919 334 1119 384 prophetas
1141 339 1178 369 et
1197 333 1340 382 lapidas
1364 344 1446 376 eos,
1482 332 1549 381 (μα’
1565 332 1615 368 ad
1638 337 1672 367 te

149 403 255 439 messi
269 407 379 447 sum,-
424 399 537 440 item:
582 404 699 452 Saepe
721 403 823 439 volui
840 413 1090 451 congregare,
1132 402 1231 437 sicat
1248 400 1394 449 gallina
1414 399 1538 449 pullos
1560 412 1668 444 suos,-

150 474 209 507 et:
243 470 484 520 Relinquetur
504 470 604 507 vobis
623 471 750 507 domus
772 476 914 515 vestra‚·
948 474 1008 506 et:
1042 469 1125 505 Non
1147 481 1202 504 me
1227 467 1405 511 videbitis,
1437 468 1550 504 donec
1571 468 1672 504 dica-

150 538 196 574 tis
209 567 219 583 ,
254 539 486 575 Benedictus.

262 603 394 644 Refut.
420 603 532 644 XLI.
579 602 679 644 Vide
705 603 866 643 hominis
891 602 1112 652 audaciam,
1157 615 1200 640 ae
1227 607 1406 654 quantum
1431 613 1482 640 ex
1504 613 1672 653 evange-

148 670 199 711 lio
224 671 444 721 subtrahat,
478 671 791 725 quemadmodum
820 671 850 710 51
879 670 962 724 quis
989 668 1140 709 animali
1166 669 1341 723 quopiam
1364 668 1402 707 in
1429 669 1521 708 duas
1544 675 1673 722 partes

149 739 314 780 dissecto
351 738 544 779 dimidium
585 739 666 779 eius
699 738 886 793 imperitis
923 738 1121 786 ostendat,
1165 750 1208 776 ac
1242 736 1475 790 persuadere
1510 743 1673 776 conetur

150 807 336 847 eiusmodi
366 814 484 847 totum
516 806 651 846 animal
684 819 794 855 esse,
835 819 904 845 uec
936 805 970 845 ei
1003 804 1203 858 quicquam
1235 804 1466 858 ademptum.

260 873 392 915 Schol.
417 873 548 914 XLII.
594 874 653 913 Ad
679 874 771 913 haec
794 874 982 927 integram
1007 872 1167 912 abscidit
1191 872 1348 912 duorum
1377 872 1536 912 [iliorum
1565 886 1672 927 para·
1694 885 1820 919 Lucus,
1839 887 1877 913 11.

147 942 294 993 bolam,
329 943 410 982 eius
437 942 615 982 videlicet
644 942 705 995 qui
738 941 924 981 bonorum
956 947 1102 995 partem
1134 940 1366 989 abstulerat,
1401 947 1439 980 et
1469 940 1642 979 alterius.

260 1078 393 1118 Refut.
422 1076 553 1118 XLII.
604 1075 845 1118 Simillimum
872 1077 1116 1130 maximeque
1139 1076 1331 1130 geminum
1357 1090 1498 1116 novum
1523 1075 1593 1114 1100
1621 1076 1675 1114 fa—

149 1147 255 1188 cinus
281 1153 340 1186 cst
361 1146 430 1196 iis,
466 1160 562 1200 quae
585 1146 620 1185 in
650 1146 782 1185 eodem
806 1152 894 1185 ante
919 1158 1063 1199 genere
1089 1143 1293 1184 commisit.
1358 1141 1469 1196 Quod
1498 1143 1583 1183 111110
1611 1143 1674 1182 uni

148 1216 332 1256 duntaxat
367 1215 486 1254 fraudi
519 1213 612 1264 fuit,
659 1228 742 1253 cum
776 1213 907 1254 eadem
943 1213 1068 1253 diviua
1097 1212 1242 1253 veritas
1270 1212 1517 1252 nihilominus
1544 1225 1676 1265 perse-

150 1290 273 1324 veret.

261 1349 394 1392 Schol.
425 1349 576 1391 XLIII.
626 1354 707 1390 Lem
727 1358 763 1389 et
778 1352 980 1402 prophetae
1004 1364 1116 1401 usqne
1140 1351 1189 1388 ad
1211 1351 1403 1388 Ioannem.
1438 1355 1474 1386 et
1499 1362 1614 1387 omnes
1640 1351 1678 1387 in
1698 1361 1880 1398 Cap.16,16.

149 1424 246 1461 illud
272 1424 342 1459 vim
361 1421 477 1473 facit.

257 1487 393 1528 Refut.
418 1486 571 1527 XLIII.
619 1485 660 1528 Si
690 1487 811 1540 legem
845 1493 1048 1541 percenset
1075 1499 1119 1525 ac
1148 1484 1353 1539 prophetas
1382 1491 1673 1532 commemorat,

148 1570 272 1611 neque
296 1563 361 1596 aut
386 1556 438 1595 illi
465 1556 691 1610 pravitatem
719 1555 923 1604 adscribit,
969 1560 1032 1594 aut
1057 1553 1152 1593 istos
1179 1553 1294 1592 falsos
1319 1552 1523 1606 prophetas
1549 1552 1677 1606 appel-

146 1626 214 1676 lat,
252 1625 475 1665 necessario
500 1624 691 1663 fatendum
715 1629 774 1663 est
798 1619 993 1663 Christum
1014 1621 1205 1661 dominum
1228 1620 1431 1675 prophetas
1455 1620 1675 1660 testimonio

150 1707 219 1734 suo
251 1692 546 1747 comprobasse,
595 1705 688 1746 quos
722 1705 772 1730 ex
800 1691 931 1730 eodem
961 1690 1046 1730 loco
1075 1690 1119 1729 de
1148 1686 1304 1729 Christo
1330 1687 1561 1729 vaticinatos
1588 1701 1676 1728 esse

150 1761 355 1815 colligitur.

260 1826 392 1869 Schol.
415 1827 565 1868 XLIV.
614 1826 672 1867 De
705 1826 821 1867 divite
853 1833 890 1866 et
918 1824 1074 1865 Lazaro
1109 1824 1306 1873 mendico,
1355 1823 1672 1878 quemadmodum
1693 1837 1767 1864 lbid.
1787 1839 1828 1866 22.

151 1897 300 1938 delatus
333 1903 391 1935 est
422 1896 467 1936 ab
499 1895 646 1949 angeliS
677 1895 713 1934 in
744 1895 867 1935 sinum
899 1894 1069 1934 Abraae.

261 1964 393 2006 Ret'ut.
423 1963 573 2003 XLIV.
623 1962 762 2003 Viden*
795 1969 834 2002 ut
868 1950 968 2001 iuter
995 1962 1106 2001 vivos
1147 1974 1192 2000 ae
1225 1960 1359 2000 beatos
1394 1960 1431 1999 iu
1469 1960 1531 2000 illa
1575 1961 1674 2000 felici

150 2034 407 2088 sempiternae
443 2031 580 2085 quietis
618 2031 828 2070 hereditate
861 2030 1077 2069 Abraamus
1110 2029 1153 2069 ad
1188 2029 1315 2068 omino
1347 2034 1595 2078 numeretur,
1639 2035 1676 2067 et

150 2102 187 2142 in
214 2101 296 2141 eius
319 2101 404 2140 sinu
427 2098 602 2139 Lazarus
626 2099 868 2152 acquiescat?
927 2096 1074 2137 Desine
1100 2097 1238 2151 igitur,
1272 2094 1446 2145 Marcio,
1481 2096 1675 2135 Abraamo

152 2169 407 2218 maledicere,
453 2167 514 2221 qui
545 2167 737 2206 dominum
764 2166 920 2220 agnovit
941 2179 1071 2214 suum,
1114 2178 1275 2218 eumque
1304 2163 1358 2203 510
1381 2164 1568 2203 allocutus
1594 2170 1673 2202 est:

151 2241 328 2284 Domine,
364 2239 430 2288 que'
447 2238 589 2274 iudicas
611 2238 816 2274 nniversam
840 2242 989 2273 terram.
1053 2232 1157 2273 Ecce
1185 2232 1249 2272 tibi
1275 2232 1413 2271 iustum
1435 2231 1533 2271 1111110
1555 2231 1673 2270 fuisse
1693 2245 1767 2273 Gen.
1782 2247 1877 2281 18,ss

152 2312 315 2346 testatus
343 2311 400 2344 est
425 2303 622 2354 dominus,
668 2316 737 2342 nec
762 2302 808 2342 ab
833 2315 877 2342 ea
901 2302 1003 2353 vita,
1048 2315 1158 2355 quam
1184 2301 1356 2340 salvator
1377 2300 1458 2354 ipse
1482 2313 1675 2340 commcn-

155 2374 239 2425 dat,
273 2373 454 2413 alienum.

268 2440 400 2481 Schol.
425 2439 554 2480 XLV.
603 2441 712 2477 Nunc
743 2453 826 2477 vero
856 2441 915 2477 laic
945 2439 1158 2478 consolatur
1188 2439 1374 2475 Lazarus.
1695 2450 1876 2482 Luc.16,·25.

264 2507 396 2548 Refut.
421 2507 552 2547 XLV.
599 2503 696 2547 Cum
726 2504 900 2546 Lazarus
932 2507 969 2546 iu
999 2504 1180 2546 Abraami
1211 2504 1296 2544 sinu
1329 2503 1573 2554 consoletur,
1615 2517 1676 2544 se-

156 2576 283 2630 quitur
313 2590 361 2615 ne
387 2575 620 2615 Abraamum
653 2574 800 2628 quidem
832 2574 953 2629 ipsum
985 2573 1111 2614 solatii
1143 2586 1230 2612 esse
1261 2571 1371 2611 huius
1400 2578 1615 2625 expertem.

270 2642 402 2684 Schol.
427 2642 576 2683 XLVI.
623 2641 735 2682 Dixit
758 2642 942 2691 Abraam,
975 2644 1123 2681 Habent
1138 2644 1301 2691 Jtoysem
1325 2648 1361 2678 ec
1379 2642 1593 2691 prophetas,
1629 2643 1674 2679 il-
1694 2654 1765 2681 lbid.
1785 2655 1826 2682 29.

158 2714 212 2752 los
242 2715 417 2751 audiant:
451 2713 593 2772 (tlg'oqm'
618 2725 734 2762 neque
761 2714 798 2749 εἰ
823 2725 845 2749 α
874 2714 1029 2750 mortuis
1058 2713 1140 2762 quis
1168 2711 1438 2754 resurrexerit,
1473 2710 1635 2747 audient.

268 2847 403 2888 Refut.
430 2845 579 2887 XLVI.
623 2844 713 2887 Non
737 2853 912 2901 tanquam
934 2847 972 2887 in
995 2847 1066 2887 hoe
1088 2844 1227 2885 mundo
1249 2843 1370 2883 adhue
1392 2843 1464 2893 sit,
1498 2850 1535 2884 et
1554 2843 1591 2884 in
1615 2858 1675 2884 er-

206 2949 254 2982 13.
278 2951 361 2982 Haec
382 2951 474 2981 verba
502 2947 559 2981 καὶ
582 2945 723 2987 ἀσώτως
747 2947 895 2991 δαπανῆ-
989 2946 1036 2981 14.
1062 2950 1165 2987 Supra
1188 2942 1373 2979 ἀκούουσιν.

162 3005 276 3033 σαν-τος
297 3005 392 3035 supra
418 3004 478 3026 non
501 2997 671 3026 occurrunt.
