2034 3267
476 184 653 218 PANARII
676 185 758 218 ΜΒ.
778 186 802 220 1.
826 185 932 219 ToM.
953 187 1012 218 111.
1037 185 1166 219 HAER.
1188 188 1293 221 XLV.
1566 181 1645 223 707

120 263 224 306 Nam
256 263 380 305 albam
412 277 505 305 sane
539 264 655 306 vitem
683 265 874 321 serpentis
899 265 1184 307 similitudinem
1210 267 1452 322 exprimere,
1499 268 1646 322 nigram

120 331 315 383 draconis,
343 331 474 372 acinos
497 346 610 387 porro
633 340 820 387 tamquam
843 333 982 374 veneni
1002 341 1128 387 guttas
1150 349 1194 375 ac
1216 335 1335 376 stillas
1358 349 1460 387 esse,
1491 343 1648 391 propter

119 399 416 450 rotunditatem,
465 413 508 439 ac
531 400 767 453 singulorum
794 401 1037 451 discrimina,
1084 403 1180 442 adeo
1206 410 1245 442 ut
1268 404 1427 443 orbiculi
1454 403 1524 458 ipsi
1554 418 1576 444 a
1600 418 1642 444 se

118 467 282 508 invicem
314 467 437 508 avulsi
467 468 709 522 separatique
741 475 963 509 cernantur.
1026 468 1275 524 indidemque
1302 478 1339 510 et
1365 471 1495 512 vinum
1522 471 1644 511 homi-

117 549 207 575 num
232 535 456 589 perturbare
475 542 623 575 mentes
650 549 694 575 ac
717 537 851 590 partim
875 536 1031 576 veneris
1053 536 1234 577 illecebra
1256 539 1473 589 concitare,
1507 539 1642 593 partim

118 603 257 643 furoris
293 603 438 656 agitare
473 603 657 654 stimulis,
706 604 842 658 partim
873 604 1036 658 denique
1067 605 1112 644 ad
1140 604 1374 645 iracundiam
1405 620 1642 660 provocare3

119 671 217 725 quod
244 685 289 711 ea
314 670 392 710 vini
417 671 478 720 vi,
513 670 583 711 hoc
609 678 668 711 est
694 671 872 711 draconis
899 671 998 712 illius
1023 686 1199 723 veneno,
1243 673 1328 713 leve
1354 674 1419 713 fiat
1442 674 1645 714 efferatur-

119 752 191 792 que
213 752 367 793 corpus.
430 736 553 791 Quam
577 739 625 778 01)
647 753 820 780 caussam
846 739 907 793 qui
933 740 1030 780 hanc
1054 747 1196 781 sectam
1222 741 1449 795 profitentur
1470 741 1516 781 ab
1541 741 1643 782 omni

115 820 186 847 usu
221 806 300 847 vini
333 804 483 861 penitus
516 806 723 846 abstinent.

227 873 431 915 Mulierem
459 881 660 928 praeterea
686 873 853 915 Satanae
883 888 978 929 opus
1003 889 1089 916 esse
1117 876 1267 927 dicunt,
1310 877 1345 916 id
1375 877 1473 931 quod
1504 884 1542 917 et
1565 876 1642 918 Ar·
1670 885 1746 929 Cap.
1772 887 1813 918 11.

116 942 303 983 chonticis
338 940 502 996 placuit,
544 941 706 996 ideoque
745 942 807 996 qui
841 956 883 982 se
919 943 1059 998 nuptiis
1095 944 1297 999 copulant,
1343 943 1513 986 Satanae
1547 959 1642 1000 opus

114 1010 314 1065 perficere.
378 1007 459 1049 lmo
483 1016 522 1049 et
542 1008 706 1049 hominis
730 1010 890 1050 alteram
915 1018 1061 1065 partem
1091 1012 1173 1063 dei,
1206 1012 1365 1052 alteram
1387 1012 1528 1053 diaboli
1554 1027 1641 1054 esse

115 1078 354 1118 confirmant.
415 1075 515 1117 Nam
544 1078 642 1131 quod
668 1077 714 1117 ab
736 1078 915 1118 umbilico
943 1092 1093 1119 sursum
1118 1079 1349 1134 porrigitur,
1385 1080 1536 1121 divinae
1561 1096 1642 1121 mo-

113 1146 258 1186 litionis
284 1158 396 1195 esse,
441 1145 539 1198 quod
562 1145 662 1185 infra
684 1145 924 1196 umbilicum,
969 1147 1109 1209 anmala
1132 1155 1321 1201 potestate
1346 1149 1538 1189 conditum
1564 1157 1643 1190 sta-

113 1220 238 1254 tuunt.
300 1210 360 1254 Ob
392 1212 428 1252 id
454 1213 653 1267 inquiunt,
697 1213 934 1268 voluptatum
963 1214 1202 1256 titillationes
1229 1230 1362 1257 omnes
1394 1231 1438 1257 ac
1463 1217 1640 1258 libidines

113 1281 160 1321 ab
183 1280 361 1322 umbilico
386 1287 499 1335 atque
521 1281 770 1321 inferioribus
796 1282 967 1336 partibus
994 1283 1229 1324 excitantur.
1293 1283 1398 1325 Idem
1424 1292 1462 1325 et
1482 1285 1640 1326 aliarum

111 1348 324 1390 haereseon
357 1349 494 1403 dogma
526 1349 608 1388 fuit.

220 1415 286 1457 Ex
319 1431 393 1471 quo
427 1416 544 1471 liquet
578 1416 671 1456 nihil
707 1416 805 1457 hunc
840 1417 912 1458 nisi
944 1418 1140 1472 planorum
1174 1425 1389 1460 ceterorum
1421 1420 1638 1463 inhaesisse
1666 1431 1743 1474 Cap.
1767 1433 1821 1465 ΠΙ.

109 1485 300 1539 vestigiis,
335 1485 397 1538 qui
420 1484 635 1539 perniciosa
661 1498 704 1524 ac
727 1484 880 1526 letifera
901 1499 1052 1526 venena
1072 1486 1110 1526 in
1135 1486 1327 1527 hominum
1349 1502 1472 1542 genus
1495 1489 1640 1530 effude-

108 1561 211 1594 runt.
275 1551 354 1593 Sed
382 1552 484 1592 nullo
510 1553 621 1607 plane
646 1553 827 1607 negotio,
873 1567 943 1594 nec
971 1568 1136 1608 operoso
1163 1555 1363 1596 admodum
1391 1556 1523 1597 labore
1548 1571 1639 1597 con-

109 1621 307 1661 futabitur.
371 1618 523 1674 Corpus
549 1621 648 1661 enim
673 1621 896 1662 universum
922 1636 972 1662 ex
995 1622 1042 1662 iis
1068 1637 1163 1676 quae
1186 1637 1205 1662 a
1229 1624 1300 1663 deo
1324 1631 1430 1665 recte
1454 1624 1640 1666 fabricata

109 1696 220 1739 sunt,
255 1688 326 1728 hoc
353 1696 413 1728 est
437 1689 675 1730 naturalibus
696 1696 755 1729 est
775 1689 1073 1745 appetitionibus
1097 1691 1324 1743 conflatum,
1359 1706 1452 1746 quas
1478 1707 1555 1733 non
1574 1693 1639 1733 ab-

108 1757 262 1797 surdum
287 1756 450 1810 aliquem
474 1757 519 1797 ad
543 1771 670 1808 usum,
704 1758 770 1798 sed
795 1758 996 1798 honestum
1020 1773 1064 1798 ac
1086 1760 1347 1800 necessarium
1368 1761 1462 1802 deus
1479 1761 1637 1814 indidit3

107 1825 282 1864 nimirum
309 1832 350 1864 ut
375 1831 413 1864 et
433 1839 607 1865 somnum
633 1833 877 1880 appetamus,
913 1834 950 1866 et
974 1827 1098 1867 cibum
1122 1841 1166 1867 ac
1190 1835 1343 1882 potum,
1389 1829 1569 1870 vestitum
1595 1844 1639 1871 ac

108 1901 258 1932 ceteras
285 1893 612 1947 opportunitates,
646 1908 743 1947 quae
767 1894 916 1948 quidem
938 1895 1012 1944 ,deo
1038 1895 1135 1935 haud
1161 1896 1335 1949 ingratae
1361 1897 1470 1937 nobis
1497 1912 1638 1938 usuve-

106 1961 237 2012 niunt3
270 1961 365 2000 adeo
386 1967 426 2000 ut
450 1961 511 2001 vel
533 1960 655 2016 ipsam
681 1976 701 2002 a
726 1962 875 2002 ratione
900 1963 1054 2003 minime
1079 1963 1290 2004 abhorrere
1311 1965 1468 2006 veneris
1493 1966 1638 2020 cupidi-

108 2035 223 2068 tatem
259 2029 521 2069 demonstrare
553 2030 681 2070 liceat.
744 2029 818 2070 Est
847 2031 947 2071 enim
980 2032 1026 2071 ad
1054 2031 1252 2072 honestam
1280 2032 1424 2073 sobolis
1448 2047 1637 2088 propaga-

105 2097 263 2146 tionem,
294 2104 330 2137 et
355 2097 401 2136 ad
428 2097 637 2138 conditoris
661 2098 828 2138 omnium
853 2099 970 2140 decus
994 2106 1031 2140 et
1055 2100 1239 2140 honorem
1267 2114 1469 2152 concessa,
1504 2116 1635 2155 quem-

105 2165 305 2205 admodum
335 2164 483 2205 semina
511 2166 556 2205 ad
588 2179 722 2206 eorum
755 2167 941 2208 bonorum
972 2181 1069 2222 quae
1095 2168 1189 2208 deus
1215 2169 1384 2220 creavit,
1417 2170 1633 2224 germinum

105 2232 286 2273 videlicet
307 2247 350 2272 ac
373 2233 560 2273 fructuum
582 2234 797 2275 ubertatem
821 2250 863 2276 ac
887 2236 1033 2289 copiam
1056 2236 1230 2277 instituta
1254 2245 1357 2277 sunt,
1413 2236 1480 2278 Sic
1503 2238 1636 2278 huma-

106 2315 155 2341 no
183 2300 316 2354 generi
340 2300 384 2340 ad
411 2301 501 2341 illud
528 2303 820 2355 praestandum:
868 2307 1050 2353 Crescite,
1095 2314 1133 2344 et
1153 2308 1467 2358 multiplicamini,
1514 2314 1550 2345 et
1575 2321 1634 2346 re-
1653 2322 1765 2358 Gen.1‚
1783 2324 1824 2351 23,

101 2372 203 2422 plete
235 2377 392 2416 terram,
427 2368 532 2409 insiti
564 2377 652 2410 suut
682 2370 734 2410 illi
765 2370 836 2425 ipsi
866 2372 1072 2428 voluptatis
1104 2374 1242 2414 aculei.

218 2434 399 2477 Ceterum
435 2437 663 2492 apocryphis
699 2439 922 2492 quibusdam
956 2440 1063 2482 libris
1098 2442 1150 2482 uti
1183 2442 1268 2481 illos
1301 2441 1541 2496 accepimus,
1590 2457 1635 2483 ac
1662 2460 1739 2506 Cap.
1761 2463 1815 2495 Ν,

104 2505 242 2560 partim
271 2504 383 2545 etiam
410 2505 570 2559 publicis
603 2520 647 2546 ac
670 2507 861 2562 receptis,
909 2522 957 2548 ex
985 2509 1120 2563 quibus
1152 2523 1198 2550 ea
1230 2510 1310 2550 sola
1337 2510 1508 2564 deligunt
1538 2526 1636 2565 quae

107 2588 175 2629 pro
207 2572 323 2614 animi
356 2572 415 2613 sui
446 2572 601 2613 libidine
629 2583 860 2617 commutata
891 2577 1181 2632 adulterataque
1213 2578 1440 2633 depravant.
1501 2578 1635 2619 Enim-

105 2655 200 2682 vero
225 2641 315 2682 vitis
340 2654 579 2695 nequaquam
604 2650 663 2682 est
688 2656 708 2682 0
734 2643 885 2685 diabolo
912 2646 1059 2686 consita
1075 2677 1086 2696 ,
1134 2660 1256 2700 neque
1284 2660 1335 2686 ex
1356 2647 1548 2701 serpentis
1573 2661 1634 2688 se-

104 2709 206 2750 mine
240 2716 465 2764 procreata,
509 2709 561 2749 uti
596 2710 707 2750 facile
738 2712 862 2765 quivis
889 2713 1081 2767 intelligit.
1146 2711 1220 2766 Qui
1253 2714 1354 2753 enim
1389 2714 1470 2755 fieri
1502 2723 1633 2769 posset

102 2777 226 2829 istud,
270 2791 353 2818 cum
380 2783 510 2831 aperte
536 2777 708 2818 salvator
737 2779 818 2833 ipse
841 2781 1032 2821 contraria
1058 2782 1184 2821 omnia
1207 2788 1371 2821 testetur
1401 2782 1447 2823 iis
1473 2783 1627 2824 verbis:

103 2848 186 2884 Non
216 2847 333 2885 bibam
364 2847 430 2883 lzoc
460 2848 504 2884 de
522 2849 708 2897 genimine
737 2851 820 2886 υίίίε
845 2851 974 2896 ιζςίῖιιε,
1021 2852 1133 2888 donec
1161 2851 1278 2889 bibam
1309 2852 1405 2889 z'llml
1426 2866 1556 2891 novum
1588 2856 1624 2892 z'n
1646 2870 1756 2898 Matth.

682 2917 692 2927 .
1652 2906 1694 2932 26.
1714 2907 1756 2934 29.

104 2953 206 2978 tatem
225 2954 258 2979 et
275 2947 567 2992 sequestrationem
587 2948 833 2993 uniuscuiusque
858 2951 952 2984 acini.

151 2992 225 3024 CAP.
249 2994 304 3025 111.
322 3013 364 3017 —
392 2994 419 3026 1.
443 2992 636 3036 παμπόλλου
659 2996 726 3027 cod.
747 2997 841 3028 Vatia.
890 2998 1007 3031 πολλοῦ
1033 2999 1101 3029 libri
1124 2998 1206 3029 editi.

1266 3052 1361 3095 45*
