2034 3267
493 190 669 221 PANARH
695 190 777 221 Lm.
800 191 823 221 Ι.
849 191 953 222 ΤΟΜ.
975 191 1016 221 11.
1042 191 1168 222 HAua.
1193 191 1311 222 XXX.
1582 184 1662 223 289

135 283 207 322 quo
241 267 544 309 circumcisionis
583 283 698 309 cruor
730 269 956 310 inhibendus
992 277 1075 310 erat
1108 270 1146 310 in
1183 269 1405 310 memoriam
1438 278 1656 311 revocaret.

134 335 264 389 Quare
292 351 384 377 mox
420 343 461 377 ut
486 337 574 377 illud
598 337 742 377 audivit
768 352 812 378 ac
835 338 1045 392 praestitit,
1089 352 1110 377 e
1134 338 1257 378 medio
1284 352 1325 378 se
1347 337 1543 379 subduxit.
1604 339 1658 379 At

134 405 306 459 quisnam
337 404 400 445 ille
434 406 580 445 futurus
612 411 716 445 esset
740 404 867 445 infans
894 406 1038 460 accipe.
1103 405 1140 445 ls
1165 406 1264 446 enim
1294 413 1377 446 erat
1402 406 1447 446 de
1472 420 1545 460 quo
1570 421 1657 461 pro-

137 473 248 526 pheta
278 473 427 513 locutus
450 480 529 513 cst:
569 476 624 512 Ec
652 475 774 512 volent
803 488 880 511 esse
912 477 998 523 igne
1034 475 1231 512 combusti:
1275 478 1444 526 quomam
1470 477 1651 526 parvulas
1671 482 1740 510 Esai
1768 482 1794 516 9,
1812 483 1837 510 5.

132 549 241 580 natus
263 549 319 579 est
337 542 461 588 nohis,
505 549 541 580 ec
555 543 668 593 filias
688 543 796 579 datus
820 548 876 579 est
892 542 1009 579 nobis.
1074 540 1222 594 Quibus
1247 542 1377 581 verbis
1401 542 1561 596 primum
1586 557 1653 582 na-

134 616 209 648 tum
242 623 379 649 revera
405 609 604 663 parvulum
632 607 930 658 demonstravit,
973 615 1014 648 ut
1038 621 1129 648 vere
1157 616 1372 663 susceptam
1400 609 1445 649 ab
1470 623 1516 650 eo
1545 617 1653 650 natu-

133 691 213 717 ram
248 677 410 717 hominis
443 677 690 730 significaret.
753 673 902 715 Deinde
934 675 1120 726 subiecit,
1162 678 1282 715 Filius
1310 680 1418 715 dolas
1448 685 1503 716 est
1531 679 1648 725 nobis,

135 752 176 785 ut
199 746 359 785 eundem
382 744 440 785 dei
464 758 550 784 esse
576 743 732 783 verbum
756 756 776 782 e
800 743 908 783 coelo
931 743 1149 798 delapsum,
1184 744 1319 798 deique
1343 745 1457 784 filium
1481 746 1652 785 declara-

134 821 209 853 tum
244 813 486 863 ostenderet,
530 818 568 851 et
597 811 634 850 iu
659 817 770 850 utero
796 811 989 864 genitum,
1035 811 1301 865 hominemque
1328 813 1489 863 factum,
1533 813 1583 852 ita
1612 821 1652 854 ut

134 881 320 936 duplicem
351 881 388 920 in
422 893 463 919 se
490 885 686 929 naturam,
730 877 791 918 dei
815 878 994 918 videlicet
1017 879 1256 933 hominisque
1282 880 1520 930 contineret,
1564 895 1651 934 pro-

133 949 296 1003 indeque
319 949 429 988 deum
459 946 600 1000 pariter
624 952 736 999 atque
766 945 979 998 hominem,
1023 955 1061 987 et
1088 947 1248 987 eundem
1280 947 1461 988 divinitus
1487 948 1650 988 oblatum

135 1017 250 1057 filium
272 1031 315 1056 ac
337 1014 533 1070 puerulum
555 1020 699 1053 natum.
745 1011 789 1053 In
813 1028 886 1068 quo
907 1015 1211 1055 circumcisionis
1235 1015 1414 1070 deinceps
1438 1029 1552 1055 cruor
1574 1023 1651 1056 ste-

134 1085 199 1136 tit,
244 1091 282 1125 ut
310 1084 347 1123 in
374 1081 574 1135 evangelio
602 1081 684 1136 ipse
712 1087 888 1122 testatur.
953 1080 1049 1123 Cum
1075 1083 1174 1123 enim
1202 1083 1365 1137 gentiles
1388 1082 1540 1123 videndi
1568 1084 1650 1124 eius

134 1151 322 1193 desiderio
349 1149 629 1199 accessissent,
663 1156 701 1189 et
726 1150 771 1189 ad
794 1148 1008 1205 Philippum
1034 1151 1219 1191 adeuntes
1251 1150 1462 1202 dixissent,
1497 1154 1652 1191 Ostende

133 1222 235 1260 nobis
258 1222 396 1266 Iesum,
443 1232 487 1258 ac
513 1216 708 1272 Philippus
739 1218 774 1257 id
806 1218 1012 1269 Andreae,
1055 1218 1235 1260 Andreas
1266 1217 1422 1260 Christo
1455 1219 1652 1260 retulisset

133 1289 189 1328 his
212 1286 362 1327 verbis:
407 1288 567 1325 Gentiles
589 1289 734 1338 quidam
757 1289 879 1325 videre
905 1295 938 1326 te
963 1291 1134 1339 cupiunt,
1169 1287 1344 1328 dominus
1363 1287 1464 1327 illico
1488 1302 1649 1342 respon-
1662 1294 1852 1334 10a11n.12‚21.

133 1356 205 1406 dit,
235 1357 345 1394 Nunc
367 1357 536 1406 pervenit
558 1356 683 1405 gloria
710 1356 789 1402 de2'‚·
823 1361 863 1394 ut
890 1355 1220 1395 circumcisionem
1249 1355 1376 1395 carnis
1403 1357 1651 1409 praeteriisse

129 1424 202 1463 iam
239 1422 417 1473 doceret,
460 1429 497 1462 et
534 1422 581 1461 ad
612 1428 756 1462 certum
790 1429 937 1477 tempus
969 1423 1115 1476 figurae
1146 1423 1353 1475 serviisse,
1396 1424 1522 1464 carnis
1553 1438 1649 1465 vero

128 1490 364 1546 praeputium
394 1488 583 1545 spirituali
613 1503 657 1529 ac
690 1491 959 1544 praestantiori
995 1491 1287 1532 circumcisione
1317 1491 1527 1546 praeditum
1558 1506 1649 1533 con-

129 1558 304 1614 templari
334 1555 532 1599 Christum
564 1557 722 1611 eiusque
755 1558 880 1612 reipsa
911 1566 1125 1613 compotem
1157 1559 1254 1599 fieri.

241 1626 353 1681 Quod
376 1626 409 1666 si
435 1625 533 1666 istud
555 1625 665 1666 nobis
692 1625 894 1666 obiiciant:
939 1624 1020 1667 Cur
1039 1626 1156 1680 igitur
1178 1626 1426 1669 circumcisus
1451 1634 1510 1667 est
1534 1625 1647 1669 Chri-
1715 1638 1790 1682 Cap.

128 1696 236 1737 stus?
272 1694 326 1735 ita
349 1709 371 1735 a
397 1693 507 1734 nobis
533 1693 710 1734 audient:
752 1692 974 1735 Iamdudum
998 1695 1171 1748 quidem,
1215 1709 1236 1735 o
1265 1695 1438 1736 homines
1464 1696 1644 1751 opinione
1669 1683 1824 1719 XXVIII.

128 1764 224 1804 falsa
247 1763 369 1813 ducti,
403 1776 579 1803 caussam
604 1762 712 1803 vobis
739 1776 807 1802 cur
830 1770 934 1803 esset
958 1763 1207 1804 circumcisus
1231 1764 1482 1804 ostendimus.
1542 1762 1646 1805 Mul-

129 1832 177 1872 tis
203 1832 300 1872 enim
323 1831 361 1871 id
384 1830 430 1871 de
455 1830 602 1871 caussis
622 1829 818 1870 sustinuit.
878 1829 1072 1881 Primum,
1106 1838 1146 1871 ut
1166 1845 1208 1871 se
1229 1845 1384 1871 carnem
1407 1846 1450 1872 re
1473 1846 1568 1873 vera
1588 1833 1646 1873 in-

129 1900 256 1940 duisse
280 1905 536 1949 monstraret,
580 1905 735 1953 propter
757 1897 1026 1939 Manichaeum
1054 1905 1281 1954 ceterosque
1314 1899 1377 1953 qui
1400 1900 1645 1942 similitudine

128 1968 286 2022 quadam
315 1981 359 2007 ac
382 1966 510 2021 specie
537 1967 722 2006 duntaxat
740 1967 963 2021 apparuisse
981 1967 1208 2008 docuerunt.
1269 1966 1419 2008 Deinde
1444 1975 1484 2008 ut
1507 1983 1645 2024 corpus

129 2034 317 2076 divinitati
339 2034 664 2075 consubstantiale
687 2048 762 2074 uon
788 2048 874 2075 esse
901 2035 1204 2086 demonstraret,
1238 2042 1279 2075 ut
1302 2035 1537 2090 Apollinaris
1562 2037 1645 2077 exi-

128 2103 271 2154 stimat,
303 2117 374 2143 nec
396 2116 416 2143 e
437 2102 544 2143 coelo
567 2102 728 2142 delatum
749 2102 785 2142 in
809 2110 946 2153 terras,
981 2103 1041 2157 qui
1060 2102 1257 2143 Valentini
1277 2117 1387 2143 error
1409 2103 1492 2144 fuit.
1543 2104 1643 2144 Tum

127 2178 168 2212 ut
193 2171 299 2212 cuius
326 2169 413 2211 olim
440 2169 742 2211 circumcisionis
769 2177 902 2211 auctor
928 2172 1074 2222 suerat,
1121 2185 1204 2212 eam
1228 2172 1272 2211 ad
1298 2172 1503 2211 adventum
1524 2186 1644 2225 usque

127 2253 235 2279 suum
267 2238 511 2279 observatam
542 2238 660 2278 fuisse
690 2238 826 2279 merito
857 2239 1146 2294 comprobaret,
1190 2246 1302 2293 atque
1334 2247 1375 2280 ut
1405 2253 1554 2279 omnem
1581 2239 1645 2280 lu-

127 2307 232 2347 daeis
259 2306 549 2347 excusationem
576 2305 758 2361 eriperet.
819 2305 907 2348 Nisi
933 2307 1032 2348 enim
1059 2306 1309 2347 circumcisus
1335 2309 1455 2357 foret,
1502 2307 1572 2348 hoc
1598 2308 1641 2348 ad

128 2375 185 2415 sui
209 2375 472 2430 purgationem
494 2374 633 2414 afferre
654 2373 883 2428 potuissent.
942 2374 1029 2416 Nos
1054 2372 1251 2416 Christum
1277 2375 1476 2430 praeputio
1496 2376 1645 2429 praedi-

127 2450 204 2483 tum
226 2443 389 2498 probare
412 2441 668 2496 nequivimus.
728 2440 937 2484 Praeterea
961 2457 1056 2484 vero
1081 2457 1165 2484 eum
1191 2443 1405 2498 oportebat,
1435 2443 1496 2497 qui
1517 2443 1644 2483 Abra—

128 2510 237 2551 hamo
263 2509 555 2551 circumcidendi
584 2510 642 2550 sui
668 2510 883 2551 mandatum
910 2511 1101 2562 ediderat,
1143 2518 1184 2551 ut
1209 2512 1254 2551 ad
1278 2511 1361 2552 veri
1386 2517 1425 2550 et
1448 2518 1644 2566 aspectum

128 2578 309 2632 fugientis
333 2578 630 2618 adumbrandam
659 2577 863 2631 imaginem
894 2593 1081 2634 apparens
1112 2579 1202 2619 illud
1227 2578 1376 2632 signum
1410 2585 1446 2618 et
1471 2585 1644 2634 aspecta-

127 2645 200 2686 bile
222 2660 314 2701 prae
338 2660 380 2687 se
404 2647 537 2696 ferret,
570 2652 694 2686 ratum
722 2644 810 2686 illud
834 2661 903 2687 sua
925 2647 1216 2687 circumcisione
1239 2647 1383 2686 facere.
1443 2645 1546 2687 Nam
1573 2661 1643 2687 ex—

129 2720 237 2754 terna
263 2714 328 2754 illa
353 2713 592 2754 circumcisio
616 2712 812 2754 Abraamo
844 2714 890 2755 ob
922 2714 1003 2755 cius
1029 2715 1318 2756 haesitationem
1346 2714 1524 2769 imposita
1554 2715 1639 2766 fuit,

129 2794 210 2821 cum
240 2781 300 2822 vir
330 2789 486 2822 sanctus
518 2795 562 2822 ac
591 2781 715 2821 iustus
745 2781 850 2822 velut
879 2782 1085 2824 dubitando
1117 2782 1300 2832 dixisset,
1342 2785 1406 2821 An
1433 2786 1642 2822 centenario
1662 2790 1841 2827 Gen.1·1‚17.

129 2857 298 2889 nascetur
309 2851 450 2902 filius?
479 2857 517 2888 et
537 2851 657 2888 Sarra
677 2851 747 2887 iam
769 2864 861 2889 anus
872 2852 1001 2901 filium
1020 2854 1173 2903 pariet?
1209 2848 1424 2904 Statimque
1447 2850 1637 2901 dominus,

129 2917 251 2965 Sume,
280 2916 417 2971 iuquit,
441 2919 533 2956 mz‘lzz'
553 2920 702 2956 arietem
722 2931 900 2957 annorum
925 2922 1048 2966 trium,
1079 2926 1116 2958 et
1135 2933 1296 2970 capram,
1325 2926 1364 2957 et
1379 2933 1539 2966 vaccam,
1567 2927 1636 2958 etc.

130 2985 286 3035 Cumque
311 2987 371 3024 sol
393 2985 633 3033 occumberet,
667 2999 747 3024 cum
774 2986 957 3038 lampades
981 2990 1080 3038 ignis
1105 2994 1145 3025 et
1165 2987 1348 3025 clibanum
1374 2989 1526 3026 videsset
1548 2994 1636 3034 etc„

196 3046 308 3085 corpus
327 3048 502 3079 Haereseol.
520 3048 557 3078 11.
1322 3055 1373 3096 19
