2034 3267
500 201 677 233 PANARH
701 202 782 235 Lm.
802 204 823 234 ι.
852 203 1017 236 ToM.11.
1041 204 1169 236 HAER.
1190 206 1308 237 xxx.
1579 201 1656 239 275

143 280 177 319 is
201 279 262 333 qui
287 278 386 319 illius
409 285 468 319 est
489 293 624 320 caussa
649 281 855 334 productus
882 280 1048 322 Ioannes
1072 296 1123 323 ex
1146 283 1272 324 divina
1295 284 1550 339 promissione
1574 285 1658 326 Eli-

143 346 306 386 zahetha
331 353 539 400 prognatus
563 348 634 397 sit,
667 348 757 387 licet
778 348 883 388 illum
914 356 1116 403 antequam
1146 359 1300 404 pareret
1324 359 1446 393 mater
1467 354 1655 407 parturie-

142 412 218 452 rit?
267 411 444 465 Quanam
468 428 560 468 ergo
587 416 710 454 fronte
738 416 875 454 nudum
902 415 1092 456 hominem
1121 417 1238 457 fuisse
1262 419 1493 460 salvatorem
1516 421 1657 461 audent

140 482 346 520 asserere?
378 480 488 534 Quod
512 482 543 521 si
566 495 700 522 verum
725 488 843 531 esset,
879 496 1005 522 nonne
1030 484 1247 536 cognitione
1277 487 1547 538 comprehendi
1568 504 1657 544 pos—

141 554 223 596 set,
256 555 390 588 contra
412 562 522 601 quam
551 548 596 588 de
621 562 666 588 eo
690 547 907 587 Hieremias
932 551 1119 589 testetur?
1157 554 1294 598 Homo,
1328 553 1474 607 inquit,
1506 564 1583 603 est,
1616 565 1653 595 et
1669 574 1750 603 mer,
1769 575 1810 611 17,
1827 576 1851 602 9,

141 619 224 666 quis
245 623 442 665 cog-noscet
462 619 608 667 ipsum?
647 613 800 653 Etenim
826 615 872 654 de
895 629 942 654 eo
964 616 1124 669 loquens
1145 619 1328 672 propheta
1353 621 1450 661 istud
1472 631 1650 678 usurpat:

143 686 233 733 Quis
252 690 451 733 cognoscet
467 686 582 734 ipsum
597 686 615 720 ?
643 680 761 734 Atqui
784 680 993 735 simplicem
1013 683 1044 722 si
1065 683 1257 724 hominem
1277 686 1480 741 intelligat,
1501 691 1655 732 omnino

140 751 202 790 vel
239 764 323 789 eum
355 756 464 803 pater
485 749 588 803 ipse,
629 747 691 787 vel
722 754 846 787 mater
876 749 1104 803 cognatique
1133 765 1290 802 omnes,
1333 767 1378 793 ac
1405 755 1543 802 vieini,
1577 765 1654 798 tum

140 817 437 857 contubernales
459 830 503 855 ac
530 816 635 854 cives
661 823 957 867 cognoscerent.
1005 814 1086 856 Iam
1109 831 1203 858 vero
1227 821 1405 872 qnoniam
1427 822 1480 862 ita
1502 821 1654 865 Mariae

143 885 203 924 ille
229 886 326 924 fetus
348 883 498 932 extitit,
529 881 628 921 idem
649 888 690 921 ut
711 882 770 921 dei
794 881 953 921 verbum
977 896 997 923 e
1024 884 1133 924 eoelo
1158 886 1366 938 prodierit,
1399 902 1523 942 neque
1555 892 1655 931 virili

140 952 185 991 de
209 952 377 1000 semine,
409 950 476 989 sed
499 948 655 988 coelesti
681 956 789 1002 patre
816 948 992 1002 genitus,
1026 950 1110 991 sine
1140 959 1311 1006 tempore
1344 955 1528 1010 initioque
1559 959 1651 1007 ullo,

140 1019 344 1073 postremis
365 1015 596 1070 temporibus
627 1015 663 1054 in
699 1025 848 1055 uterum
870 1016 1067 1058 insinuare
1091 1032 1134 1058 se
1159 1019 1344 1073 virginis,
1379 1024 1655 1078 l'ormatamque

140 1101 190 1126 ex
213 1100 256 1125 ea
276 1097 426 1125 carnem
452 1083 611 1122 induere
631 1083 773 1131 voluit,
807 1092 1032 1138 propterea,
1065 1089 1181 1125 Homo
1205 1091 1348 1139 quidem
1370 1098 1446 1137 est,
1481 1092 1558 1141 ait,
1591 1097 1656 1132 sed

137 1157 219 1206 quis
242 1157 438 1203 cognoscet
452 1153 591 1201 z2nsum3
625 1151 929 1204 quandoquidem
952 1153 1046 1193 deus
1067 1167 1088 1193 e
1110 1155 1220 1193 coelo
1246 1156 1458 1207 descendit,
1486 1159 1653 1212 unigena

138 1220 258 1267 filius,
299 1231 343 1257 ac
375 1217 468 1256 deus
500 1217 675 1257 verbum.
739 1216 816 1259 Sed
841 1220 1076 1260 incredibilis
1100 1222 1281 1275 quaedam
1313 1231 1372 1263 est
1394 1225 1651 1267 aberrantium

135 1302 158 1328 a
183 1286 342 1326 veritate
371 1285 530 1324 istorum
555 1284 762 1325 infelicitas
788 1286 851 1339 qui
875 1287 1168 1340 prophetarum,
1213 1290 1514 1346 angelorumque
1545 1294 1653 1334 testi-

135 1353 272 1394 moniis
303 1351 447 1391 relictis
474 1352 518 1392 ad
546 1352 780 1393 haereticum
803 1351 994 1394 Ebionem
1014 1355 1295 1397 adhaerescere
1316 1359 1555 1410 maluerunt,
1589 1363 1651 1415 qui

133 1434 185 1469 ex
211 1418 327 1460 animi
351 1419 410 1458 sui
441 1419 595 1459 libidine
624 1418 778 1460 Iudaica
803 1421 975 1461 instituta
1009 1423 1233 1476 complexus
1258 1438 1346 1465 sese
1382 1432 1511 1467 tamen
1542 1443 1563 1468 a
1588 1427 1651 1469 lu-

131 1486 238 1527 daeis
264 1486 512 1527 abalienavit.
574 1485 723 1541 Quippe
749 1486 910 1528 Gabriel
943 1503 1026 1529 eum
1056 1490 1229 1530 nuntium
1261 1506 1372 1532 suum
1397 1494 1441 1533 ad
1462 1495 1648 1548 virginem

132 1556 344 1611 perferret,
378 1561 608 1594 occurrente
638 1554 722 1605 illa,
766 1558 949 1604 Quomodo
973 1558 1049 1607 fiet
1073 1560 1193 1605 istud,
1237 1563 1407 1610 quoniam
1432 1566 1549 1601 virum
1577 1579 1648 1603 non

130 1637 335 1674 cognosco,
369 1636 443 1676 quo
467 1620 666 1662 securitati
690 1623 911 1663 consuleret
934 1624 1094 1673 adiecit,
1127 1627 1292 1676 Spiritus
1318 1630 1458 1668 domiui
1475 1644 1646 1681 superne·
1665 1639 1735 1668 Luc.
1756 1641 1832 1673 ms.

130 1694 210 1729 niet
230 1694 267 1729 in
291 1698 346 1737 te,
390 1698 426 1728 et
447 1692 566 1728 virtus
591 1692 766 1728 altissimi
783 1691 1015 1729 obumbrabit
1032 1699 1088 1738 te,
1122 1695 1273 1745 ideoque
1297 1703 1336 1733 et·
1355 1700 1454 1747 quod
1476 1707 1650 1737 nascetur

130 1773 179 1797 ez·
202 1766 236 1796 te
256 1764 444 1804 sunctum,
481 1758 670 1796 vocabitur
679 1759 794 1808 filius
818 1760 888 1796 dei.
952 1756 1028 1798 Ubi
1051 1772 1121 1813 per
1144 1759 1238 1800 haec
1262 1762 1402 1812 verba,
1449 1766 1554 1814 Quod
1581 1781 1649 1804 na·

130 1833 277 1871 scetur,
312 1824 358 1864 ab
382 1825 464 1878 ipsa
497 1838 674 1873 carnem,
715 1831 754 1864 et
779 1825 954 1879 quicquid
987 1826 1032 1865 ad
1069 1827 1272 1868 humanam
1302 1837 1477 1871 naturam
1509 1831 1646 1872 attinet

132 1892 290 1932 duxisse
320 1891 535 1945 significat,
580 1897 658 1931 tum
683 1891 862 1931 virtutem
897 1892 1098 1945 altissimi,
1141 1909 1185 1934 ac
1215 1896 1387 1950 spiritum
1419 1907 1591 1940 sanctum
1625 1915 1645 1940 e

130 1960 239 1999 coelo
281 1966 453 1999 sanctam
486 1959 675 2013 virginem
713 1959 986 2010 obumbrasse,
1030 1961 1312 2017 unigenamque
1347 1965 1407 2005 dei
1446 1966 1560 2006 filium
1602 1982 1646 2007 ac

129 2027 239 2066 deum
261 2026 421 2066 verbum
445 2025 484 2066 in
509 2033 634 2066 terras
659 2026 853 2080 delapsum
880 2026 1070 2068 hominem
1095 2043 1181 2070 esse
1208 2031 1364 2081 sactum,
1398 2047 1442 2073 ac
1466 2035 1511 2074 de
1535 2034 1646 2075 beata

127 2094 278 2147 virgine
301 2107 440 2134 revera
461 2100 718 2148 procreatum.
762 2092 887 2147 Quam
911 2095 1028 2136 multa
1051 2104 1141 2137 snnt
1163 2097 1379 2139 istiusmodi
1402 2102 1640 2142 testimonia!

127 2159 214 2214 Ego
239 2175 334 2201 vero
365 2162 679 2215 quemadmodum
713 2161 901 2215 pollicitus
936 2176 1043 2214 sum,
1087 2178 1134 2204 ne
1168 2165 1321 2219 longior
1354 2168 1426 2208 hoc
1455 2169 1493 2208 in
1528 2184 1644 2224 opere

126 2241 214 2267 esse
246 2242 384 2281 cogar,
417 2229 531 2269 latius
561 2229 717 2282 evagari
750 2243 824 2268 non
855 2229 976 2270 soleo.

237 2294 366 2336 Venio
399 2310 500 2336 nunc
538 2296 583 2336 ad
616 2309 662 2335 ea
702 2309 799 2349 quae
829 2297 875 2336 de
905 2295 1024 2338 Petro
1059 2313 1103 2339 ac
1138 2300 1279 2340 ceteris
1314 2303 1497 2355 apostolis
1532 2319 1639 2345 men·
1654 2315 1842 2359 Cap.XXr.

126 2362 286 2403 tiuntur.
345 2366 499 2411 Petrus,
532 2363 727 2416 inquiunt,
761 2365 910 2403 lavabat
925 2369 1107 2417 quotidie,
1135 2371 1354 2420 priusquam
1377 2372 1495 2410 cibum
1522 2387 1641 2412 sume-

123 2438 194 2468 ret.
256 2428 299 2470 ln
327 2446 401 2485 quo
429 2431 698 2471 circulatorum
728 2431 913 2472 eiusmodi
934 2433 1195 2474 incredibilem
1222 2436 1473 2488 calumniam,
1506 2453 1551 2479 ac
1574 2456 1640 2480 va-

123 2496 320 2537 ferrimum
341 2499 380 2538 in
405 2512 450 2538 ea
476 2498 662 2538 tradenda
688 2498 885 2553 disciplina
905 2501 1105 2542 consilium
1127 2502 1293 2543 intuere.
1354 2503 1509 2545 Etenim
1540 2509 1637 2560 quod

122 2562 372 2618 inquinantur
403 2565 555 2620 saepius
587 2579 631 2605 ac
665 2579 733 2619 per
754 2566 946 2607 lasciviam
978 2570 1159 2622 pleraque
1182 2570 1220 2610 in
1244 2571 1321 2611 vita
1346 2582 1529 2626 peccant,
1563 2590 1637 2628 qno

122 2630 195 2670 sibi
223 2639 367 2672 certam
397 2646 502 2687 spem
524 2647 568 2672 ac
599 2633 771 2673 fiduciam
803 2635 1031 2686 concilient,
1073 2651 1166 2691 aqua
1201 2638 1343 2691 largius
1376 2647 1555 2691 utuntur,
1598 2652 1638 2683 ut

123 2698 272 2752 seipsos
302 2699 517 2754 decipiant,
563 2701 648 2740 dum
682 2701 855 2755 repetitis
897 2702 1000 2743 hisce
1035 2704 1290 2745 lavationibus
1325 2721 1441 2760 puros
1472 2722 1514 2749 se
1549 2724 1634 2750 esse

123 2778 234 2817 posse
260 2767 468 2807 confidunt.
515 2768 644 2822 Atque
668 2767 761 2808 haec
786 2782 853 2822 per
877 2784 1060 2811 summam
1087 2773 1354 2813 contumeliam
1380 2775 1417 2814 in
1439 2779 1637 2831 apostolos

166 2930 197 2962 4.
225 2935 330 2967 Vocem
355 2936 433 2970 2205
457 2948 518 2969 non
541 2939 628 2968 habet
651 2939 717 2968 cod.
737 2940 829 2969 Vatic.
899 2943 926 2970 et
945 2942 991 2972 ed.
1014 2943 1119 2972 Petav.
1157 2939 1293 2976 ’ὁτι-οὖλον
1314 2945 1519 2986 οοάλίὴεαὶς.
1543 2951 1568 2978 et
1589 2949 1634 2978 ed.

170 2976 246 3009 Cn.
268 2980 366 3012 XXI.
387 3000 431 3005 —
468 2984 496 3014 1.
521 2978 656 3015 ὕπουλον
676 2984 742 3014 eod.
760 2984 852 3015 Vatic.
896 2988 995 3024 princ.

1263 3037 1310 3075 18
1334 3035 1351 3050 *
