2034 3267
462 155 639 187 PANAun
664 156 744 188 Lm.
763 156 784 187 1.
811 157 915 189 ToM.
936 159 989 189 m.
1017 158 1266 191 HAER.XL11.
1547 154 1626 195 563

107 233 301 286 magisque
327 233 570 285 refellamus,
604 235 677 274 alia
699 235 798 275 istud
823 237 971 277 ratione
994 238 1311 280 considerandum
1337 247 1410 280 est.
1473 239 1626 282 Etenim

106 301 137 341 si
157 299 286 340 Malus
309 300 370 340 ille
395 302 545 355 penitus
567 302 689 343 malus
710 311 783 352 est,
819 312 856 343 et
880 318 901 344 a
922 303 1031 344 Bono
1053 306 1296 348 nibilominus
1319 303 1442 349 bonos
1460 310 1626 362 auferat,

105 369 226 409 iustos
250 383 270 408 a
294 367 414 419 lusto,
447 370 551 410 solos
573 370 629 410 sui
653 371 797 411 similes
816 371 1020 425 relinquat,
1056 374 1184 427 utique
1206 373 1335 416 Malus
1355 390 1441 417 esse
1462 377 1626 430 desinet,

105 437 166 491 qui
191 437 312 477 malus
338 437 498 487 dicitur,
533 452 616 477 cum
639 438 824 478 bonorum
850 439 1041 479 desiderio
1067 447 1266 493 teneatur,
1301 445 1532 499 eosdemque
1555 445 1629 486 sibi

105 504 212 558 quasi
236 504 416 545 meliores
442 519 619 546 asserere
646 506 809 546 studeat.
873 504 941 546 Sin
969 507 1013 546 de
1039 509 1118 547 suis
1141 523 1290 563 quoque
1315 511 1492 552 iudicium
1520 513 1628 553 insti-

106 580 209 623 tuat,
253 572 298 612 ab
323 573 446 626 iisque
473 573 533 627 qui
557 573 733 613 iniuriam
760 573 922 613 fecerint
946 588 1089 628 poenas
1114 577 1269 630 exigat,
1312 593 1387 619 non
1411 581 1483 620 iam
1509 581 1629 621 malus

105 640 178 680 erit
206 647 335 694 utpote
362 640 544 680 malorum
572 640 712 690 index,
759 647 871 694 atque
900 641 969 681 hoc
999 644 1111 683 modo
1136 651 1214 684 tota
1237 645 1337 686 illius
1364 648 1537 688 doctrina
1561 662 1630 703 per

104 722 191 748 sese
223 709 373 762 penitus
399 708 584 748 labefacta
611 708 802 747 concidet.
861 707 979 748 Nunc
1004 710 1094 750 illud
1120 712 1232 751 velim
1260 713 1347 753 mihi
1374 716 1625 769 respondeas,

106 776 203 816 unde
231 778 301 816 tria
325 776 386 815 illa
411 774 601 830 Principia
627 776 786 829 idipsum
815 777 912 829 quod
939 785 1027 817 sunt
1051 778 1308 830 obtinuerint,
1354 789 1418 822 aut
1442 783 1526 836 quis
1550 784 1628 823 sin-

104 844 192 897 gula
216 844 296 884 suis
318 843 454 884 finibus
479 858 521 882 ac
543 842 765 895 regionibus
785 844 1048 899 descripserit.
1109 845 1211 886 Nam
1236 847 1266 888 si
1293 849 1448 890 deorum
1471 851 1629 904 quilibet

104 926 175 952 suo
206 912 289 952 loco
320 911 518 961 delinitur,
562 925 635 950 non
668 911 829 965 amplius
862 913 1030 966 perfecta
1062 914 1126 954 illa
1158 915 1229 955 tria
1260 924 1489 969 censentur,
1533 933 1628 972 quae

104 980 219 1020 certis
240 979 515 1034 comprehensa
535 985 620 1018 sunt
644 993 689 1018 ac
707 979 996 1034 circumscripta
1017 983 1166 1036 spatiis,
1194 991 1328 1038 estque
1347 985 1508 1040 idipsum
1531 987 1630 1041 quod

105 1047 276 1087 continet
298 1061 343 1087 eo
368 1046 464 1100 quod
490 1046 709 1086 continetur
730 1046 873 1099 maius,
908 1062 1031 1102 neque
1054 1051 1152 1103 quod
1177 1051 1363 1092 eiusmodi
1384 1054 1528 1094 ambitu
1549 1055 1628 1094 cin-

103 1116 227 1169 gitur,
272 1115 330 1155 dei
357 1114 649 1169 appellationem
678 1122 868 1165 meretur,
911 1117 977 1156 sed
998 1118 1161 1171 spatium
1186 1119 1276 1159 illud
1299 1120 1428 1174 utique
1452 1137 1526 1176 quo
1549 1122 1629 1163 suis

104 1185 224 1237 ipsum
248 1182 430 1223 limitibus
453 1181 730 1236 complectitur.
793 1183 948 1224 Atenim
974 1199 1057 1225 cum
1081 1186 1118 1226 in
1139 1201 1252 1227 unum
1277 1188 1484 1240 coiissent,
1518 1204 1629 1245 sepa-

104 1251 174 1291 rati
198 1257 328 1305 postea
352 1250 464 1290 sedes
489 1264 578 1290 suas
603 1258 860 1304 occuparunt,
905 1266 948 1291 ac
973 1253 1124 1308 propria
1148 1255 1307 1310 quisque
1333 1265 1538 1299 contentus
1561 1272 1629 1300 ne-

103 1333 288 1373 quaquam
326 1318 471 1358 invadit
501 1318 538 1357 in
572 1318 757 1369 alterum,
805 1326 870 1360 aut
898 1320 1188 1375 impressionem
1226 1324 1329 1364 facit.
1394 1323 1515 1380 Igitur
1551 1341 1629 1367 non

103 1387 262 1441 amplius
289 1385 481 1426 contraria
508 1385 672 1426 invicem
700 1394 812 1427 erunt
832 1387 894 1427 illa
921 1387 1137 1444 Principia,
1184 1405 1253 1431 nec
1281 1392 1396 1432 ullum
1429 1407 1517 1435 esse
1549 1409 1628 1435 ma—

103 1455 180 1495 lum
204 1454 364 1509 poterit,
400 1468 482 1493 eum
504 1467 594 1494 suas
618 1468 681 1494 res
704 1455 866 1495 comiter
886 1470 936 1496 ex
958 1471 1081 1511 aequo
1103 1458 1278 1512 bonoque
1303 1474 1345 1500 ac
1367 1475 1513 1502 summa
1537 1477 1628 1502 eon-

103 1523 244 1562 stantia
267 1522 508 1571 moderetur,
554 1536 624 1561 nec
647 1522 744 1562 ultra
771 1524 948 1577 progredi
975 1539 1086 1579 quam
1111 1527 1167 1566 sas
1190 1526 1239 1566 sit
1265 1535 1433 1582 appetat.
1497 1527 1574 1570 Sed
1596 1530 1629 1570 si

103 1589 232 1631 Malus
257 1604 277 1629 a
300 1603 480 1644 supremo
505 1589 670 1629 vincitur
694 1604 738 1630 ac
765 1591 955 1632 violenter
977 1592 1224 1647 opprimitur,
1259 1610 1342 1635 cum
1367 1603 1404 1636 et
1425 1596 1471 1637 ab
1496 1611 1542 1638 eo
1567 1611 1629 1638 se-

104 1659 254 1699 iunctus
281 1658 328 1698 sit
355 1665 392 1698 et
415 1658 604 1712 propriam
630 1658 760 1697 sedem
785 1658 978 1711 obtineat,
1022 1675 1118 1714 quae
1145 1660 1245 1701 Boni
1268 1663 1368 1703 illius
1391 1678 1436 1704 ac
1458 1665 1628 1720 supremi

104 1726 195 1766 nibil
215 1726 383 1775 intersit,
416 1739 538 1778 neque
562 1725 762 1779 quicquam
786 1726 823 1766 in
847 1741 891 1767 ea
915 1742 1012 1781 quae
1036 1730 1072 1768 in
1096 1729 1183 1770 mali
1209 1731 1399 1772 domicilio
1422 1740 1512 1773 sunt
1532 1734 1628 1774 iuris

105 1794 262 1845 babeat,
306 1792 518 1848 tyrannicis
544 1794 664 1846 magis
693 1795 765 1833 erit
791 1796 961 1837 moribus
989 1811 1191 1851 supremus
1217 1798 1280 1839 ille
1305 1799 1537 1855 minimeque
1560 1801 1628 1841 bo-

104 1877 190 1912 nus,
226 1862 286 1916 qui
311 1862 425 1901 filium
451 1875 576 1911 suum,
611 1875 745 1916 nempe
768 1860 980 1915 Christum,
1014 1865 1177 1916 miserit,
1204 1873 1244 1906 ut
1262 1875 1467 1922 usurparet
1486 1868 1626 1910 aliena.

104 1929 193 1983 Quo
217 1930 367 1984 quidem
391 1929 616 1979 constitute,
646 1929 706 1969 ubi
732 1930 794 1970 ille
819 1931 1003 1972 terminus
1028 1933 1101 1973 erit
1124 1948 1144 1974 a
1170 1949 1243 1988 quo
1267 1949 1318 1975 ex
1341 1935 1562 1990 impostoris
1584 1936 1630 1977 il-

102 1999 176 2039 lius
200 1998 379 2052 opinione
403 1997 475 2037 tria
500 2004 588 2036 sunt
611 1997 673 2038 illa
695 1996 888 2053 Principia
910 2003 1113 2055 separata?
1173 2000 1427 2054 Quaerendus
1450 2003 1628 2044 nimirum

103 2066 178 2107 erit
199 2073 355 2120 quartus
381 2064 516 2118 aliquis
540 2065 820 2119 aequissimus,
854 2081 898 2107 ac
924 2068 1043 2108 tribus
1068 2069 1302 2123 sapientior,
1336 2071 1442 2111 velut
1466 2072 1626 2112 limitum

104 2134 309 2188 finiumque
331 2134 587 2187 regundorum
614 2133 778 2186 peritus,
813 2135 873 2188 qui
897 2150 1004 2176 suum
1027 2137 1163 2191 cuique
1188 2139 1338 2178 modum
1362 2139 1548 2190 attribuit,
1582 2154 1626 2180 ac

104 2216 236 2256 pacem
268 2201 368 2241 inter
398 2201 482 2240 illos
514 2200 717 2251 stabilivit,
763 2209 801 2242 ut
832 2217 878 2243 ne
908 2204 1068 2258 amplius
1100 2219 1120 2245 a
1150 2220 1192 2245 se
1219 2213 1349 2246 mutuo
1377 2207 1624 2258 dissiderent,

104 2278 167 2311 aut
190 2271 287 2310 alter
308 2269 493 2308 satellites
526 2282 615 2308 suos
641 2268 676 2308 in
700 2270 902 2311 stationem
926 2272 1084 2313 alterius
1110 2273 1346 2313 immitteret.
1409 2275 1538 2328 Atque
1562 2275 1626 2316 ille

105 2339 254 2393 quidem
279 2351 371 2391 pace
394 2338 495 2376 inter
519 2336 590 2375 tria
611 2334 804 2392 Principia
826 2340 1030 2380 constituta
1053 2348 1209 2394 quartus
1232 2341 1517 2393 numerabitur,
1563 2357 1624 2383 ce-

106 2407 198 2446 teris
227 2404 450 2460 prudentior
480 2418 523 2443 ac
552 2404 709 2455 iustior,
753 2413 791 2445 et
819 2406 916 2447 idem
949 2414 1075 2448 tamen
1103 2408 1183 2462 ipsc
1210 2409 1363 2464 proprio
1388 2423 1432 2450 ac
1455 2417 1562 2450 certo
1586 2411 1625 2451 in

104 2474 189 2514 loco
220 2473 462 2527 quaerendus
493 2479 574 2520 est,
616 2486 636 2511 a
668 2487 741 2526 quo
772 2474 882 2514 trium
910 2475 948 2515 in
977 2476 1139 2516 medium
1165 2491 1394 2531 progressus
1420 2478 1624 2532 unicuique

106 2548 249 2596 partem
274 2555 378 2582 suam
406 2540 501 2580 scite
523 2553 567 2579 ac
593 2540 712 2594 perite
738 2541 933 2594 tribuerit,
967 2558 1014 2583 ne
1041 2551 1168 2584 mutuo
1191 2544 1262 2584 sibi
1288 2545 1462 2584 iniuriam
1482 2545 1624 2600 impor-

106 2616 247 2649 tarent.
308 2607 386 2648 lam
409 2622 501 2647 vero
525 2607 555 2646 si
577 2608 613 2646 in
640 2609 765 2659 unius,
800 2617 885 2664 puta
910 2612 1111 2663 creatoris,
1146 2612 1392 2667 possessione
1416 2613 1489 2653 duo
1514 2611 1624 2654 Prin-

107 2676 201 2731 cipia
226 2683 453 2726 versentur,
487 2675 607 2715 malus
630 2674 822 2727 nimirum,
856 2678 918 2732 qui
938 2679 975 2719 in
1001 2680 1111 2720 buius
1132 2679 1352 2734 regionibus
1373 2680 1542 2734 locisque
1562 2695 1624 2722 re-

107 2744 241 2794 sideat,
276 2752 313 2784 et
334 2758 354 2784 a
376 2743 474 2784 bono
494 2742 634 2783 missus
655 2743 869 2799 ibidemque
889 2761 1128 2788 commorans
1153 2745 1347 2798 Christus,
1382 2762 1623 2803 consequens

108 2818 166 2851 est
188 2826 263 2852 non
285 2812 388 2852 illum
412 2811 522 2851 modo
544 2810 707 2851 iudicem
727 2825 771 2851 ac
793 2814 1050 2866 conditorem,
1093 2815 1159 2856 sed
1182 2821 1219 2855 et
1242 2815 1380 2856 bonum
1406 2830 1515 2868 esse,
1559 2817 1624 2872 qui

108 2878 291 2920 ambobus
321 2880 583 2933 quodcumque
610 2879 706 2933 apud
737 2893 779 2920 se
809 2890 991 2936 cuperent
1017 2897 1133 2937 agere
1158 2883 1398 2937 permiserit,
1440 2891 1506 2925 aut
1530 2899 1623 2926 sane

109 2960 288 3001 perquam
317 2947 390 2987 erit
412 2947 647 2997 imbecillus,
681 2947 743 3001 qui
768 2948 977 2991 alienorum
1000 2951 1212 3005 direptores
1235 2956 1417 2993 coercere
1442 2952 1623 3007 nequive-

1261 3019 1352 3062 36*
