2034 3267
510 251 687 283 PANARH
710 251 790 284 Lm.
810 254 834 284 1.
859 253 964 286 ToM.
983 254 1023 285 11.
1056 254 1184 287 HAER.
1207 255 1336 287 xxxi.
1593 247 1671 287 313

166 331 378 381 Senectus,
412 330 510 381 Ate,
541 329 799 382 Desiderium,
833 329 1003 382 Oblivio,
1038 331 1220 383 Somnus,
1253 332 1402 387 Pugna,
1435 332 1669 389 Lysimeles,

165 398 422 448 Contumelia,
457 397 716 452 Euphronios,
751 396 956 452 Splendor,
991 397 1180 440 Curarum
1204 401 1396 451 solatium,
1425 399 1566 451 Fraus,
1593 400 1672 440 He-

166 466 351 522 dymeles,
377 464 461 506 Lis.
523 466 583 506 Ac
608 466 831 520 quicumque
858 466 903 505 ad
928 466 1012 506 illas
1038 467 1181 507 fabulas
1208 469 1372 509 animum
1398 469 1594 519 adiecerit,
1628 483 1672 508 ac

164 547 400 588 cognoscere
427 534 525 574 istud
552 533 736 583 voluerit3
770 533 1083 586 quemadmodum
1111 535 1156 574 ab
1183 536 1330 576 exteris
1355 551 1398 576 ac
1421 535 1672 576 Graecanicis

165 601 412 651 commentis,
447 601 544 641 unde
571 601 624 641 illi
650 601 790 640 frustra
814 601 979 641 fanatico
1001 602 1106 641 velut
1138 603 1265 642 surore
1299 605 1343 643 ad
1371 604 1525 657 indigna
1558 617 1674 657 quae-

165 670 249 709 dam
270 668 415 709 incitati
438 676 549 718 sunt,
581 668 620 708 in
643 668 771 708 irritos
794 674 954 707 conatus
974 669 1296 723 vanissimamque
1320 672 1435 710 animi
1460 672 1674 710 contentio-

165 751 249 777 nem
281 736 505 786 inciderint,
538 736 651 789 longe
681 749 748 775 eos
772 733 934 775 Graecis
965 736 1056 789 ipsis
1089 736 1234 790 turpius
1262 738 1466 778 aberrasse
1488 738 1671 792 reperiet.

274 804 334 844 Ab
357 804 403 844 iis
430 803 643 858 primordiis
666 803 778 842 altius
803 803 1016 856 indagando
1038 803 1177 843 sublati
1211 805 1309 844 aliud
1335 806 1519 859 quoddam
1551 820 1672 859 genus

164 871 261 925 quod
283 871 536 926 Hysterema,
570 871 639 910 hoe
664 877 722 910 est
746 868 950 910 Defectum
974 870 1035 910 vel
1060 869 1288 923 Penuriam,
1321 880 1486 923 vocant,
1521 873 1673 913 furiosis

166 939 245 979 suis
271 938 435 993 ingeniis
459 938 655 978 invenisse
680 951 722 978 se
747 944 991 991 putaverunt.
1055 937 1166 979 Hunc
1193 938 1395 980 Defectum
1424 940 1516 980 alias
1541 938 1675 980 Omni-

165 1013 358 1060 potentem
378 1013 489 1059 atque
513 1003 697 1059 Opificem
721 1012 874 1055 vocant,
903 1012 1200 1060 naturarumque
1225 1005 1475 1048 Conditorem
1499 1021 1518 1047 a
1543 1022 1615 1061 quo
1639 1015 1677 1047 et

166 1073 418 1128 posteriorem
441 1070 661 1126 Ogdoadem
697 1079 780 1127 post
808 1080 988 1128 septenos
1025 1073 1137 1114 orbes
1164 1075 1259 1115 coeli
1290 1076 1334 1115 ad
1360 1075 1497 1129 prioris
1522 1072 1676 1129 Ogdoa-

167 1142 222 1182 dis
248 1141 444 1195 exemplar
467 1141 625 1180 effictam
648 1147 846 1192 asserunt,
890 1155 973 1181 cum
994 1141 1032 1181 in
1057 1139 1240 1195 Ogdoade
1269 1151 1473 1183 censeatur
1494 1142 1599 1197 ipse,
1633 1157 1677 1183 ac

166 1218 310 1264 septem
341 1215 426 1263 post
458 1222 500 1248 se
531 1208 626 1248 alios
653 1209 766 1249 orbes
796 1209 1035 1263 produxerit.
1095 1208 1230 1250 Eidem
1257 1210 1521 1266 Hysteremati
1551 1211 1676 1250 since-

165 1292 247 1318 rum
276 1277 406 1316 nescio
435 1290 546 1330 quem
571 1276 770 1327 Aeonem,
805 1291 848 1317 ac
871 1277 1074 1318 deterioris
1102 1291 1221 1318 sexus
1255 1286 1453 1332 expertem
1490 1285 1678 1318 conantur

166 1345 372 1398 adiungere
395 1344 456 1398 qui
479 1358 523 1384 eo
550 1344 593 1384 ad
625 1344 941 1399 complementum
968 1346 1142 1395 venerit,
1178 1353 1217 1385 ut
1237 1346 1416 1386 Animam
1442 1347 1673 1400 requireret,

166 1426 259 1467 quae
292 1426 312 1452 a
349 1410 529 1452 Materna
562 1409 760 1466 Sapientia
798 1426 850 1452 ex
882 1413 958 1452 alto
995 1414 1259 1454 descenderat.
1321 1412 1400 1454 Iam
1431 1428 1525 1454 vero
1563 1413 1677 1453 etiam

163 1480 378 1522 Achamoth
398 1480 485 1519 licto
512 1479 663 1519 nomine
690 1480 891 1520 commenti
911 1488 1013 1530 sunt,
1041 1494 1151 1534 quern
1173 1488 1209 1521 et
1232 1479 1491 1532 Salvatorem,
1517 1489 1552 1522 et
1576 1481 1678 1521 Ter-

163 1549 328 1598 minum,
362 1554 399 1587 et
426 1545 606 1597 Crucem,
640 1554 678 1586 ct
701 1545 930 1598 Finitorem,
965 1556 1002 1589 et
1021 1547 1364 1601 Transductorem,
1398 1557 1437 1590 et
1460 1548 1588 1590 lesum
1613 1564 1678 1604 ap-

166 1616 328 1671 pellant,
362 1616 422 1669 qui
446 1629 513 1670 per
536 1613 701 1655 Mariam
729 1616 833 1655 velut
861 1616 990 1656 tubum
1018 1617 1256 1671 fistulamque
1283 1618 1503 1672 permearit.
1564 1617 1677 1657 Hunc

166 1697 252 1724 esse
278 1684 404 1723 lumen
437 1697 458 1723 a
493 1683 691 1737 superiore
718 1680 874 1724 Christo
908 1685 1106 1735 diffusum,
1150 1685 1196 1724 ob
1231 1685 1342 1739 idque
1368 1686 1490 1740 patrio
1523 1685 1676 1726 nomine

166 1750 317 1792 Lumen
342 1751 389 1790 ob
412 1751 502 1791 illud
529 1751 696 1790 coeleste
721 1751 932 1803 nominari,
974 1767 1017 1792 ac
1042 1753 1086 1792 de
1116 1752 1314 1807 superiore
1339 1751 1495 1794 Christo
1525 1752 1677 1794 Verbo-

167 1833 238 1874 que
261 1817 457 1859 Christum
485 1819 612 1859 itidem
646 1825 682 1858 et
706 1818 900 1870 Verbum,
934 1821 999 1860 sed
1027 1827 1064 1860 et
1084 1818 1256 1861 Mentem
1286 1828 1485 1876 praeterea
1514 1836 1559 1862 ac
1592 1819 1678 1862 Sal-

167 1895 339 1927 vatorem
363 1886 507 1927 vocari.
569 1885 743 1927 Eundem
775 1901 888 1940 porro
911 1886 1117 1928 Parentem
1143 1902 1275 1940 suum,
1310 1889 1380 1929 hoc
1407 1897 1465 1930 est
1492 1887 1678 1931 Condito-

166 1969 246 1996 rem
274 1954 568 2005 transcendere,
601 1969 646 1994 ac
670 1955 731 2008 qui
757 1955 828 1995 sibi
853 1955 967 2003 fidem
990 1956 1153 1996 habeant
1178 1957 1224 1996 ad
1251 1971 1427 2012 suprema
1459 1957 1521 1998 illa
1542 1955 1678 1998 Plero-

167 2023 276 2063 matis
308 2022 468 2076 eollegia
500 2035 629 2062 secum
664 2023 844 2063 evehere.
907 2021 942 2064 Ο
973 2038 1092 2078 nugas
1128 2025 1325 2079 anilesque
1361 2026 1528 2066 fabulas!
1592 2025 1677 2078 Ego

166 2105 260 2131 vero
290 2090 533 2130 nihilominus
569 2104 637 2140 ea,
683 2090 736 2130 uti
762 2105 844 2130 sum
871 2091 1084 2145 pollicitus,
1119 2106 1332 2147 exponam,
1377 2100 1491 2147 utque
1527 2093 1599 2148 ipsi
1632 2093 1678 2133 ad

165 2166 361 2213 poetarum
383 2171 426 2198 ac
453 2158 647 2212 gentilium
670 2166 885 2199 commenta
907 2160 1039 2200 deliria
1066 2174 1134 2200 sua
1155 2161 1310 2215 propius
1335 2161 1674 2201 accommodarint.

166 2225 327 2266 Praeter
347 2226 462 2275 haec,
496 2226 703 2266 secuudum
729 2225 997 2267 Tricenarium
1024 2228 1144 2278 illum,
1177 2228 1340 2268 medium
1363 2229 1515 2268 unicum
1539 2242 1677 2268 nomen

166 2307 208 2334 ac
238 2294 321 2333 sine
352 2294 516 2333 feminae
546 2293 742 2333 consortio
766 2293 977 2335 solitarium
1007 2295 1301 2350 excogitarunt,
1347 2304 1423 2336 tum
1450 2296 1561 2336 aliam
1593 2310 1678 2336 rur-

167 2376 248 2402 sum
274 2375 294 2401 a
317 2359 529 2402 Conditorc
553 2361 774 2416 productam
793 2376 837 2402 ac
860 2363 1016 2417 perinde
1040 2364 1076 2403 in
1101 2364 1206 2418 paria
1230 2364 1414 2417 digestam
1434 2361 1673 2418 Ogdoadem.

168 2427 287 2470 Cuius
310 2429 404 2470 hacc
430 2436 519 2469 sunt
538 2429 745 2469 vocabula:
779 2428 1039 2486 Exepaphus,
1073 2430 1314 2486 Porphyrio,
1349 2429 1512 2483 Clotho,
1545 2431 1677 2472 Rhoa-

166 2511 256 2547 cos,
291 2495 501 2547 Lachesis,
541 2495 763 2551 Epiphaon,
803 2498 995 2553 Atropos,
1034 2498 1258 2554 Hyperion,
1291 2498 1501 2554 Asterope.
1562 2498 1678 2540 Eius-

165 2565 265 2605 modi
294 2572 489 2620 poetarum
515 2564 674 2604 istorum
699 2572 758 2604 est
780 2579 918 2617 scena,
953 2581 1048 2620 quae
1073 2575 1110 2607 et
1141 2567 1235 2607 alias
1259 2568 1554 2622 quamplurimas
1587 2568 1677 2608 deo-

165 2647 262 2682 rum,
297 2640 336 2673 ut
359 2639 510 2683 vocant,
545 2632 818 2687 appellationes
843 2634 1027 2685 continet,
1061 2635 1221 2675 marium
1246 2649 1290 2674 ac
1311 2635 1552 2685 feminarum,
1580 2649 1675 2690 quae

164 2700 275 2740 aliter
305 2700 350 2740 ab
386 2701 468 2741 aliis
503 2707 712 2754 conceptae
745 2702 791 2741 ad
814 2699 1042 2744 CCCLXV
1073 2703 1316 2758 perveniunt.
1379 2700 1598 2755 Quinetiam
1630 2704 1675 2744 ad

163 2828 223 2856 tate
241 2826 306 2857 cod.
321 2826 431 2857 Veneti.
468 2826 561 2865 Vulyo
583 2826 662 2856 enim
679 2828 762 2856 emat
781 2821 896 2859 οἷνατυ-
990 2827 1039 2860 12.
1066 2827 1164 2869 μέσον
1194 2825 1251 2859 καὶ
1282 2825 1462 2868 <iit-timiama
1497 2838 1557 2860 non
1589 2830 1676 2860 habet

162 2871 295 2907 ποῦντες
318 2869 384 2902 καὶ.
941 2874 1006 2904 cod.
1032 2875 1102 2905 Ven.

207 2913 238 2946 9.
273 2914 384 2959 nuptm)
407 2916 557 2947 cod.Ven.
986 2918 1036 2949 13.
1072 2920 1135 2949 Hoc
1166 2919 1294 2948 alterum
1327 2916 1420 2951 πάλιν
1449 2928 1509 2950 non
1541 2921 1676 2958 agnoscit

208 2957 258 2990 10.
285 2959 311 2991 ω’
335 2970 395 2991 ηοη
419 2961 505 2991 habet
527 2961 592 2992 cod.
617 2962 686 2991 Ven.
939 2964 1006 2994 cod.
1027 2965 1124 2994 Venet.

209 3002 257 3033 11.
282 3005 327 3035 lta
352 3006 417 3036 cod.
444 3007 542 3037 Venet.
590 3007 684 3045 Vutyo
707 3006 785 3037 enim
808 3009 893 3038 extat
987 3005 1034 3040 14.
1065 3005 1186 3045 πολλὰς
1209 3017 1267 3039 om.
1292 3009 1357 3041 cod.
1384 3009 1453 3040 Ven.

163 3044 201 3080 δὲ
223 3045 259 3079 τὸ
280 3045 325 3080 ἓν.

1699 812 1775 855 Cap.
1796 813 1848 844 IV.
