<?xml version="1.0" encoding="UTF-8"?>
<!DOCTYPE html PUBLIC "-//W3C//DTD XHTML 1.0 Transitional//EN"
    "http://www.w3.org/TR/xhtml1/DTD/xhtml1-transitional.dtd">
<html xmlns="http://www.w3.org/1999/xhtml" xml:lang="en" lang="en">
 <head>
  <title>
</title>
<meta http-equiv="Content-Type" content="text/html;charset=utf-8" />
  <meta name='ocr-system' content='tesseract 3.04.00' />
  <meta name='ocr-capabilities' content='ocr_page ocr_carea ocr_par ocr_line ocrx_word'/>
</head>
<body>
  <div class='ocr_page' id='page_1' title='image "./p1corporishaereseo02epipuoft/p1corporishaereseo02epipuoft_0531.png"; bbox 0 0 2034 3267; ppageno 0'>
   <div class='ocr_carea' id='block_1_1' title="bbox 461 107 1659 149">
    <p class='ocr_par' dir='ltr' id='par_1_1' title="bbox 461 107 1659 149">
     <span class='ocr_line' id='line_1_1' title="bbox 461 107 1659 149; baseline -0.002 -1"><span class='ocrx_word' id='word_1_1' title='bbox 461 115 639 149; x_wconf 74' lang='lat' dir='ltr'>PANARH</span> <span class='ocrx_word' id='word_1_2' title='bbox 662 116 743 149; x_wconf 68' lang='grc' dir='ltr'>ΜΒ.</span> <span class='ocrx_word' id='word_1_3' title='bbox 766 117 791 148; x_wconf 89' lang='lat'>1.</span> <span class='ocrx_word' id='word_1_4' title='bbox 816 116 922 149; x_wconf 84' lang='lat' dir='ltr'>ToM.</span> <span class='ocrx_word' id='word_1_5' title='bbox 942 117 997 148; x_wconf 84' lang='lat'>111.</span> <span class='ocrx_word' id='word_1_6' title='bbox 1022 115 1151 148; x_wconf 81' lang='lat' dir='ltr'>HAER.</span> <span class='ocrx_word' id='word_1_7' title='bbox 1167 115 1360 147; x_wconf 74' lang='lat' dir='ltr'>XXXVIII.</span> <span class='ocrx_word' id='word_1_8' title='bbox 1579 107 1659 147; x_wconf 78' lang='lat'>519</span> 
     </span>
    </p>
   </div>
   <div class='ocr_carea' id='block_1_2' title="bbox 128 192 1661 2486">
    <p class='ocr_par' dir='ltr' id='par_1_2' title="bbox 128 192 1661 1875">
     <span class='ocr_line' id='line_1_2' title="bbox 247 192 1657 250; baseline -0.003 -13"><span class='ocrx_word' id='word_1_9' title='bbox 247 194 406 237; x_wconf 86' lang='lat' dir='ltr'>Falsum</span> <span class='ocrx_word' id='word_1_10' title='bbox 438 194 553 248; x_wconf 85' lang='lat' dir='ltr'>igitur</span> <span class='ocrx_word' id='word_1_11' title='bbox 584 203 663 245; x_wconf 88' lang='lat' dir='ltr'>est,</span> <span class='ocrx_word' id='word_1_12' title='bbox 710 196 808 250; x_wconf 89' lang='lat' dir='ltr'>quod</span> <span class='ocrx_word' id='word_1_13' title='bbox 839 195 901 235; x_wconf 87' lang='lat' dir='ltr'>isti</span> <span class='ocrx_word' id='word_1_14' title='bbox 936 195 1133 245; x_wconf 85' lang='lat' dir='ltr'>iactitant,</span> <span class='ocrx_word' id='word_1_15' title='bbox 1178 192 1308 235; x_wconf 87' lang='lat' dir='ltr'>Iudam</span> <span class='ocrx_word' id='word_1_16' title='bbox 1348 193 1395 234; x_wconf 94' lang='lat' dir='ltr'>ob</span> <span class='ocrx_word' id='word_1_17' title='bbox 1430 207 1512 234; x_wconf 83' lang='lat' dir='ltr'>eam</span> <span class='ocrx_word' id='word_1_18' title='bbox 1545 208 1657 247; x_wconf 89' lang='lat' dir='ltr'>quam</span> 
     </span>
     <span class='ocr_line' id='line_1_3' title="bbox 137 260 1658 318; baseline -0.003 -13"><span class='ocrx_word' id='word_1_19' title='bbox 137 264 301 305; x_wconf 90' lang='lat' dir='ltr'>habebat</span> <span class='ocrx_word' id='word_1_20' title='bbox 332 263 531 303; x_wconf 87' lang='lat' dir='ltr'>scientiam</span> <span class='ocrx_word' id='word_1_21' title='bbox 561 263 794 304; x_wconf 84' lang='lat' dir='ltr'>salvatorem</span> <span class='ocrx_word' id='word_1_22' title='bbox 827 263 1064 318; x_wconf 82' lang='lat' dir='ltr'>prodidisse3</span> <span class='ocrx_word' id='word_1_23' title='bbox 1110 263 1282 316; x_wconf 83' lang='lat' dir='ltr'>adeoque</span> <span class='ocrx_word' id='word_1_24' title='bbox 1317 276 1386 302; x_wconf 89' lang='lat' dir='ltr'>nec</span> <span class='ocrx_word' id='word_1_25' title='bbox 1420 262 1492 316; x_wconf 90' lang='lat' dir='ltr'>ipsi</span> <span class='ocrx_word' id='word_1_26' title='bbox 1528 260 1658 302; x_wconf 89' lang='lat' dir='ltr'>ludaei</span> 
     </span>
     <span class='ocr_line' id='line_1_4' title="bbox 137 329 1659 383; baseline -0.002 -11"><span class='ocrx_word' id='word_1_27' title='bbox 137 330 294 373; x_wconf 83' lang='lat' dir='ltr'>Christo</span> <span class='ocrx_word' id='word_1_28' title='bbox 324 331 362 370; x_wconf 89' lang='lat' dir='ltr'>in</span> <span class='ocrx_word' id='word_1_29' title='bbox 394 344 508 371; x_wconf 90' lang='lat' dir='ltr'>cruce</span> <span class='ocrx_word' id='word_1_30' title='bbox 539 331 675 370; x_wconf 88' lang='lat' dir='ltr'>suffixo</span> <span class='ocrx_word' id='word_1_31' title='bbox 708 332 922 370; x_wconf 80' lang='lat' dir='ltr'><strong>mercedem</strong></span> <span class='ocrx_word' id='word_1_32' title='bbox 954 330 1151 370; x_wconf 81' lang='lat' dir='ltr'>consecuti</span> <span class='ocrx_word' id='word_1_33' title='bbox 1178 336 1288 379; x_wconf 87' lang='lat' dir='ltr'>sunt,</span> <span class='ocrx_word' id='word_1_34' title='bbox 1335 329 1507 383; x_wconf 86' lang='lat' dir='ltr'>quamvis</span> <span class='ocrx_word' id='word_1_35' title='bbox 1533 329 1659 369; x_wconf 89' lang='lat' dir='ltr'>crucis</span> 
     </span>
     <span class='ocr_line' id='line_1_5' title="bbox 136 396 1661 440; baseline -0.003 -1"><span class='ocrx_word' id='word_1_36' title='bbox 136 400 246 440; x_wconf 88' lang='lat' dir='ltr'>nobis</span> <span class='ocrx_word' id='word_1_37' title='bbox 270 398 456 439; x_wconf 83' lang='lat' dir='ltr'>beneficio</span> <span class='ocrx_word' id='word_1_38' title='bbox 479 399 582 438; x_wconf 88' lang='lat' dir='ltr'>salus</span> <span class='ocrx_word' id='word_1_39' title='bbox 604 398 819 439; x_wconf 84' lang='lat' dir='ltr'>obvenerit.</span> <span class='ocrx_word' id='word_1_40' title='bbox 880 396 972 438; x_wconf 91' lang='lat' dir='ltr'>Non</span> <span class='ocrx_word' id='word_1_41' title='bbox 998 398 1098 437; x_wconf 90' lang='lat' dir='ltr'>enim</span> <span class='ocrx_word' id='word_1_42' title='bbox 1120 405 1162 437; x_wconf 88' lang='lat' dir='ltr'>ut</span> <span class='ocrx_word' id='word_1_43' title='bbox 1184 397 1344 437; x_wconf 86' lang='lat' dir='ltr'>salutem</span> <span class='ocrx_word' id='word_1_44' title='bbox 1371 397 1481 436; x_wconf 91' lang='lat' dir='ltr'>nobis</span> <span class='ocrx_word' id='word_1_45' title='bbox 1503 397 1661 437; x_wconf 83' lang='lat' dir='ltr'>afferret</span> 
     </span>
     <span class='ocr_line' id='line_1_6' title="bbox 136 464 1659 520; baseline -0.003 -13"><span class='ocrx_word' id='word_1_46' title='bbox 136 466 251 507; x_wconf 86' lang='lat' dir='ltr'>Iudas</span> <span class='ocrx_word' id='word_1_47' title='bbox 272 466 376 506; x_wconf 89' lang='lat' dir='ltr'>illum</span> <span class='ocrx_word' id='word_1_48' title='bbox 401 466 576 516; x_wconf 78' lang='lat' dir='ltr'>tradidit,</span> <span class='ocrx_word' id='word_1_49' title='bbox 617 466 683 506; x_wconf 90' lang='lat' dir='ltr'>sed</span> <span class='ocrx_word' id='word_1_50' title='bbox 709 466 843 520; x_wconf 88' lang='lat' dir='ltr'>partim</span> <span class='ocrx_word' id='word_1_51' title='bbox 869 465 1109 518; x_wconf 82' lang='lat' dir='ltr'>ignorantia,</span> <span class='ocrx_word' id='word_1_52' title='bbox 1151 465 1286 518; x_wconf 89' lang='lat' dir='ltr'>partim</span> <span class='ocrx_word' id='word_1_53' title='bbox 1310 464 1452 504; x_wconf 87' lang='lat' dir='ltr'>invidia</span> <span class='ocrx_word' id='word_1_54' title='bbox 1477 471 1514 504; x_wconf 87' lang='lat' dir='ltr'>et</span> <span class='ocrx_word' id='word_1_55' title='bbox 1534 464 1659 505; x_wconf 83' lang='lat' dir='ltr'>avari-</span> 
     </span>
     <span class='ocr_line' id='line_1_7' title="bbox 134 530 1659 587; baseline -0.003 -12"><span class='ocrx_word' id='word_1_56' title='bbox 134 534 185 575; x_wconf 83' lang='lat' dir='ltr'>tia</span> <span class='ocrx_word' id='word_1_57' title='bbox 209 535 359 584; x_wconf 89' lang='lat' dir='ltr'>ductus,</span> <span class='ocrx_word' id='word_1_58' title='bbox 394 548 504 587; x_wconf 87' lang='lat' dir='ltr'>quam</span> <span class='ocrx_word' id='word_1_59' title='bbox 530 548 614 573; x_wconf 90' lang='lat' dir='ltr'>cnm</span> <span class='ocrx_word' id='word_1_60' title='bbox 638 534 697 573; x_wconf 87' lang='lat' dir='ltr'>dei</span> <span class='ocrx_word' id='word_1_61' title='bbox 721 533 973 586; x_wconf 73' lang='lat' dir='ltr'>abnegatione</span> <span class='ocrx_word' id='word_1_62' title='bbox 998 532 1270 572; x_wconf 81' lang='lat' dir='ltr'>coniunxerat.</span> <span class='ocrx_word' id='word_1_63' title='bbox 1332 530 1486 571; x_wconf 87' lang='lat' dir='ltr'>Etenim</span> <span class='ocrx_word' id='word_1_64' title='bbox 1511 532 1601 572; x_wconf 89' lang='lat' dir='ltr'>licet</span> <span class='ocrx_word' id='word_1_65' title='bbox 1621 532 1659 571; x_wconf 90' lang='lat' dir='ltr'>in</span> 
     </span>
     <span class='ocr_line' id='line_1_8' title="bbox 134 599 1657 654; baseline -0.002 -12"><span class='ocrx_word' id='word_1_66' title='bbox 134 616 287 643; x_wconf 90' lang='lat' dir='ltr'>crucem</span> <span class='ocrx_word' id='word_1_67' title='bbox 312 609 437 642; x_wconf 89' lang='lat' dir='ltr'>actum</span> <span class='ocrx_word' id='word_1_68' title='bbox 463 602 508 641; x_wconf 87' lang='lat' dir='ltr'>iri</span> <span class='ocrx_word' id='word_1_69' title='bbox 534 599 730 642; x_wconf 85' lang='lat' dir='ltr'>Christum</span> <span class='ocrx_word' id='word_1_70' title='bbox 754 601 944 654; x_wconf 87' lang='lat' dir='ltr'>scriptura</span> <span class='ocrx_word' id='word_1_71' title='bbox 971 599 1234 654; x_wconf 83' lang='lat' dir='ltr'>praedixerit,</span> <span class='ocrx_word' id='word_1_72' title='bbox 1268 612 1312 638; x_wconf 87' lang='lat' dir='ltr'>ac</span> <span class='ocrx_word' id='word_1_73' title='bbox 1335 613 1430 652; x_wconf 84' lang='lat' dir='ltr'>quae</span> <span class='ocrx_word' id='word_1_74' title='bbox 1454 599 1657 653; x_wconf 81' lang='lat' dir='ltr'>postremis</span> 
     </span>
     <span class='ocr_line' id='line_1_9' title="bbox 135 666 1655 724; baseline -0.003 -13"><span class='ocrx_word' id='word_1_75' title='bbox 135 669 368 724; x_wconf 87' lang='lat' dir='ltr'>temporibus</span> <span class='ocrx_word' id='word_1_76' title='bbox 401 683 422 709; x_wconf 90' lang='lat' dir='ltr'>a</span> <span class='ocrx_word' id='word_1_77' title='bbox 452 668 562 709; x_wconf 90' lang='lat' dir='ltr'>nobis</span> <span class='ocrx_word' id='word_1_78' title='bbox 598 668 869 708; x_wconf 82' lang='lat' dir='ltr'>committenda</span> <span class='ocrx_word' id='word_1_79' title='bbox 903 674 991 707; x_wconf 90' lang='lat' dir='ltr'>sunt</span> <span class='ocrx_word' id='word_1_80' title='bbox 1023 667 1172 706; x_wconf 88' lang='lat' dir='ltr'>scelera</span> <span class='ocrx_word' id='word_1_81' title='bbox 1202 666 1265 706; x_wconf 89' lang='lat' dir='ltr'>diu</span> <span class='ocrx_word' id='word_1_82' title='bbox 1294 674 1381 706; x_wconf 87' lang='lat' dir='ltr'>ante</span> <span class='ocrx_word' id='word_1_83' title='bbox 1413 667 1655 720; x_wconf 81' lang='lat' dir='ltr'>significarit,</span> 
     </span>
     <span class='ocr_line' id='line_1_10' title="bbox 134 734 1655 790; baseline -0.002 -12"><span class='ocrx_word' id='word_1_84' title='bbox 134 738 297 789; x_wconf 88' lang='lat' dir='ltr'>nullam,</span> <span class='ocrx_word' id='word_1_85' title='bbox 330 738 360 777; x_wconf 91' lang='lat' dir='ltr'>si</span> <span class='ocrx_word' id='word_1_86' title='bbox 387 737 484 777; x_wconf 89' lang='lat' dir='ltr'>male</span> <span class='ocrx_word' id='word_1_87' title='bbox 508 735 694 790; x_wconf 89' lang='lat' dir='ltr'>quicpiam</span> <span class='ocrx_word' id='word_1_88' title='bbox 721 735 936 788; x_wconf 84' lang='lat' dir='ltr'>egerimus,</span> <span class='ocrx_word' id='word_1_89' title='bbox 970 747 1021 774; x_wconf 86' lang='lat' dir='ltr'>ex</span> <span class='ocrx_word' id='word_1_90' title='bbox 1048 734 1142 773; x_wconf 87' lang='lat' dir='ltr'>iisce</span> <span class='ocrx_word' id='word_1_91' title='bbox 1168 734 1381 788; x_wconf 81' lang='lat' dir='ltr'>scripturae</span> <span class='ocrx_word' id='word_1_92' title='bbox 1408 734 1655 785; x_wconf 82' lang='lat' dir='ltr'>testimoniis,</span> 
     </span>
     <span class='ocr_line' id='line_1_11' title="bbox 134 800 1659 860; baseline -0.003 -14"><span class='ocrx_word' id='word_1_93' title='bbox 134 819 231 860; x_wconf 90' lang='lat' dir='ltr'>quae</span> <span class='ocrx_word' id='word_1_94' title='bbox 266 806 301 845; x_wconf 92' lang='lat' dir='ltr'>id</span> <span class='ocrx_word' id='word_1_95' title='bbox 339 806 505 845; x_wconf 89' lang='lat' dir='ltr'>futurum</span> <span class='ocrx_word' id='word_1_96' title='bbox 540 803 834 858; x_wconf 84' lang='lat' dir='ltr'>praenuntiant,</span> <span class='ocrx_word' id='word_1_97' title='bbox 887 801 1177 841; x_wconf 84' lang='lat' dir='ltr'>exeusationem</span> <span class='ocrx_word' id='word_1_98' title='bbox 1213 800 1451 842; x_wconf 78' lang='lat' dir='ltr'>habebimus.</span> <span class='ocrx_word' id='word_1_99' title='bbox 1519 801 1659 856; x_wconf 86' lang='lat' dir='ltr'>Neque</span> 
     </span>
     <span class='ocr_line' id='line_1_12' title="bbox 133 868 1660 927; baseline -0.003 -14"><span class='ocrx_word' id='word_1_100' title='bbox 133 874 233 914; x_wconf 89' lang='lat' dir='ltr'>enim</span> <span class='ocrx_word' id='word_1_101' title='bbox 264 873 361 927; x_wconf 89' lang='lat' dir='ltr'>quod</span> <span class='ocrx_word' id='word_1_102' title='bbox 386 872 573 926; x_wconf 87' lang='lat' dir='ltr'>scriptura</span> <span class='ocrx_word' id='word_1_103' title='bbox 602 869 861 925; x_wconf 83' lang='lat' dir='ltr'>praedixerit,</span> <span class='ocrx_word' id='word_1_104' title='bbox 905 869 1048 909; x_wconf 85' lang='lat' dir='ltr'>idcirco</span> <span class='ocrx_word' id='word_1_105' title='bbox 1074 868 1257 919; x_wconf 84' lang='lat' dir='ltr'>facimus,</span> <span class='ocrx_word' id='word_1_106' title='bbox 1302 870 1369 909; x_wconf 89' lang='lat' dir='ltr'>sed</span> <span class='ocrx_word' id='word_1_107' title='bbox 1394 869 1492 922; x_wconf 89' lang='lat' dir='ltr'>quod</span> <span class='ocrx_word' id='word_1_108' title='bbox 1522 870 1660 909; x_wconf 81' lang='lat' dir='ltr'>facturi</span> 
     </span>
     <span class='ocr_line' id='line_1_13' title="bbox 133 935 1659 994; baseline -0.003 -13"><span class='ocrx_word' id='word_1_109' title='bbox 133 955 309 991; x_wconf 88' lang='lat' dir='ltr'>eramus,</span> <span class='ocrx_word' id='word_1_110' title='bbox 343 940 533 994; x_wconf 87' lang='lat' dir='ltr'>scriptura</span> <span class='ocrx_word' id='word_1_111' title='bbox 554 937 765 992; x_wconf 74' lang='lat' dir='ltr'>praedixit3</span> <span class='ocrx_word' id='word_1_112' title='bbox 800 937 847 977; x_wconf 92' lang='lat' dir='ltr'>ob</span> <span class='ocrx_word' id='word_1_113' title='bbox 868 937 1158 976; x_wconf 83' lang='lat' dir='ltr'>antecedentem</span> <span class='ocrx_word' id='word_1_114' title='bbox 1186 935 1245 976; x_wconf 89' lang='lat' dir='ltr'>dei</span> <span class='ocrx_word' id='word_1_115' title='bbox 1268 936 1445 977; x_wconf 84' lang='lat' dir='ltr'>videlicet</span> <span class='ocrx_word' id='word_1_116' title='bbox 1470 938 1659 991; x_wconf 78' lang='lat' dir='ltr'>cognitio-</span> 
     </span>
     <span class='ocr_line' id='line_1_14' title="bbox 133 1004 1659 1061; baseline -0.003 -12"><span class='ocrx_word' id='word_1_117' title='bbox 133 1023 243 1059; x_wconf 88' lang='lat' dir='ltr'>nem,</span> <span class='ocrx_word' id='word_1_118' title='bbox 287 1015 398 1061; x_wconf 89' lang='lat' dir='ltr'>atque</span> <span class='ocrx_word' id='word_1_119' title='bbox 424 1013 465 1047; x_wconf 92' lang='lat' dir='ltr'>ut</span> <span class='ocrx_word' id='word_1_120' title='bbox 487 1007 580 1046; x_wconf 88' lang='lat' dir='ltr'>deus</span> <span class='ocrx_word' id='word_1_121' title='bbox 604 1006 706 1059; x_wconf 90' lang='lat' dir='ltr'>ipse,</span> <span class='ocrx_word' id='word_1_122' title='bbox 751 1005 811 1058; x_wconf 89' lang='lat' dir='ltr'>qui</span> <span class='ocrx_word' id='word_1_123' title='bbox 840 1004 963 1044; x_wconf 91' lang='lat' dir='ltr'>bonus</span> <span class='ocrx_word' id='word_1_124' title='bbox 989 1011 1070 1055; x_wconf 88' lang='lat' dir='ltr'>est,</span> <span class='ocrx_word' id='word_1_125' title='bbox 1112 1018 1195 1044; x_wconf 87' lang='lat' dir='ltr'>cum</span> <span class='ocrx_word' id='word_1_126' title='bbox 1223 1005 1410 1045; x_wconf 82' lang='lat' dir='ltr'>adversus</span> <span class='ocrx_word' id='word_1_127' title='bbox 1435 1012 1659 1058; x_wconf 86' lang='lat' dir='ltr'>peccatores</span> 
     </span>
     <span class='ocr_line' id='line_1_15' title="bbox 131 1071 1659 1128; baseline -0.003 -11"><span class='ocrx_word' id='word_1_128' title='bbox 131 1077 228 1117; x_wconf 86' lang='lat' dir='ltr'>iram</span> <span class='ocrx_word' id='word_1_129' title='bbox 251 1082 424 1124; x_wconf 83' lang='lat' dir='ltr'>exercet,</span> <span class='ocrx_word' id='word_1_130' title='bbox 453 1088 528 1114; x_wconf 92' lang='lat' dir='ltr'>non</span> <span class='ocrx_word' id='word_1_131' title='bbox 552 1073 837 1128; x_wconf 85' lang='lat' dir='ltr'>perturbatione</span> <span class='ocrx_word' id='word_1_132' title='bbox 859 1073 984 1127; x_wconf 87' lang='lat' dir='ltr'>aliqua</span> <span class='ocrx_word' id='word_1_133' title='bbox 1005 1079 1219 1112; x_wconf 87' lang='lat' dir='ltr'>commotus</span> <span class='ocrx_word' id='word_1_134' title='bbox 1242 1085 1329 1112; x_wconf 88' lang='lat' dir='ltr'>esse</span> <span class='ocrx_word' id='word_1_135' title='bbox 1352 1071 1541 1113; x_wconf 81' lang='lat' dir='ltr'>videatur.</span> <span class='ocrx_word' id='word_1_136' title='bbox 1584 1072 1659 1113; x_wconf 91' lang='lat' dir='ltr'>Dei</span> 
     </span>
     <span class='ocr_line' id='line_1_16' title="bbox 131 1140 1659 1198; baseline -0.003 -14"><span class='ocrx_word' id='word_1_137' title='bbox 131 1144 316 1198; x_wconf 88' lang='lat' dir='ltr'>siquidem</span> <span class='ocrx_word' id='word_1_138' title='bbox 343 1144 530 1182; x_wconf 83' lang='lat' dir='ltr'>adversus</span> <span class='ocrx_word' id='word_1_139' title='bbox 555 1147 779 1195; x_wconf 87' lang='lat' dir='ltr'>peccatores</span> <span class='ocrx_word' id='word_1_140' title='bbox 805 1141 995 1195; x_wconf 91' lang='lat' dir='ltr'>quoslibet</span> <span class='ocrx_word' id='word_1_141' title='bbox 1024 1140 1237 1194; x_wconf 84' lang='lat' dir='ltr'>indignatio</span> <span class='ocrx_word' id='word_1_142' title='bbox 1263 1154 1337 1179; x_wconf 91' lang='lat' dir='ltr'>non</span> <span class='ocrx_word' id='word_1_143' title='bbox 1367 1140 1412 1180; x_wconf 89' lang='lat' dir='ltr'>ab</span> <span class='ocrx_word' id='word_1_144' title='bbox 1438 1141 1514 1180; x_wconf 88' lang='lat' dir='ltr'>ulla</span> <span class='ocrx_word' id='word_1_145' title='bbox 1541 1140 1659 1181; x_wconf 87' lang='lat' dir='ltr'>animi</span> 
     </span>
     <span class='ocr_line' id='line_1_17' title="bbox 132 1206 1658 1267; baseline -0.001 -16"><span class='ocrx_word' id='word_1_146' title='bbox 132 1210 416 1267; x_wconf 87' lang='lat' dir='ltr'>perturbatione</span> <span class='ocrx_word' id='word_1_147' title='bbox 437 1208 715 1264; x_wconf 75' lang='lat' dir='ltr'>proficiscitur3</span> <span class='ocrx_word' id='word_1_148' title='bbox 744 1216 851 1249; x_wconf 89' lang='lat' dir='ltr'>caret</span> <span class='ocrx_word' id='word_1_149' title='bbox 870 1209 970 1248; x_wconf 89' lang='lat' dir='ltr'>enim</span> <span class='ocrx_word' id='word_1_150' title='bbox 992 1208 1093 1248; x_wconf 90' lang='lat' dir='ltr'>omni</span> <span class='ocrx_word' id='word_1_151' title='bbox 1116 1207 1405 1262; x_wconf 85' lang='lat' dir='ltr'>perturbatione</span> <span class='ocrx_word' id='word_1_152' title='bbox 1427 1208 1535 1249; x_wconf 89' lang='lat' dir='ltr'>deus.</span> <span class='ocrx_word' id='word_1_153' title='bbox 1579 1206 1658 1250; x_wconf 88' lang='lat' dir='ltr'>Sed</span> 
     </span>
     <span class='ocr_line' id='line_1_18' title="bbox 129 1276 1655 1328; baseline -0.002 -8"><span class='ocrx_word' id='word_1_154' title='bbox 129 1281 224 1320; x_wconf 88' lang='lat' dir='ltr'>iram</span> <span class='ocrx_word' id='word_1_155' title='bbox 246 1291 351 1318; x_wconf 89' lang='lat' dir='ltr'>more</span> <span class='ocrx_word' id='word_1_156' title='bbox 373 1277 567 1317; x_wconf 87' lang='lat' dir='ltr'>hominum</span> <span class='ocrx_word' id='word_1_157' title='bbox 588 1290 775 1316; x_wconf 83' lang='lat' dir='ltr'>exercere</span> <span class='ocrx_word' id='word_1_158' title='bbox 799 1276 951 1326; x_wconf 84' lang='lat' dir='ltr'>dicitur,</span> <span class='ocrx_word' id='word_1_159' title='bbox 976 1290 1052 1316; x_wconf 89' lang='lat' dir='ltr'>non</span> <span class='ocrx_word' id='word_1_160' title='bbox 1073 1276 1149 1316; x_wconf 91' lang='lat' dir='ltr'>ullo</span> <span class='ocrx_word' id='word_1_161' title='bbox 1172 1289 1288 1315; x_wconf 87' lang='lat' dir='ltr'>sensu</span> <span class='ocrx_word' id='word_1_162' title='bbox 1311 1276 1454 1316; x_wconf 85' lang='lat' dir='ltr'>doloris</span> <span class='ocrx_word' id='word_1_163' title='bbox 1476 1277 1655 1328; x_wconf 79' lang='lat' dir='ltr'>affectus,</span> 
     </span>
     <span class='ocr_line' id='line_1_19' title="bbox 130 1343 1659 1399; baseline -0.001 -12"><span class='ocrx_word' id='word_1_164' title='bbox 130 1361 201 1387; x_wconf 90' lang='lat' dir='ltr'>nec</span> <span class='ocrx_word' id='word_1_165' title='bbox 224 1345 420 1386; x_wconf 86' lang='lat' dir='ltr'>iracundia</span> <span class='ocrx_word' id='word_1_166' title='bbox 443 1351 660 1399; x_wconf 88' lang='lat' dir='ltr'>superatus.</span> <span class='ocrx_word' id='word_1_167' title='bbox 708 1343 788 1384; x_wconf 85' lang='lat' dir='ltr'>huo</span> <span class='ocrx_word' id='word_1_168' title='bbox 813 1358 906 1384; x_wconf 87' lang='lat' dir='ltr'>vero</span> <span class='ocrx_word' id='word_1_169' title='bbox 930 1351 1167 1398; x_wconf 83' lang='lat' dir='ltr'>quantopere</span> <span class='ocrx_word' id='word_1_170' title='bbox 1190 1357 1234 1383; x_wconf 89' lang='lat' dir='ltr'>ea</span> <span class='ocrx_word' id='word_1_171' title='bbox 1258 1351 1370 1384; x_wconf 88' lang='lat' dir='ltr'>vacet</span> <span class='ocrx_word' id='word_1_172' title='bbox 1395 1345 1467 1385; x_wconf 87' lang='lat' dir='ltr'>hoc</span> <span class='ocrx_word' id='word_1_173' title='bbox 1488 1345 1572 1399; x_wconf 86' lang='lat' dir='ltr'>ipso</span> <span class='ocrx_word' id='word_1_174' title='bbox 1594 1346 1659 1385; x_wconf 91' lang='lat' dir='ltr'>de-</span> 
     </span>
     <span class='ocr_line' id='line_1_20' title="bbox 131 1411 1659 1467; baseline -0.001 -13"><span class='ocrx_word' id='word_1_175' title='bbox 131 1415 273 1465; x_wconf 89' lang='lat' dir='ltr'>clarat,</span> <span class='ocrx_word' id='word_1_176' title='bbox 317 1413 416 1467; x_wconf 89' lang='lat' dir='ltr'>quod</span> <span class='ocrx_word' id='word_1_177' title='bbox 447 1413 614 1453; x_wconf 89' lang='lat' dir='ltr'>futurum</span> <span class='ocrx_word' id='word_1_178' title='bbox 639 1412 818 1452; x_wconf 87' lang='lat' dir='ltr'>iudicium</span> <span class='ocrx_word' id='word_1_179' title='bbox 846 1426 889 1452; x_wconf 87' lang='lat' dir='ltr'>ac</span> <span class='ocrx_word' id='word_1_180' title='bbox 917 1411 1167 1452; x_wconf 83' lang='lat' dir='ltr'>iustissimam</span> <span class='ocrx_word' id='word_1_181' title='bbox 1192 1411 1564 1452; x_wconf 86' lang='lat' dir='ltr'>animadversionem</span> <span class='ocrx_word' id='word_1_182' title='bbox 1594 1414 1659 1452; x_wconf 91' lang='lat' dir='ltr'>de-</span> 
     </span>
     <span class='ocr_line' id='line_1_21' title="bbox 131 1479 1657 1534; baseline 0 -13"><span class='ocrx_word' id='word_1_183' title='bbox 131 1481 308 1533; x_wconf 87' lang='lat' dir='ltr'>nunciat,</span> <span class='ocrx_word' id='word_1_184' title='bbox 353 1488 394 1521; x_wconf 87' lang='lat' dir='ltr'>ut</span> <span class='ocrx_word' id='word_1_185' title='bbox 420 1495 461 1521; x_wconf 87' lang='lat' dir='ltr'>se</span> <span class='ocrx_word' id='word_1_186' title='bbox 484 1479 752 1520; x_wconf 84' lang='lat' dir='ltr'>commotionis</span> <span class='ocrx_word' id='word_1_187' title='bbox 776 1479 900 1520; x_wconf 88' lang='lat' dir='ltr'>omnis</span> <span class='ocrx_word' id='word_1_188' title='bbox 923 1486 1123 1534; x_wconf 84' lang='lat' dir='ltr'>expertem</span> <span class='ocrx_word' id='word_1_189' title='bbox 1147 1493 1234 1519; x_wconf 91' lang='lat' dir='ltr'>esse</span> <span class='ocrx_word' id='word_1_190' title='bbox 1257 1480 1508 1520; x_wconf 86' lang='lat' dir='ltr'>demonstret.</span> <span class='ocrx_word' id='word_1_191' title='bbox 1571 1480 1657 1521; x_wconf 91' lang='lat' dir='ltr'>Hoc</span> 
     </span>
     <span class='ocr_line' id='line_1_22' title="bbox 128 1546 1656 1605; baseline -0.001 -15"><span class='ocrx_word' id='word_1_192' title='bbox 128 1550 245 1605; x_wconf 85' lang='lat' dir='ltr'>igitur</span> <span class='ocrx_word' id='word_1_193' title='bbox 271 1550 481 1589; x_wconf 81' lang='lat' dir='ltr'>futurorum</span> <span class='ocrx_word' id='word_1_194' title='bbox 505 1547 680 1603; x_wconf 90' lang='lat' dir='ltr'>praescia</span> <span class='ocrx_word' id='word_1_195' title='bbox 705 1548 894 1601; x_wconf 89' lang='lat' dir='ltr'>scriptura</span> <span class='ocrx_word' id='word_1_196' title='bbox 920 1548 1130 1601; x_wconf 81' lang='lat' dir='ltr'>significat,</span> <span class='ocrx_word' id='word_1_197' title='bbox 1174 1546 1229 1587; x_wconf 91' lang='lat' dir='ltr'>uti</span> <span class='ocrx_word' id='word_1_198' title='bbox 1255 1547 1446 1587; x_wconf 88' lang='lat' dir='ltr'>cautiores</span> <span class='ocrx_word' id='word_1_199' title='bbox 1474 1563 1544 1588; x_wconf 91' lang='lat' dir='ltr'>nos</span> <span class='ocrx_word' id='word_1_200' title='bbox 1570 1550 1656 1589; x_wconf 87' lang='lat' dir='ltr'>red-</span> 
     </span>
     <span class='ocr_line' id='line_1_23' title="bbox 130 1615 1656 1670; baseline -0.001 -12"><span class='ocrx_word' id='word_1_201' title='bbox 130 1618 193 1658; x_wconf 85' lang='lat' dir='ltr'>dat</span> <span class='ocrx_word' id='word_1_202' title='bbox 215 1632 258 1657; x_wconf 83' lang='lat' dir='ltr'>ac</span> <span class='ocrx_word' id='word_1_203' title='bbox 283 1617 593 1666; x_wconf 75' lang='lat' dir='ltr'>condocesaciat,</span> <span class='ocrx_word' id='word_1_204' title='bbox 628 1630 675 1656; x_wconf 87' lang='lat' dir='ltr'>ne</span> <span class='ocrx_word' id='word_1_205' title='bbox 700 1615 970 1670; x_wconf 82' lang='lat' dir='ltr'>inexpiabilem</span> <span class='ocrx_word' id='word_1_206' title='bbox 996 1615 1056 1654; x_wconf 87' lang='lat' dir='ltr'>dei</span> <span class='ocrx_word' id='word_1_207' title='bbox 1078 1615 1114 1655; x_wconf 89' lang='lat' dir='ltr'>in</span> <span class='ocrx_word' id='word_1_208' title='bbox 1140 1615 1390 1655; x_wconf 83' lang='lat' dir='ltr'>offensionem</span> <span class='ocrx_word' id='word_1_209' title='bbox 1414 1616 1656 1657; x_wconf 81' lang='lat' dir='ltr'>incurramus</span> 
     </span>
     <span class='ocr_line' id='line_1_24' title="bbox 130 1683 1657 1740; baseline -0.001 -15"><span class='ocrx_word' id='word_1_210' title='bbox 130 1699 227 1740; x_wconf 92' lang='lat' dir='ltr'>quae</span> <span class='ocrx_word' id='word_1_211' title='bbox 250 1699 325 1725; x_wconf 92' lang='lat' dir='ltr'>non</span> <span class='ocrx_word' id='word_1_212' title='bbox 348 1684 637 1739; x_wconf 86' lang='lat' dir='ltr'>perturbatione</span> <span class='ocrx_word' id='word_1_213' title='bbox 659 1684 837 1724; x_wconf 84' lang='lat' dir='ltr'>definitur</span> <span class='ocrx_word' id='word_1_214' title='bbox 858 1683 931 1723; x_wconf 90' lang='lat' dir='ltr'>ulla</span> <span class='ocrx_word' id='word_1_215' title='bbox 946 1715 956 1734; x_wconf 87' lang='lat'>,</span> <span class='ocrx_word' id='word_1_216' title='bbox 989 1697 1060 1723; x_wconf 89' lang='lat' dir='ltr'>nec</span> <span class='ocrx_word' id='word_1_217' title='bbox 1079 1683 1185 1723; x_wconf 87' lang='lat' dir='ltr'>velut</span> <span class='ocrx_word' id='word_1_218' title='bbox 1204 1683 1306 1723; x_wconf 92' lang='lat' dir='ltr'>victo</span> <span class='ocrx_word' id='word_1_219' title='bbox 1328 1696 1371 1723; x_wconf 88' lang='lat' dir='ltr'>ac</span> <span class='ocrx_word' id='word_1_220' title='bbox 1393 1684 1657 1724; x_wconf 90' lang='lat' dir='ltr'>succumbenti</span> 
     </span>
     <span class='ocr_line' id='line_1_25' title="bbox 129 1751 1656 1805; baseline 0 -12"><span class='ocrx_word' id='word_1_221' title='bbox 129 1753 288 1802; x_wconf 88' lang='lat' dir='ltr'>accidit,</span> <span class='ocrx_word' id='word_1_222' title='bbox 321 1753 387 1793; x_wconf 90' lang='lat' dir='ltr'>sed</span> <span class='ocrx_word' id='word_1_223' title='bbox 410 1752 625 1792; x_wconf 88' lang='lat' dir='ltr'>hominibus</span> <span class='ocrx_word' id='word_1_224' title='bbox 646 1751 708 1802; x_wconf 89' lang='lat' dir='ltr'>iis,</span> <span class='ocrx_word' id='word_1_225' title='bbox 743 1765 838 1805; x_wconf 90' lang='lat' dir='ltr'>quos</span> <span class='ocrx_word' id='word_1_226' title='bbox 860 1752 1048 1791; x_wconf 89' lang='lat' dir='ltr'>scelerum</span> <span class='ocrx_word' id='word_1_227' title='bbox 1071 1765 1166 1805; x_wconf 88' lang='lat' dir='ltr'>quae</span> <span class='ocrx_word' id='word_1_228' title='bbox 1187 1751 1463 1792; x_wconf 84' lang='lat' dir='ltr'>commiserunt</span> <span class='ocrx_word' id='word_1_229' title='bbox 1483 1766 1577 1792; x_wconf 90' lang='lat' dir='ltr'>vere</span> <span class='ocrx_word' id='word_1_230' title='bbox 1600 1760 1656 1793; x_wconf 89' lang='lat' dir='ltr'>at-</span> 
     </span>
     <span class='ocr_line' id='line_1_26' title="bbox 129 1819 1138 1875; baseline -0.003 -14"><span class='ocrx_word' id='word_1_231' title='bbox 129 1835 201 1875; x_wconf 90' lang='lat' dir='ltr'>que</span> <span class='ocrx_word' id='word_1_232' title='bbox 233 1819 358 1860; x_wconf 87' lang='lat' dir='ltr'>animo</span> <span class='ocrx_word' id='word_1_233' title='bbox 390 1834 465 1860; x_wconf 90' lang='lat' dir='ltr'>non</span> <span class='ocrx_word' id='word_1_234' title='bbox 498 1819 690 1874; x_wconf 87' lang='lat' dir='ltr'>poenitet,</span> <span class='ocrx_word' id='word_1_235' title='bbox 726 1826 953 1874; x_wconf 84' lang='lat' dir='ltr'>praeparata</span> <span class='ocrx_word' id='word_1_236' title='bbox 985 1819 1138 1859; x_wconf 86' lang='lat' dir='ltr'>dicitur.</span> 
     </span>
    </p>

    <p class='ocr_par' dir='ltr' id='par_1_3' title="bbox 128 1886 1656 2486">
     <span class='ocr_line' id='line_1_27' title="bbox 242 1886 1655 1945; baseline 0.001 -17"><span class='ocrx_word' id='word_1_237' title='bbox 242 1887 346 1928; x_wconf 90' lang='lat' dir='ltr'>ldem</span> <span class='ocrx_word' id='word_1_238' title='bbox 372 1894 407 1927; x_wconf 90' lang='lat' dir='ltr'>et</span> <span class='ocrx_word' id='word_1_239' title='bbox 435 1888 480 1928; x_wconf 92' lang='lat' dir='ltr'>de</span> <span class='ocrx_word' id='word_1_240' title='bbox 505 1888 629 1928; x_wconf 88' lang='lat' dir='ltr'>crucis</span> <span class='ocrx_word' id='word_1_241' title='bbox 654 1886 838 1942; x_wconf 86' lang='lat' dir='ltr'>supplicio</span> <span class='ocrx_word' id='word_1_242' title='bbox 864 1887 1035 1945; x_wconf 84' lang='lat' dir='ltr'>cogitare</span> <span class='ocrx_word' id='word_1_243' title='bbox 1061 1887 1259 1928; x_wconf 87' lang='lat' dir='ltr'>debemus.</span> <span class='ocrx_word' id='word_1_244' title='bbox 1320 1886 1411 1927; x_wconf 87' lang='lat' dir='ltr'>Non</span> <span class='ocrx_word' id='word_1_245' title='bbox 1440 1887 1540 1927; x_wconf 88' lang='lat' dir='ltr'>enim</span> <span class='ocrx_word' id='word_1_246' title='bbox 1568 1903 1655 1943; x_wconf 90' lang='lat' dir='ltr'>pro-</span> 
     </span>
     <span class='ocr_line' id='line_1_28' title="bbox 129 1953 1656 2012; baseline 0.001 -16"><span class='ocrx_word' id='word_1_247' title='bbox 129 1963 261 2012; x_wconf 88' lang='lat' dir='ltr'>pterea</span> <span class='ocrx_word' id='word_1_248' title='bbox 295 1956 392 2010; x_wconf 92' lang='lat' dir='ltr'>quod</span> <span class='ocrx_word' id='word_1_249' title='bbox 424 1956 474 1995; x_wconf 90' lang='lat' dir='ltr'>ita</span> <span class='ocrx_word' id='word_1_250' title='bbox 507 1956 587 1995; x_wconf 79' lang='lat' dir='ltr'>fore</span> <span class='ocrx_word' id='word_1_251' title='bbox 619 1955 807 2009; x_wconf 88' lang='lat' dir='ltr'>scriptura</span> <span class='ocrx_word' id='word_1_252' title='bbox 839 1955 1050 2009; x_wconf 83' lang='lat' dir='ltr'>praedixit,</span> <span class='ocrx_word' id='word_1_253' title='bbox 1094 1953 1275 1996; x_wconf 85' lang='lat' dir='ltr'>Christus</span> <span class='ocrx_word' id='word_1_254' title='bbox 1302 1955 1428 1995; x_wconf 89' lang='lat' dir='ltr'>autin</span> <span class='ocrx_word' id='word_1_255' title='bbox 1456 1970 1607 1996; x_wconf 87' lang='lat' dir='ltr'>crucem</span> <span class='ocrx_word' id='word_1_256' title='bbox 1635 1972 1656 1998; x_wconf 88' lang='lat' dir='ltr'>a</span> 
     </span>
     <span class='ocr_line' id='line_1_29' title="bbox 130 2022 1654 2078; baseline 0 -14"><span class='ocrx_word' id='word_1_257' title='bbox 130 2023 284 2065; x_wconf 86' lang='lat' dir='ltr'>ludaeis</span> <span class='ocrx_word' id='word_1_258' title='bbox 313 2031 372 2063; x_wconf 91' lang='lat' dir='ltr'>est</span> <span class='ocrx_word' id='word_1_259' title='bbox 398 2030 504 2064; x_wconf 85' lang='lat' dir='ltr'>actus</span> <span class='ocrx_word' id='word_1_260' title='bbox 536 2030 601 2063; x_wconf 81' lang='lat' dir='ltr'>aut</span> <span class='ocrx_word' id='word_1_261' title='bbox 631 2037 651 2062; x_wconf 86' lang='lat' dir='ltr'>a</span> <span class='ocrx_word' id='word_1_262' title='bbox 681 2022 772 2063; x_wconf 86' lang='lat' dir='ltr'>luda</span> <span class='ocrx_word' id='word_1_263' title='bbox 802 2022 996 2077; x_wconf 84' lang='lat' dir='ltr'>prodituS,</span> <span class='ocrx_word' id='word_1_264' title='bbox 1041 2023 1107 2063; x_wconf 90' lang='lat' dir='ltr'>sed</span> <span class='ocrx_word' id='word_1_265' title='bbox 1137 2023 1235 2078; x_wconf 88' lang='lat' dir='ltr'>quod</span> <span class='ocrx_word' id='word_1_266' title='bbox 1263 2030 1301 2063; x_wconf 88' lang='lat' dir='ltr'>et</span> <span class='ocrx_word' id='word_1_267' title='bbox 1324 2023 1544 2077; x_wconf 84' lang='lat' dir='ltr'>proditurus</span> <span class='ocrx_word' id='word_1_268' title='bbox 1568 2038 1654 2065; x_wconf 90' lang='lat' dir='ltr'>cum</span> 
     </span>
     <span class='ocr_line' id='line_1_30' title="bbox 129 2089 1654 2142; baseline 0 -11"><span class='ocrx_word' id='word_1_269' title='bbox 129 2089 242 2132; x_wconf 84' lang='lat' dir='ltr'>ludas</span> <span class='ocrx_word' id='word_1_270' title='bbox 268 2099 393 2141; x_wconf 87' lang='lat' dir='ltr'>esset,</span> <span class='ocrx_word' id='word_1_271' title='bbox 440 2091 537 2131; x_wconf 90' lang='lat' dir='ltr'>etin</span> <span class='ocrx_word' id='word_1_272' title='bbox 565 2104 717 2131; x_wconf 88' lang='lat' dir='ltr'>crucem</span> <span class='ocrx_word' id='word_1_273' title='bbox 742 2091 863 2130; x_wconf 88' lang='lat' dir='ltr'>acturi</span> <span class='ocrx_word' id='word_1_274' title='bbox 890 2089 1041 2142; x_wconf 88' lang='lat' dir='ltr'>ludaei,</span> <span class='ocrx_word' id='word_1_275' title='bbox 1087 2091 1133 2130; x_wconf 93' lang='lat' dir='ltr'>ob</span> <span class='ocrx_word' id='word_1_276' title='bbox 1157 2091 1193 2130; x_wconf 93' lang='lat' dir='ltr'>id</span> <span class='ocrx_word' id='word_1_277' title='bbox 1219 2098 1294 2130; x_wconf 88' lang='lat' dir='ltr'>tam</span> <span class='ocrx_word' id='word_1_278' title='bbox 1317 2091 1355 2130; x_wconf 88' lang='lat' dir='ltr'>in</span> <span class='ocrx_word' id='word_1_279' title='bbox 1382 2098 1515 2131; x_wconf 80' lang='lat' dir='ltr'>vetere</span> <span class='ocrx_word' id='word_1_280' title='bbox 1539 2098 1654 2132; x_wconf 88' lang='lat' dir='ltr'>testa-</span> 
     </span>
     <span class='ocr_line' id='line_1_31' title="bbox 128 2158 1653 2214; baseline 0.001 -15"><span class='ocrx_word' id='word_1_281' title='bbox 128 2166 257 2199; x_wconf 89' lang='lat' dir='ltr'>mento</span> <span class='ocrx_word' id='word_1_282' title='bbox 287 2160 476 2214; x_wconf 88' lang='lat' dir='ltr'>scriptura</span> <span class='ocrx_word' id='word_1_283' title='bbox 509 2172 618 2212; x_wconf 89' lang='lat' dir='ltr'>quam</span> <span class='ocrx_word' id='word_1_284' title='bbox 648 2158 685 2198; x_wconf 89' lang='lat' dir='ltr'>in</span> <span class='ocrx_word' id='word_1_285' title='bbox 716 2159 917 2212; x_wconf 87' lang='lat' dir='ltr'>evangelio</span> <span class='ocrx_word' id='word_1_286' title='bbox 947 2159 1121 2199; x_wconf 86' lang='lat' dir='ltr'>dominus</span> <span class='ocrx_word' id='word_1_287' title='bbox 1149 2158 1231 2213; x_wconf 87' lang='lat' dir='ltr'>ipse</span> <span class='ocrx_word' id='word_1_288' title='bbox 1257 2160 1421 2198; x_wconf 82' lang='lat' dir='ltr'>futurum</span> <span class='ocrx_word' id='word_1_289' title='bbox 1450 2159 1653 2213; x_wconf 83' lang='lat' dir='ltr'>aliquando</span> 
     </span>
     <span class='ocr_line' id='line_1_32' title="bbox 129 2225 1653 2281; baseline 0 -14"><span class='ocrx_word' id='word_1_290' title='bbox 129 2227 406 2281; x_wconf 84' lang='lat' dir='ltr'>pronuntiavit.</span> <span class='ocrx_word' id='word_1_291' title='bbox 476 2225 736 2280; x_wconf 80' lang='lat' dir='ltr'>Quamobrem</span> <span class='ocrx_word' id='word_1_292' title='bbox 773 2241 849 2266; x_wconf 91' lang='lat' dir='ltr'>non</span> <span class='ocrx_word' id='word_1_293' title='bbox 884 2241 935 2266; x_wconf 83' lang='lat' dir='ltr'>ex</span> <span class='ocrx_word' id='word_1_294' title='bbox 966 2236 1071 2267; x_wconf 87' lang='lat' dir='ltr'>certa</span> <span class='ocrx_word' id='word_1_295' title='bbox 1105 2226 1310 2280; x_wconf 84' lang='lat' dir='ltr'>singularis</span> <span class='ocrx_word' id='word_1_296' title='bbox 1344 2227 1446 2266; x_wconf 89' lang='lat' dir='ltr'>illius</span> <span class='ocrx_word' id='word_1_297' title='bbox 1477 2226 1653 2268; x_wconf 81' lang='lat' dir='ltr'>beneficii</span> 
     </span>
     <span class='ocr_line' id='line_1_33' title="bbox 129 2293 1651 2349; baseline 0.001 -14"><span class='ocrx_word' id='word_1_298' title='bbox 129 2293 314 2345; x_wconf 84' lang='lat' dir='ltr'>scicntia,</span> <span class='ocrx_word' id='word_1_299' title='bbox 348 2295 445 2349; x_wconf 86' lang='lat' dir='ltr'>quod</span> <span class='ocrx_word' id='word_1_300' title='bbox 469 2295 505 2334; x_wconf 92' lang='lat' dir='ltr'>in</span> <span class='ocrx_word' id='word_1_301' title='bbox 528 2294 706 2334; x_wconf 88' lang='lat' dir='ltr'>mundum</span> <span class='ocrx_word' id='word_1_302' title='bbox 731 2308 779 2334; x_wconf 86' lang='lat' dir='ltr'>ex</span> <span class='ocrx_word' id='word_1_303' title='bbox 805 2308 850 2334; x_wconf 90' lang='lat' dir='ltr'>eo</span> <span class='ocrx_word' id='word_1_304' title='bbox 871 2295 1086 2345; x_wconf 86' lang='lat' dir='ltr'>derivaret,</span> <span class='ocrx_word' id='word_1_305' title='bbox 1120 2294 1312 2334; x_wconf 88' lang='lat' dir='ltr'>domiuum</span> <span class='ocrx_word' id='word_1_306' title='bbox 1335 2293 1448 2334; x_wconf 87' lang='lat' dir='ltr'>ludas</span> <span class='ocrx_word' id='word_1_307' title='bbox 1473 2295 1651 2349; x_wconf 88' lang='lat' dir='ltr'>prodidit,</span> 
     </span>
     <span class='ocr_line' id='line_1_34' title="bbox 130 2362 1652 2416; baseline 0 -14"><span class='ocrx_word' id='word_1_308' title='bbox 130 2370 171 2403; x_wconf 93' lang='lat' dir='ltr'>ut</span> <span class='ocrx_word' id='word_1_309' title='bbox 194 2363 245 2402; x_wconf 91' lang='lat' dir='ltr'>illi</span> <span class='ocrx_word' id='word_1_310' title='bbox 271 2364 528 2412; x_wconf 79' lang='lat' dir='ltr'>mentiuntur,</span> <span class='ocrx_word' id='word_1_311' title='bbox 572 2363 639 2402; x_wconf 89' lang='lat' dir='ltr'>sed</span> <span class='ocrx_word' id='word_1_312' title='bbox 666 2362 717 2401; x_wconf 89' lang='lat' dir='ltr'>ita</span> <span class='ocrx_word' id='word_1_313' title='bbox 743 2362 866 2416; x_wconf 90' lang='lat' dir='ltr'>potius</span> <span class='ocrx_word' id='word_1_314' title='bbox 890 2369 929 2403; x_wconf 90' lang='lat' dir='ltr'>ut</span> <span class='ocrx_word' id='word_1_315' title='bbox 953 2370 991 2403; x_wconf 89' lang='lat' dir='ltr'>et</span> <span class='ocrx_word' id='word_1_316' title='bbox 1013 2377 1122 2403; x_wconf 89' lang='lat' dir='ltr'>suum</span> <span class='ocrx_word' id='word_1_317' title='bbox 1148 2377 1235 2403; x_wconf 87' lang='lat' dir='ltr'>esse</span> <span class='ocrx_word' id='word_1_318' title='bbox 1259 2362 1450 2402; x_wconf 86' lang='lat' dir='ltr'>dominum</span> <span class='ocrx_word' id='word_1_319' title='bbox 1476 2363 1652 2415; x_wconf 90' lang='lat' dir='ltr'>sciverit,</span> 
     </span>
     <span class='ocr_line' id='line_1_35' title="bbox 129 2429 1652 2486; baseline 0.001 -15"><span class='ocrx_word' id='word_1_320' title='bbox 129 2438 167 2471; x_wconf 90' lang='lat' dir='ltr'>et</span> <span class='ocrx_word' id='word_1_321' title='bbox 197 2445 307 2484; x_wconf 87' lang='lat' dir='ltr'>quam</span> <span class='ocrx_word' id='word_1_322' title='bbox 338 2430 500 2482; x_wconf 90' lang='lat' dir='ltr'>idipsum</span> <span class='ocrx_word' id='word_1_323' title='bbox 529 2430 668 2470; x_wconf 87' lang='lat' dir='ltr'>mundo</span> <span class='ocrx_word' id='word_1_324' title='bbox 695 2430 863 2470; x_wconf 86' lang='lat' dir='ltr'>salutare</span> <span class='ocrx_word' id='word_1_325' title='bbox 891 2438 996 2472; x_wconf 88' lang='lat' dir='ltr'>esset</span> <span class='ocrx_word' id='word_1_326' title='bbox 1018 2431 1220 2484; x_wconf 82' lang='lat' dir='ltr'>ignorarit.</span> <span class='ocrx_word' id='word_1_327' title='bbox 1281 2429 1440 2471; x_wconf 85' lang='lat' dir='ltr'>Fierine</span> <span class='ocrx_word' id='word_1_328' title='bbox 1467 2438 1594 2486; x_wconf 84' lang='lat' dir='ltr'>potest</span> <span class='ocrx_word' id='word_1_329' title='bbox 1620 2432 1652 2473; x_wconf 86' lang='lat' dir='ltr'>is</span> 
     </span>
    </p>
   </div>
   <div class='ocr_carea' id='block_1_3' title="bbox 1683 199 1838 242">
    <p class='ocr_par' dir='ltr' id='par_1_4' title="bbox 1683 199 1838 242">
     <span class='ocr_line' id='line_1_36' title="bbox 1683 199 1838 242; baseline -0.006 -11"><span class='ocrx_word' id='word_1_330' title='bbox 1683 199 1761 242; x_wconf 87' lang='lat' dir='ltr'>Cap.</span> <span class='ocrx_word' id='word_1_331' title='bbox 1783 199 1838 231; x_wconf 85' lang='lat' dir='ltr'>VI.</span> 
     </span>
    </p>
   </div>
   <div class='ocr_carea' id='block_1_4' title="bbox 1682 1896 1840 1940">
    <p class='ocr_par' dir='ltr' id='par_1_5' title="bbox 1682 1896 1840 1940">
     <span class='ocr_line' id='line_1_37' title="bbox 1682 1896 1840 1940; baseline 0.019 -13"><span class='ocrx_word' id='word_1_332' title='bbox 1682 1896 1759 1940; x_wconf 86' lang='lat' dir='ltr'>Cap.</span> <span class='ocrx_word' id='word_1_333' title='bbox 1773 1898 1840 1930; x_wconf 84' lang='lat' dir='ltr'>Vll.</span> 
     </span>
    </p>
   </div>
   <div class='ocr_carea' id='block_1_5' title="bbox 127 2498 1851 2554">
    <p class='ocr_par' dir='ltr' id='par_1_6' title="bbox 127 2498 1851 2554">
     <span class='ocr_line' id='line_1_38' title="bbox 127 2498 1851 2554; baseline 0.005 -16"><span class='ocrx_word' id='word_1_334' title='bbox 127 2505 169 2538; x_wconf 89' lang='lat' dir='ltr'>ut</span> <span class='ocrx_word' id='word_1_335' title='bbox 193 2498 327 2538; x_wconf 90' lang='lat' dir='ltr'>salutis</span> <span class='ocrx_word' id='word_1_336' title='bbox 351 2498 543 2538; x_wconf 88' lang='lat' dir='ltr'>bominum</span> <span class='ocrx_word' id='word_1_337' title='bbox 571 2512 699 2538; x_wconf 89' lang='lat' dir='ltr'>curam</span> <span class='ocrx_word' id='word_1_338' title='bbox 727 2506 836 2551; x_wconf 85' lang='lat' dir='ltr'>gerat</span> <span class='ocrx_word' id='word_1_339' title='bbox 863 2498 924 2552; x_wconf 91' lang='lat' dir='ltr'>qui</span> <span class='ocrx_word' id='word_1_340' title='bbox 951 2499 996 2538; x_wconf 85' lang='lat' dir='ltr'>ab</span> <span class='ocrx_word' id='word_1_341' title='bbox 1022 2500 1185 2553; x_wconf 84' lang='lat' dir='ltr'>ipsomet</span> <span class='ocrx_word' id='word_1_342' title='bbox 1208 2499 1401 2539; x_wconf 82' lang='lat' dir='ltr'>salvatore</span> <span class='ocrx_word' id='word_1_343' title='bbox 1426 2499 1649 2553; x_wconf 89' lang='lat' dir='ltr'>perditionis</span> <span class='ocrx_word' id='word_1_344' title='bbox 1665 2516 1798 2554; x_wconf 78' lang='lat' dir='ltr'>toann.&#39;1,</span> <span class='ocrx_word' id='word_1_345' title='bbox 1810 2519 1851 2547; x_wconf 71' lang='grc' dir='ltr'>το.</span> 
     </span>
    </p>
   </div>
   <div class='ocr_carea' id='block_1_6' title="bbox 117 2565 1651 2686">
    <p class='ocr_par' dir='ltr' id='par_1_7' title="bbox 117 2565 1651 2686">
     <span class='ocr_line' id='line_1_39' title="bbox 129 2565 1649 2621; baseline 0.001 -16"><span class='ocrx_word' id='word_1_346' title='bbox 129 2565 227 2605; x_wconf 86' lang='lat' dir='ltr'>filius</span> <span class='ocrx_word' id='word_1_347' title='bbox 250 2566 460 2621; x_wconf 85' lang='lat' dir='ltr'>appellatus</span> <span class='ocrx_word' id='word_1_348' title='bbox 482 2566 597 2606; x_wconf 85' lang='lat' dir='ltr'>suerit</span> <span class='ocrx_word' id='word_1_349' title='bbox 616 2597 626 2616; x_wconf 93' lang='lat'>,</span> <span class='ocrx_word' id='word_1_350' title='bbox 659 2572 697 2606; x_wconf 89' lang='lat' dir='ltr'>et</span> <span class='ocrx_word' id='word_1_351' title='bbox 719 2565 807 2605; x_wconf 88' lang='lat' dir='ltr'>illud</span> <span class='ocrx_word' id='word_1_352' title='bbox 830 2566 1015 2617; x_wconf 88' lang='lat' dir='ltr'>audierit,</span> <span class='ocrx_word' id='word_1_353' title='bbox 1049 2571 1189 2606; x_wconf 77' lang='lat' dir='ltr'>Bonum</span> <span class='ocrx_word' id='word_1_354' title='bbox 1209 2570 1247 2605; x_wconf 79' lang='grc' dir='ltr'>εἰ</span> <span class='ocrx_word' id='word_1_355' title='bbox 1264 2575 1364 2614; x_wconf 78' lang='lat' dir='ltr'>erat,</span> <span class='ocrx_word' id='word_1_356' title='bbox 1397 2570 1558 2607; x_wconf 75' lang='lat' dir='ltr'>sinatus</span> <span class='ocrx_word' id='word_1_357' title='bbox 1578 2583 1649 2608; x_wconf 82' lang='lat' dir='ltr'>non</span> 
     </span>
     <span class='ocr_line' id='line_1_40' title="bbox 117 2634 1651 2686; baseline 0.002 -14"><span class='ocrx_word' id='word_1_358' title='bbox 117 2635 263 2684; x_wconf 78' lang='lat' dir='ltr'>suz&#39;sset</span> <span class='ocrx_word' id='word_1_359' title='bbox 282 2636 386 2673; x_wconf 78' lang='lat' dir='ltr'>homo</span> <span class='ocrx_word' id='word_1_360' title='bbox 409 2636 496 2673; x_wconf 77' lang='lat' dir='ltr'>ille:</span> <span class='ocrx_word' id='word_1_361' title='bbox 529 2634 636 2683; x_wconf 87' lang='lat' dir='ltr'>item,</span> <span class='ocrx_word' id='word_1_362' title='bbox 665 2636 808 2680; x_wconf 79' lang='lat' dir='ltr'>Amice,</span> <span class='ocrx_word' id='word_1_363' title='bbox 834 2637 883 2673; x_wconf 83' lang='lat' dir='ltr'>ad</span> <span class='ocrx_word' id='word_1_364' title='bbox 901 2637 992 2686; x_wconf 73' lang='lat' dir='ltr'>quid</span> <span class='ocrx_word' id='word_1_365' title='bbox 1009 2638 1168 2674; x_wconf 72' lang='lat' dir='ltr'>venisti?</span> <span class='ocrx_word' id='word_1_366' title='bbox 1198 2641 1250 2684; x_wconf 91' lang='lat' dir='ltr'>et,</span> <span class='ocrx_word' id='word_1_367' title='bbox 1289 2637 1389 2674; x_wconf 69' lang='lat' dir='ltr'>Unus</span> <span class='ocrx_word' id='word_1_368' title='bbox 1408 2650 1455 2673; x_wconf 67' lang='grc' dir='ltr'>θα)</span> <span class='ocrx_word' id='word_1_369' title='bbox 1476 2637 1575 2675; x_wconf 73' lang='lat' dir='ltr'>vobis</span> <span class='ocrx_word' id='word_1_370' title='bbox 1597 2651 1651 2676; x_wconf 83' lang='lat' dir='ltr'>me</span> 
     </span>
    </p>
   </div>
   <div class='ocr_carea' id='block_1_7' title="bbox 1669 2585 1828 2716">
    <p class='ocr_par' dir='ltr' id='par_1_8' title="bbox 1669 2585 1828 2716">
     <span class='ocr_line' id='line_1_41' title="bbox 1669 2585 1779 2614; baseline 0.018 -2"><span class='ocrx_word' id='word_1_371' title='bbox 1669 2585 1779 2614; x_wconf 78' lang='lat' dir='ltr'>Matth.</span> 
     </span>
     <span class='ocr_line' id='line_1_42' title="bbox 1669 2621 1771 2655; baseline 0.01 -8"><span class='ocrx_word' id='word_1_372' title='bbox 1669 2621 1710 2655; x_wconf 73' lang='lat'>26,</span> <span class='ocrx_word' id='word_1_373' title='bbox 1729 2622 1771 2648; x_wconf 66' lang='lat'>21.</span> 
     </span>
     <span class='ocr_line' id='line_1_43' title="bbox 1671 2654 1828 2690; baseline 0.013 -10"><span class='ocrx_word' id='word_1_374' title='bbox 1671 2654 1708 2681; x_wconf 80' lang='lat' dir='ltr'>td.</span> <span class='ocrx_word' id='word_1_375' title='bbox 1727 2656 1769 2690; x_wconf 74' lang='lat'>215,</span> <span class='ocrx_word' id='word_1_376' title='bbox 1787 2656 1828 2683; x_wconf 89' lang='lat'>50.</span> 
     </span>
     <span class='ocr_line' id='line_1_44' title="bbox 1669 2688 1768 2716; baseline -0.01 -2"><span class='ocrx_word' id='word_1_377' title='bbox 1669 2688 1768 2716; x_wconf 84' lang='lat' dir='ltr'>loann.</span> 
     </span>
    </p>
   </div>
   <div class='ocr_carea' id='block_1_8' title="bbox 131 2704 1847 2824">
    <p class='ocr_par' dir='ltr' id='par_1_9' title="bbox 131 2704 1847 2824">
     <span class='ocr_line' id='line_1_45' title="bbox 131 2704 1766 2758; baseline 0.003 -19"><span class='ocrx_word' id='word_1_378' title='bbox 131 2704 337 2741; x_wconf 75' lang='lat' dir='ltr'>traditurus</span> <span class='ocrx_word' id='word_1_379' title='bbox 357 2709 434 2741; x_wconf 80' lang='lat' dir='ltr'>est.-</span> <span class='ocrx_word' id='word_1_380' title='bbox 468 2708 520 2751; x_wconf 85' lang='lat' dir='ltr'>et,</span> <span class='ocrx_word' id='word_1_381' title='bbox 556 2704 629 2751; x_wconf 75' lang='lat' dir='ltr'>Oea·</span> <span class='ocrx_word' id='word_1_382' title='bbox 647 2704 844 2741; x_wconf 76' lang='lat' dir='ltr'>manducat</span> <span class='ocrx_word' id='word_1_383' title='bbox 861 2717 997 2742; x_wconf 75' lang='lat' dir='ltr'>mecum</span> <span class='ocrx_word' id='word_1_384' title='bbox 1013 2717 1159 2754; x_wconf 79' lang='lat' dir='ltr'>panem,</span> <span class='ocrx_word' id='word_1_385' title='bbox 1195 2705 1328 2741; x_wconf 77' lang='lat' dir='ltr'>levavit</span> <span class='ocrx_word' id='word_1_386' title='bbox 1346 2710 1476 2742; x_wconf 79' lang='lat' dir='ltr'>contra</span> <span class='ocrx_word' id='word_1_387' title='bbox 1495 2719 1550 2743; x_wconf 87' lang='lat' dir='ltr'>me</span> <span class='ocrx_word' id='word_1_388' title='bbox 1572 2707 1648 2743; x_wconf 82' lang='lat' dir='ltr'>eal·</span> <span class='ocrx_word' id='word_1_389' title='bbox 1667 2723 1708 2758; x_wconf 85' lang='lat'>13,</span> <span class='ocrx_word' id='word_1_390' title='bbox 1727 2724 1766 2750; x_wconf 70' lang='lat'>13,</span> 
     </span>
     <span class='ocr_line' id='line_1_46' title="bbox 131 2767 1847 2824; baseline 0.003 -16"><span class='ocrx_word' id='word_1_391' title='bbox 131 2783 300 2818; x_wconf 71' lang='lat' dir='ltr'>cuneum,</span> <span class='ocrx_word' id='word_1_392' title='bbox 345 2776 385 2809; x_wconf 91' lang='lat' dir='ltr'>ut</span> <span class='ocrx_word' id='word_1_393' title='bbox 413 2783 433 2809; x_wconf 88' lang='lat' dir='ltr'>e</span> <span class='ocrx_word' id='word_1_394' title='bbox 455 2767 695 2809; x_wconf 87' lang='lat' dir='ltr'>Psalmorum</span> <span class='ocrx_word' id='word_1_395' title='bbox 720 2768 817 2809; x_wconf 89' lang='lat' dir='ltr'>libro</span> <span class='ocrx_word' id='word_1_396' title='bbox 843 2771 1082 2824; x_wconf 87' lang='lat' dir='ltr'>evangelium</span> <span class='ocrx_word' id='word_1_397' title='bbox 1108 2769 1322 2824; x_wconf 81' lang='lat' dir='ltr'>expressit:</span> <span class='ocrx_word' id='word_1_398' title='bbox 1362 2770 1476 2823; x_wconf 86' lang='lat' dir='ltr'>item,</span> <span class='ocrx_word' id='word_1_399' title='bbox 1519 2775 1592 2811; x_wconf 84' lang='lat' dir='ltr'>Vae</span> <span class='ocrx_word' id='word_1_400' title='bbox 1616 2776 1847 2821; x_wconf 74' lang='lat' dir='ltr'>ez&#39;Psalm.41‚9.</span> 
     </span>
    </p>
   </div>
   <div class='ocr_carea' id='block_1_9' title="bbox 129 2870 1651 2958">
    <p class='ocr_par' dir='ltr' id='par_1_10' title="bbox 129 2870 1651 2958">
     <span class='ocr_line' id='line_1_47' title="bbox 173 2870 1651 2915; baseline 0.003 -14"><span class='ocrx_word' id='word_1_401' title='bbox 173 2870 205 2902; x_wconf 80' lang='lat'>2.</span> <span class='ocrx_word' id='word_1_402' title='bbox 229 2881 266 2902; x_wconf 85' lang='lat' dir='ltr'>ex</span> <span class='ocrx_word' id='word_1_403' title='bbox 289 2870 506 2914; x_wconf 82' lang='lat' dir='ltr'>praecedente</span> <span class='ocrx_word' id='word_1_404' title='bbox 529 2870 718 2902; x_wconf 77' lang='lat' dir='ltr'>testimonio</span> <span class='ocrx_word' id='word_1_405' title='bbox 741 2870 865 2913; x_wconf 76' lang='lat' dir='ltr'>psalte-</span> <span class='ocrx_word' id='word_1_406' title='bbox 911 2874 1050 2912; x_wconf 76' lang='lat' dir='ltr'>ficatione</span> <span class='ocrx_word' id='word_1_407' title='bbox 1078 2875 1202 2904; x_wconf 81' lang='lat' dir='ltr'>verbum</span> <span class='ocrx_word' id='word_1_408' title='bbox 1227 2870 1379 2915; x_wconf 76' lang='grc' dir='ltr'>προάγειν</span> <span class='ocrx_word' id='word_1_409' title='bbox 1409 2877 1543 2906; x_wconf 79' lang='lat' dir='ltr'>occurret</span> <span class='ocrx_word' id='word_1_410' title='bbox 1567 2876 1651 2914; x_wconf 77' lang='lat' dir='ltr'>infra</span> 
     </span>
     <span class='ocr_line' id='line_1_48' title="bbox 129 2913 1348 2958; baseline 0.004 -13"><span class='ocrx_word' id='word_1_411' title='bbox 129 2913 167 2946; x_wconf 87' lang='lat' dir='ltr'>rii</span> <span class='ocrx_word' id='word_1_412' title='bbox 192 2919 269 2948; x_wconf 82' lang='lat' dir='ltr'>recte</span> <span class='ocrx_word' id='word_1_413' title='bbox 295 2919 383 2949; x_wconf 75' lang='lat' dir='ltr'>vertit</span> <span class='ocrx_word' id='word_1_414' title='bbox 409 2918 583 2949; x_wconf 77' lang='lat' dir='ltr'>Cornarius.</span> <span class='ocrx_word' id='word_1_415' title='bbox 631 2918 749 2948; x_wconf 80' lang='lat' dir='ltr'>Eadem</span> <span class='ocrx_word' id='word_1_416' title='bbox 771 2918 866 2957; x_wconf 65' lang='lat' dir='ltr'>signi·</span> <span class='ocrx_word' id='word_1_417' title='bbox 910 2918 993 2950; x_wconf 85' lang='lat' dir='ltr'>haer.</span> <span class='ocrx_word' id='word_1_418' title='bbox 1012 2919 1130 2957; x_wconf 87' lang='lat' dir='ltr'>LXIX,</span> <span class='ocrx_word' id='word_1_419' title='bbox 1154 2917 1183 2950; x_wconf 82' lang='lat'>6.</span> <span class='ocrx_word' id='word_1_420' title='bbox 1205 2920 1348 2958; x_wconf 78' lang='lat' dir='ltr'>positum.</span> 
     </span>
    </p>
   </div>
  </div>
 </body>
</html>
