2034 3267
460 162 634 193 PANARn
663 162 743 194 ΜΒ.
766 163 789 194 1.
814 161 920 194 ToM.
943 163 997 193 ιη.
1023 161 1153 192 HAER.
1174 162 1281 192 XLn.
1553 153 1633 191 577

216 239 350 281 XLII.
395 240 455 280 Ad
487 241 580 280 haec
609 240 797 294 inlegram
825 241 985 281 abscidit
1015 241 1175 280 duorum
1205 239 1364 279 [iliorum
1392 239 1628 293 parabolam,
1650 247 1722 310 iffi
1741 247 1784 283 15,

108 308 190 349 cius
222 308 401 348 videlicet
432 308 493 362 qni
525 308 710 348 bonorum
743 315 887 362 partem
919 309 1153 358 abstulerat,
1187 314 1225 347 et
1255 308 1428 348 alterius.
1721 290 1766 317 (Μ’

219 374 373 416 XLIII.
420 379 500 415 Lex
529 385 566 415 et
588 379 792 428 prophelae
821 391 935 428 usque
963 379 1013 415 ad
1034 379 1227 423 Ioannem,
1272 384 1310 414 et
1337 379 1452 414 omnis
1477 379 1514 415 in
1538 377 1634 415 illud
1651 383 1833 420 Cap.16,16.

109 448 178 483 vim
198 446 314 498 facit.

218 509 373 551 XLIV.
418 510 476 551 De
508 511 623 550 divite
655 519 693 551 et
718 509 873 550 Lazaro
897 511 1094 561 mendico,
1141 512 1453 565 quemadmodum
1486 512 1633 553 delatus
1651 520 1787 550 lind-22.

109 587 168 620 est
199 579 246 619 ab
279 579 428 632 angelis
460 579 497 619 in
529 579 652 619 sinum
687 578 887 618 Abraami.

221 644 355 687 XLV.
400 650 511 686 Nune
542 661 625 686 vero
655 649 714 685 hic
745 648 960 685 consolatur
987 649 1175 685 Lazarus.
1653 656 1788 685 1bid.25.

221 713 335 754 XLV
344 714 374 754 I.
417 718 528 754 Dc'oez'c
542 716 724 762 Abraam,
760 715 907 752 Habent
923 717 1086 765 Moysem
1107 723 1146 753 et
1156 717 1370 766 prophetas,
1406 719 1504 767 ipsos
1525 719 1631 755 audi-
1650 724 1726 752 [bid.
1745 725 1788 753 29.

109 791 195 822 ant:
227 786 516 835 quandoquidem
546 797 662 834 neque
689 785 727 820 si
752 785 834 834 quis
864 796 885 820 a
915 785 1071 821 mortuis
1099 786 1353 821 resurreoeerit
1381 787 1546 824 audient.

222 849 396 890 XLVII.
442 849 607 891 Sustulit
646 850 741 889 isla:
787 852 927 897 Dicile,
973 853 1143 901 quoniam
1176 854 1278 889 servi
1305 854 1453 890 inutiles
1485 867 1633 900 sumus‚·
1660 861 1839 897 Cap.1⁴t,lo.

111 921 210 971 quod
237 920 426 958 debuimus
450 920 599 970 facere,
621 919 799 970 fecimus.

221 985 414 1027 XLVIII.
460 983 623 1038 Quando
648 992 902 1025 occurrerunt
925 985 1083 1040 leprosi.
1145 984 1234 1038 Quo
1262 986 1298 1026 in
1327 987 1411 1026 Ioco
1435 987 1550 1027 multa
1578 1001 1637 1028 re·
1656 997 1730 1026 [bid.
1750 998 1789 1026 12.

112 1055 258 1105 secuit,
291 1061 402 1106 atque
427 1053 478 1092 iia
502 1053 677 1107 scripsit:
719 1056 770 1092 El
791 1057 891 1092 misit
909 1068 969 1092 cos
990 1057 1136 1100 dicens,
1173 1056 1359 1094 ostendite
1384 1069 1445 1093 vos
1466 1058 1639 1094 sacerdo-

113 1125 231 1162 tibus:
275 1136 318 1162 ac
342 1135 410 1176 pro
435 1120 518 1160 aliis
544 1121 616 1161 alia
639 1121 826 1172 subiecit,
870 1121 922 1161 ila
947 1121 1194 1175 concipiens:
1239 1125 1359 1162 Multi
1376 1131 1486 1162 erant
1506 1125 1647 1175 leprosi

112 1194 149 1230 in
173 1191 299 1230 diebus
323 1191 469 1228 Elisaei
485 1191 708 1241 prophetae,
744 1197 780 1228 et
807 1205 910 1229 nemo
933 1198 1086 1229 curatus
1116 1198 1171 1229 est
1195 1194 1273 1229 nisi
1296 1193 1477 1231 Naamam
1502 1194 1636 1243 Syrus.

222 1323 380 1366 XLIX.
418 1328 573 1365 Venient
591 1328 689 1373 dies,
725 1329 869 1377 quando
890 1328 1146 1365 desiderabitis
1170 1330 1291 1366 videre
1312 1342 1421 1367 unum
1442 1343 1490 1367 ea·
1511 1329 1638 1367 diebus
1656 1337 1729 1366 lbid.
1750 1339 1793 1367 22.

100 1397 188 1447 filii
215 1396 385 1433 hominis.

226 1460 274 1503 L.
317 1464 427 1501 Detm‘t
446 1465 483 1500 ei
497 1464 664 1513 quidam,
700 1464 886 1512 Magister
905 1464 1015 1509 bone,
1051 1465 1141 1514 quid
1155 1464 1299 1515 faciens
1322 1467 1431 1502 vitam
1453 1471 1640 1503 aeternam
1660 1473 1732 1510 cap.
1745 1475 1786 1509 18,
1804 1475 1844 1502 18.

108 1531 334 1583 possidebo?
391 1531 519 1568 Nolite
542 1544 596 1568 me
617 1532 740 1568 dicere
763 1531 917 1568 bonum.-
956 1533 1056 1569 Unus
1080 1538 1136 1569 est
1157 1532 1284 1570 bouus.
1351 1531 1505 1571 Adiecit
1531 1546 1640 1582 vero,

113 1601 237 1638 Pater.
301 1596 380 1638 Sed
403 1604 440 1637 et
462 1611 529 1651 pro
552 1611 598 1637 eo
623 1598 721 1651 quod
746 1605 826 1647 est,
869 1600 1050 1637 Mandata
1073 1602 1191 1645 nosti,
1239 1599 1395 1653 scripsit
1416 1599 1501 1650 ille,
1534 1603 1644 1640 Man-

115 1669 202 1705 data
232 1668 328 1704 novi.

228 1731 299 1774 LI.
339 1736 491 1772 Factum
521 1741 641 1772 aulem
672 1741 727 1772 est
756 1748 836 1772 cum
861 1738 1177 1786 appropinquaret
1197 1737 1364 1782 Ierielw,
1411 1750 1540 1774 caecus
1565 1738 1642 1775 cla·
1660 1744 1734 1774 lbid.
1754 1746 1795 1775 35.

116 1803 259 1848 mabat,
302 1804 387 1840 Iesu
403 1803 490 1853 filii
516 1804 656 1848 David,
701 1804 874 1841 miserere
903 1805 995 1841 mei!
1053 1805 1088 1841 E
1092 1810 1105 1839 ί
1129 1817 1209 1841 eum
1236 1811 1390 1842 curatus
1416 1811 1530 1851 essct,
1574 1807 1641 1852 ait,

116 1872 225 1908 Fides
256 1877 319 1908 lua
351 1877 385 1908 te
413 1871 554 1908 salvum
575 1871 687 1922 fecit.

229 1935 320 1976 LII.
363 1935 560 1976 Mutilavit
586 1937 684 1977 ista:
729 1942 942 1990 Assumplis
966 1941 1154 1977 duodecim
1179 1943 1252 1987 ait,
1296 1942 1395 1978 Ecce
1417 1943 1646 1979 ascendimus
1664 1949 1736 1979 ibid.
1755 1951 1795 1979 31.

118 2007 423 2056 Hierosolymam,
457 2013 495 2043 et
511 2007 860 2045 consummabuntur
881 2010 1001 2045 omnia
1024 2021 1117 2058 quae
1137 2011 1277 2058 scripta
1300 2016 1390 2046 sunt
1399 2023 1471 2059 pet·
1485 2010 1647 2060 prophe-

120 2082 176 2113 tas
199 2077 243 2113 de
254 2076 344 2125 filio
367 2075 523 2112 hominis
535 2090 545 2111 :
581 2076 762 2121 tradetur,
791 2077 991 2122 occidetur,
1027 2083 1064 2114 et
1083 2078 1192 2114 tertia
1213 2078 1272 2114 die
1293 2084 1478 2127 resurget.
1538 2075 1646 2116 flacc

120 2141 248 2182 omnia
279 2141 447 2181 sustulit.

231 2207 340 2249 LIII.
383 2206 589 2262 Expunxit
615 2216 653 2249 et
677 2216 789 2263 eaput
813 2209 900 2249 illud
925 2211 970 2250 de
995 2211 1129 2260 asino,
1176 2210 1397 2266 Bethphage
1422 2218 1461 2252 et
1483 2211 1577 2252 urbe
1601 2226 1645 2252 ac
1665 2223 1727 2260 Cap
1747 2225 1788 2259 19,
1805 2225 1846 2254 29.

122 2277 284 2331 templo:
320 2278 496 2327 Quoniam
517 2280 694 2329 scriplum
714 2285 790 2325 est,
824 2281 962 2318 Domus
986 2293 1063 2318 mea
1086 2282 1212 2318 domus
1237 2283 1417 2319 orationis
1439 2281 1641 2328 vocabitur,
1664 2291 1739 2320 lbid.
1754 2293 1796 2322 46.

120 2353 158 2384 et
172 2346 308 2399 facitis
337 2358 415 2382 eam
444 2346 653 2395 speluncam
685 2347 882 2385 latronum.

234 2410 346 2452 LIV.
390 2415 441 2451 Et
471 2415 708 2464 quaesierunt
737 2417 887 2454 iniieere
916 2430 1044 2454 manus
1075 2419 1111 2454 in
1142 2418 1266 2463 illum,
1302 2425 1337 2455 ct
1367 2420 1579 2456 timuerunt.
1670 2428 1846 2465 Cap.20,19.

235 2547 324 2590 LV.
369 2546 464 2588 Item
488 2548 592 2588 illum
619 2548 769 2589 induxit
791 2550 914 2591 locum
946 2566 1019 2605 quo
1051 2551 1096 2591 de
1124 2551 1201 2591 vite
1228 2552 1290 2591 iila
1316 2552 1441 2605 agitur
1464 2553 1644 2606 agricolis
1663 2563 1735 2591 lbid.
1755 2566 1780 2593 9.

124 2618 262 2658 locata.
325 2617 453 2670 Atque
480 2616 550 2655 hoc
573 2616 751 2670 insuper:
787 2620 883 2668 Quid
901 2627 956 2658 est
976 2622 1115 2670 zgitur,
1150 2621 1322 2670 Lapidem
1347 2634 1450 2671 quem
1471 2622 1646 2673 reproba·
1665 2631 1795 2661 Ibid.1·1.

124 2693 255 2725 verunt
282 2685 550 2736 aedificantes?

235 2750 347 2793 LVI.
392 2750 548 2792 Delevit
570 2750 683 2791 illud:
720 2754 814 2802 Quia
835 2768 920 2793 vero
943 2758 1084 2794 mortui
1099 2763 1324 2807 resurgunt,
1360 2758 1508 2807 Moyses
1526 2765 1647 2796 osten·
1666 2769 1738 2799 ibid.
1755 2772 1795 2799 37,

137 2897 147 2905 ·
167 2851 224 2906 24⁵.
246 2856 385 2907 tutelleyo
407 2851 596 2896 παραβολήν
619 2863 688 2886 cum
714 2855 874 2888 Cornario.
917 2857 1063 2889 Petavius
1088 2858 1316 2889 rescribendum
1341 2861 1501 2899 proposuit
1529 2857 1570 2893 τὰ
1592 2859 1650 2893 τοῦ

127 2909 326 2941 αμπεωνος.

194 2953 308 2989 Corpus
327 2953 503 2981 Haerescol.
523 2952 558 2980 11.
1330 2963 1381 3001 37
