2034 3267
466 185 637 218 PANARn
665 187 743 218 me.
764 187 787 218 1.
813 188 916 221 ToM,
943 189 980 220 u.
1007 189 1284 221 HAER.XXX1.
1548 182 1621 220 371

127 270 275 317 temque
305 271 494 304 servaret.
558 264 629 305 Vel
664 266 694 305 si
726 266 956 320 reliquorum
989 267 1171 320 coniuges
1207 275 1470 319 enumeraret,
1514 268 1627 308 etiam

127 329 302 371 Hominis
325 331 530 384 attigisset,
564 346 685 387 neque
708 333 899 374 divinandi
923 335 1023 375 illius
1046 335 1208 376 nominis
1231 336 1497 376 necessitatem
1518 334 1628 376 nobis

125 398 329 438 attulisset.
374 397 448 438 Est
468 398 583 452 igitur
602 401 755 442 minime
777 401 937 442 obscura
958 402 1058 442 illius
1077 403 1403 458 interpretationis
1424 403 1624 444 calumnia.

126 461 222 505 Cum
246 465 344 505 enim
372 465 560 507 lohannes
586 481 699 508 unum
727 469 836 509 deum
860 469 1179 522 omnipotentem,
1223 485 1411 525 unumque
1435 468 1629 512 Christum

126 530 249 572 lesum
271 533 373 573 illius
395 534 627 588 unigenitum
650 536 863 590 praedicet,
898 550 964 589 per
985 550 1094 590 quem
1116 538 1213 577 facta
1238 551 1324 578 esse
1346 538 1471 579 omnia
1495 539 1630 579 contir-

123 607 222 650 mat,
265 608 376 655 atque
406 602 504 642 hunc
532 616 618 643 esse
646 604 864 654 dez‘filc‘um,
900 603 998 642 hunc
1029 606 1249 655 Ualg-enam,
1284 605 1382 645 hunc
1408 609 1628 646 conditorem

124 671 302 715 omnium,
349 668 447 709 hunc
476 684 595 708 veram
623 672 757 717 luc-em,
804 684 895 721 quae
918 672 1105 710 illuminat
1127 686 1262 710 omnem
1288 674 1485 721 hominem,
1533 673 1629 714 hunc

125 739 253 775 mundi
263 738 553 790 sabrz'ealorem,
600 737 696 777 hunc
723 740 789 789 qui
811 741 847 776 in
870 741 1025 789 propria
1054 742 1172 785 venit,
1216 743 1282 791 qm'
1304 754 1390 779 earo
1405 742 1536 794 sactus
1560 749 1626 788 est,

123 811 161 841 et
178 805 358 843 habitavit
379 808 415 844 in
440 807 562 851 nobis,
597 818 684 844 esse
709 812 892 855 testetur,
924 805 986 845 isti
1012 805 1144 845 callida
1171 820 1214 846 ac
1238 807 1424 848 malitiosa
1446 808 1631 862 interpre-

124 870 267 911 tatione
301 873 570 926 detorquentes
599 871 711 912 alium
748 872 996 926 productione
1024 873 1171 927 fingunt
1199 872 1411 928 Unigenam
1438 876 1629 926 extitisse,

123 953 231 992 quem
256 947 294 979 et
317 938 546 993 Principium
569 947 730 989 vocant,
775 940 886 979 alium
911 939 1177 991 Salvatorem,
1221 941 1319 982 aliud
1345 941 1515 983 Verbum
1539 941 1632 984 Uni-

123 1020 244 1059 genae
265 1007 402 1058 filium,
434 1007 547 1046 alium
570 1004 766 1047 Christum
787 1007 1003 1060 corrigendi
1026 1022 1161 1049 caussa
1182 1007 1410 1050 Pleromatis
1436 1017 1629 1051 exortum.

124 1072 264 1128 Sicque
290 1088 418 1115 eorum
442 1087 538 1128 quae
562 1075 738 1115 dicuntur
759 1075 905 1128 singula
931 1089 950 1115 a
975 1076 1138 1116 veritate
1163 1084 1381 1131 promentes
1404 1091 1446 1117 ac
1471 1077 1632 1118 nomini-

123 1141 191 1182 bus
212 1142 410 1182 abutentes
433 1142 477 1181 ad
500 1156 607 1182 usum
631 1157 738 1182 suum
763 1143 1054 1197 opinionemque
1075 1146 1327 1185 transferunt.
1374 1143 1440 1185 Ex
1458 1159 1530 1200 qua
1550 1145 1632 1186 illo-

124 1224 204 1250 rum
234 1209 423 1250 sententia
456 1210 648 1264 sequitur,
697 1217 753 1250 tot
790 1210 825 1250 in
859 1211 987 1250 verbis
1019 1209 1202 1252 Ioannem
1230 1210 1320 1253 lesu
1354 1210 1498 1254 Christi
1526 1227 1631 1254 men-

124 1277 262 1317 tionem
284 1291 331 1317 ne
352 1277 461 1317 litera
484 1277 632 1331 quidem
657 1277 846 1331 attigisse.
907 1277 1021 1318 Licet
1042 1279 1141 1319 euim
1163 1278 1317 1320 Patrem
1344 1281 1561 1332 nominarit,
1595 1288 1634 1322 et

122 1343 316 1394 Gratiam,
355 1343 623 1399 Unigenitum,
666 1352 703 1385 et
725 1344 961 1396 Veritatem,
1002 1360 1046 1386 ac
1069 1345 1237 1387 Verbum
1252 1379 1262 1398 ,
1306 1346 1432 1388 Vitam
1447 1380 1457 1399 ,
1499 1347 1632 1389 Homi-

121 1426 228 1462 nem,
262 1419 301 1453 et
321 1411 561 1463 Ecclesiam,
596 1412 689 1452 haee
712 1413 763 1452 illi
790 1421 950 1453 censent
975 1415 1020 1453 de
1046 1414 1163 1467 prima
1190 1413 1373 1469 Ogdoade
1401 1429 1487 1456 esse
1514 1415 1629 1467 dieta,

120 1480 157 1520 iu
181 1494 252 1534 qua
278 1481 443 1520 nondum
467 1478 591 1531 lesus,
626 1481 792 1521 nondum
815 1469 993 1522 Christus
1015 1480 1171 1522 loannis
1195 1483 1377 1537 magister
1398 1483 1628 1524 continetur.

123 1546 267 1588 Verum
291 1548 403 1601 longe
424 1547 559 1588 abesse
580 1555 622 1588 ut
642 1549 686 1588 de
710 1545 910 1602 Coniugiis
929 1549 1003 1589 illis
1023 1550 1217 1604 apostolus
1238 1550 1338 1604 loqui
1360 1551 1539 1602 voluerit,
1568 1551 1632 1592 de-

121 1630 192 1670 que
216 1614 372 1656 Christo
396 1613 485 1656 Iesu
507 1615 659 1655 domino
682 1622 815 1656 nostro
837 1616 1123 1669 intelligendum
1145 1631 1248 1668 esse,
1282 1618 1378 1671 quod
1401 1625 1438 1659 et
1460 1617 1630 1660 Verbum

121 1683 219 1723 solet
238 1683 429 1738 appellare
450 1683 524 1733 dei,
550 1697 625 1723 non
645 1683 808 1724 obscure
829 1683 910 1738 ipse
931 1684 1111 1724 declarat.
1151 1683 1304 1725 Etenim
1328 1700 1410 1725 cnm
1432 1686 1477 1726 de
1500 1685 1631 1727 Verbo

119 1751 205 1802 illo,
239 1751 335 1805 quod
357 1757 467 1791 antea
487 1751 523 1790 in
549 1750 732 1805 principio
758 1750 875 1791 fuisse
899 1751 1073 1802 dixerat,
1107 1752 1321 1793 summatim
1344 1753 1530 1808 disputata
1553 1754 1630 1794 col-

119 1818 275 1873 ligeret,
307 1819 358 1859 ita
384 1819 631 1873 pronuntiare
658 1819 802 1873 pergit:
841 1822 895 1858 Et
918 1821 1070 1859 Verbum
1094 1834 1181 1859 caro
1194 1822 1343 1873 sactum
1364 1829 1438 1869 est,
1472 1829 1508 1860 et
1528 1823 1630 1861 habi-

122 1890 211 1926 tavit
232 1891 268 1926 in
292 1888 407 1926 nobis.
470 1886 525 1926 At
548 1887 707 1926 istorum
735 1886 911 1941 opinione
934 1886 1103 1928 Verbum
1131 1902 1254 1942 neque
1280 1902 1370 1928 caro
1394 1889 1531 1930 factum
1554 1896 1628 1940 est,

121 1968 242 2008 neque
264 1968 425 2008 unquam
448 1968 470 1994 a
490 1952 708 1994 Pleromate
732 1954 930 2004 discessit,
952 1955 1030 1995 sed
1055 1954 1235 1996 Salvator
1256 1956 1405 2010 quidam
1428 1957 1523 1998 alius
1544 1972 1630 2012 pro-

119 2022 310 2062 curandae
341 2035 475 2062 caussa
506 2021 639 2062 salutis
671 2022 817 2072 editus,
851 2020 1058 2077 Verboque
1089 2023 1297 2064 recentior.

230 2088 487 2143 Quamobrem
513 2089 647 2130 discite
672 2090 822 2129 tandem
846 2089 1068 2144 aliquando,
1109 2092 1236 2141 stulti,
1279 2092 1410 2133 discite
1433 2091 1559 2134 lesum
1585 2093 1628 2133 il-
1685 2094 1761 2138 Cap.

119 2159 192 2199 lum
217 2159 279 2212 qui
304 2165 434 2198 nostra
457 2171 591 2197 caussa
616 2170 749 2211 passus
772 2164 845 2207 est,
878 2158 939 2211 qui
962 2158 1142 2199 habitavit
1166 2161 1204 2199 in
1228 2160 1352 2210 nobis,
1386 2161 1546 2201 eundem
1571 2161 1630 2201 dei
1653 2140 1785 2173 XXXI'

120 2240 206 2267 esse
231 2225 415 2266 Verbum.
471 2223 571 2265 Nam
596 2225 626 2264 si
648 2224 743 2265 alius
766 2239 817 2265 ex
837 2226 1013 2266 Aeonum
1035 2241 1194 2268 numero
1214 2227 1348 2268 salutis
1368 2235 1524 2268 nostrae
1545 2242 1630 2282 gra-

120 2294 170 2334 tia
191 2307 345 2334 carnem
366 2292 568 2342 induisset,
602 2306 762 2345 aequum
785 2301 867 2333 erat
887 2294 931 2334 de
953 2293 1026 2334 alio
1050 2309 1199 2349 quoque
1221 2295 1453 2336 mentionem
1474 2295 1520 2336 ab
1542 2309 1630 2351 apo-

121 2361 218 2401 stolo
248 2361 343 2400 lieri.
405 2359 474 2402 Sin
504 2360 603 2400 idem
629 2357 756 2400 Patris
784 2359 974 2412 Verbum,
1020 2363 1116 2416 quod
1149 2377 1168 2402 e
1197 2363 1304 2403 coelo
1331 2363 1527 2418 delapsum
1554 2371 1627 2414 est,

121 2428 252 2468 eodem
276 2427 508 2482 postliminio
528 2427 663 2478 rediit,
696 2427 808 2468 unius
827 2427 980 2483 inquam
1002 2430 1064 2470 ille
1088 2430 1145 2470 dei
1169 2430 1302 2470 unicus
1325 2431 1422 2471 filius
1443 2444 1494 2471 ex
1514 2430 1630 2471 bene-

121 2496 208 2536 volo
228 2494 356 2536 Patris
381 2495 517 2535 affectu
541 2495 731 2535 hominum
755 2509 890 2536 caussa
913 2510 1028 2537 carne
1052 2497 1235 2548 vestitus,
1271 2512 1346 2537 non
1371 2499 1416 2538 de
1439 2497 1513 2538 alio
1537 2513 1630 2552 quo·

121 2563 240 2617 piam,
272 2578 347 2603 non
372 2563 418 2602 de
442 2563 505 2603 illa
530 2563 661 2602 nescio
682 2576 755 2616 qua
776 2560 984 2617 Ogdoade,
1017 2565 1082 2604 sed
1108 2566 1152 2605 de
1175 2563 1262 2605 lesu
1283 2562 1440 2605 Christo
1463 2564 1629 2606 Domino

121 2638 252 2671 nostro
277 2645 493 2671 sermonem
519 2629 695 2670 instituit.
754 2629 893 2684 Neque
915 2632 1013 2672 enim
1039 2631 1208 2673 Verbum
1233 2632 1295 2672 isti
1319 2632 1520 2687 praecipue
1542 2646 1630 2673 een-

122 2705 207 2738 sent
228 2712 380 2739 earnem
405 2712 491 2739 esse
518 2698 670 2738 factum.
733 2695 809 2738 Sed
836 2696 1076 2740 Salvatorem
1103 2701 1230 2740 ferunt
1255 2699 1418 2741 animale
1444 2700 1628 2754 quoddam

122 2765 290 2807 induisse
311 2780 469 2821 corpus,
504 2766 601 2819 quod
623 2765 882 2806 incarnatione
904 2766 984 2822 ipsa
1005 2767 1260 2821 inexplicabili
1284 2767 1470 2822 sapientia
1488 2767 1629 2808 eonsti-

170 2852 220 2887 14.
248 2851 335 2890 ὥστε
359 2851 436 2890 ου’δὲ
459 2857 524 2887 cod.
547 2857 616 2888 Ven.
897 2863 955 2889 est.
990 2858 1073 2889 Unde
1091 2859 1199 2889 Billius
1218 2859 1443 2890 rescribendum
1461 2867 1521 2890 esse
1537 2862 1628 2898 puta-

170 2900 218 2931 15.
242 2899 280 2934 ἐκ
300 2903 574 2941 praepositionem,
597 2910 674 2940 quae
699 2902 851 2932 desidera·
895 2905 938 2934 vit
962 2899 978 2934 ὁ
1003 2901 1042 2935 ἐκ
1065 2900 1191 2935 πάντων
1215 2901 1361 2945 γεγονώς
1388 2907 1454 2935 cett.

125 2947 173 2975 tur
191 2945 223 2976 in
239 2947 372 2986 reliquis,
389 2947 488 2978 adieci
504 2956 541 2977 ex
560 2947 626 2978 cod.
654 2947 765 2977 Veneto.
792 2947 851 2978 Vet.
944 2946 1017 2978 Car.
1031 2947 1163 2979 XXXI.
1180 2965 1222 2971 —
1244 2948 1271 2980 l.
1290 2947 1461 2989 πεποίηται
1479 2950 1543 2981 cod.
1561 2950 1629 2981 Veii.

124 2989 269 3028 Interpres
283 2991 370 3022 habet
388 2990 445 3023 sed
461 2990 513 3033 qui
528 3002 567 3022 ex
582 2989 730 3022 omnibus
747 2989 851 3023 factus

1257 3038 1347 3080 24*
