2034 3267
179 1341 244 1368 pag.
264 1332 321 1359 303.

347 151 423 189 554
904 153 1063 185 SANCT1
1088 154 1309 186 EPJPHANH

346 232 509 285 ὑπῆρχε,
548 233 613 272 καὶ
634 230 719 278 υἰὸς
744 228 961 271 ἐπισκόπου
984 234 1051 282 τῆς
1076 227 1259 284 ἡμετέρας
1280 229 1391 285 ἁγίας
1415 237 1632 286 καθολικῆς
1653 235 1865 285 ἐκκλησίας.

348 298 505 353 Χρόνου
533 299 573 339 δὲ
606 297 814 352 προϊόντος
843 300 1148 350 προςφθείρεται
1178 299 1363 354 παρθένῳ
1394 301 1490 349 τινὶ,
1530 303 1597 341 καὶ
1627 299 1868 353 ἐξαπατήσας

345 365 416 419 τήν
434 367 635 417 παρθένον
655 364 732 406 ἅπό
752 370 822 417 τῆς
843 366 998 412 ἐλπίδος
1019 363 1140 417 αὐτήν
1160 382 1197 405 τε
1220 366 1282 405 καὶ
1302 365 1440 406 ἑαυτὸν
1459 368 1684 418 κατέσπασε,
1713 369 1779 409 καὶ
1798 366 1868 420 τήν

344 432 504 487 φθοράν
532 431 848 487 ἅπεργασάμενος
875 434 1043 481 ἐξεοῦται
1066 436 1134 484 τῆς
1162 434 1362 484 ἐκκλησίας
1387 431 1463 474 ὗπὸ
1488 439 1558 475 τοῦ
1583 437 1682 476 ἰδίου
1707 434 1866 489 πατρός.

335 496 408 541 ῗΗν
442 499 514 555 γαρ
545 499 668 542 αὐτοῦ
699 498 720 541 ὁ
751 499 877 554 πατὴρ
910 498 956 540 δι’
986 498 1206 553 ὑπερβολὴν
1237 499 1434 553 εὐλαβείας
1463 506 1539 542 τῶν
1569 505 1771 554 διαφανῶν
1801 506 1868 544 καὶ

343 567 498 623 σφόδρα
523 573 590 621 τῆς
617 567 802 620 α’ληθείας
828 569 1130 620 ἐπιμελομένων,
1171 569 1397 622 διαπρέπων
1428 570 1468 610 ἐν
1490 574 1536 626 τῇ
1563 575 1631 622 τῆς
1656 573 1868 623 ἐπισκοπῆς

340 639 566 692 λειτουργίᾳ.
623 635 752 677 Πολλοὶ
773 639 895 689 δῆθεν
917 634 939 676 ὁ
959 639 1156 690 Μαρκίων
1178 635 1469 687 καθικετεύσας,
1490 638 1556 678 καὶ
1580 637 1737 691 αἰτήσας
1758 638 1866 690 μετά-

341 722 468 754 νοιαν,
501 703 572 745 οὔκ
597 707 727 756 εἴληφε
751 702 857 755 παρα,
881 708 950 744 τοῦ
975 706 1077 744 ἰδίου
1103 703 1268 756 πατρός·
1301 702 1425 752 πόνος
1445 704 1518 759 γαρ
1541 703 1613 758 εἶχε
1635 704 1701 746 τόν
1722 703 1869 755 ἀξιόλο-

1692 771 1744 786 ,Η

342 789 408 826 γον
429 773 589 826 γέροντα
612 774 678 813 καὶ
700 774 914 814 ἐπίσκοπον
937 771 994 813 ὅτι
1017 770 1065 812 οὐ
1089 770 1212 824 μόνον
1234 772 1407 820 ἐξέπεσεν
1429 774 1595 823 ἐκεῖνος,
1627 771 1691 813 ἄλλ
1721 791 1780 814 οτι
1803 775 1868 814 καὶ

341 838 444 895 αὐτῷ
469 838 510 881 τό
539 838 668 892 αἶσχος
695 841 841 894 ἔφερεν.
898 838 966 887 Ὡς
990 842 1121 880 τοίνυν
1145 838 1218 880 οὐκ
1241 841 1346 892 ἔτυχε
1371 838 1459 894 παρ’
1481 839 1601 881 αὐτοῦ
1626 839 1690 881 δια
1711 845 1780 893 τῆς
1801 857 1866 882 κο-

340 909 492 955 λακείας
521 902 577 948 ὧν
609 908 754 957 ἐδέετο,
800 906 852 959 μή
878 909 1009 961 φέρων
1034 906 1104 960 τὴν
1129 905 1205 948 ἀπὸ
1229 911 1304 948 τῶν
1326 910 1476 948 πολλῶν
1499 907 1634 961 χλεύην
1657 906 1868 963 ἀποδιδρά-

341 990 420 1016 σκει
449 980 516 1028 τῆς
547 975 693 1023 πόλεως
723 980 790 1028 τῆς
821 973 960 1028 αὐτῆς,
1000 976 1064 1015 καὶ
1089 974 1231 1016 ἄνεισιν
1256 977 1308 1024 εἰς
1332 974 1401 1028 τήν
1420 973 1568 1028 Ῥώμην
1591 974 1733 1028 αὐτὴν,
1775 975 1869 1028 μετα

339 1042 380 1084 τὸ
402 1048 621 1096 τελευτῆσαι
639 1042 792 1098 Ὑγῖνον
812 1042 880 1084 τὸν
902 1044 1114 1084 ἐπίσκοπον
1131 1040 1290 1095 Ῥώμης.
1355 1038 1481 1091 Οὗτος
1503 1044 1542 1084 δὲ
1565 1045 1696 1092 ἔνατος
1718 1039 1766 1096 ἦν
1790 1041 1867 1085 ἀπὸ

343 1112 498 1166 Πέτρου
528 1112 595 1152 καὶ
623 1111 784 1152 Παύλου
815 1116 893 1152 τῶν
917 1109 1152 1152 ἀποστόλων.
1214 1112 1291 1151 Καὶ
1319 1116 1399 1158 τοῖς
1425 1112 1479 1152 ἔτι
1504 1110 1739 1166 πρεσβύταις
1763 1127 1866 1165 περι-

341 1184 442 1231 οῦσι,
483 1180 547 1220 καὶ
573 1177 649 1220 ἆπὸ
673 1183 750 1220 τῶν
773 1183 962 1231 μαθητῶν
982 1183 1059 1219 τῶν
1083 1177 1308 1218 ἀποστόλων
1338 1183 1347 1206 ¹
1368 1176 1629 1231 ὁρμωμένοις,
1660 1177 1869 1233 συμβόλων

338 1246 418 1304 ᾔτει
439 1251 696 1299 συναχθῆναι,
719 1247 785 1287 καὶ
805 1245 934 1294 οὐδεὶς
953 1244 1057 1302 αὐτῷ
1077 1244 1363 1300 συγκεχώρηκε·
1389 1245 1486 1302 ζήλῳ
1505 1245 1644 1287 λοιπόν
1665 1247 1867 1300 ἐπαρθεὶς,

343 1313 395 1363 ὥς
416 1311 487 1356 οὔκ
508 1313 693 1366 ἀπείληφε
714 1313 783 1366 τὴν
803 1316 1013 1367 προεδρίαν
1034 1330 1072 1353 τε
1091 1314 1156 1354 καὶ
1178 1312 1247 1366 τήν
1268 1315 1434 1361 εἷ’ςδυσιν
1455 1318 1524 1366 τῆς
1543 1315 1758 1366 ἐκκλησίας,
1787 1315 1868 1356 ἐπι-

338 1388 421 1423 νοεῖ
446 1383 570 1439 ἑαυτῷ
600 1383 665 1422 καὶ
697 1380 932 1436 προςφεύγει
961 1385 1008 1438 τῇ
1038 1384 1108 1422 τοῦ
1139 1379 1361 1429 ἅπατεῶνος
1393 1382 1601 1435 Κέρδωνος
1631 1383 1782 1436 αἱρέσει.

455 1519 534 1558 Καὶ
557 1516 728 1570 ἄρχεται,
772 1516 824 1566 ὥς
847 1519 986 1567 εἰπεῖν,
1029 1518 1066 1566 ἐξ
1090 1515 1211 1570 αὐτῆς
1234 1520 1299 1569 τῆς
1322 1515 1440 1571 ἀρχῆς
1465 1519 1532 1557 καὶ
1555 1515 1607 1566 ὥς
1629 1515 1705 1559 ἀπὸ
1727 1522 1867 1573 θυρῶν

339 1590 413 1627 τῶν
434 1584 680 1638 ζητημάτων,
711 1588 925 1640 προτείνειν
945 1591 1026 1633 τοῖς
1048 1583 1130 1625 κατ’
1151 1586 1273 1626 ἐκεῖνο
1297 1590 1436 1638 καιροῦ
1457 1585 1733 1639 πρεσβυτέροις
1751 1590 1865 1627 τοῦτο

338 1652 379 1694 τό
404 1652 570 1706 ζήτημα,
610 1654 748 1708 λέγων,
789 1654 940 1695 Εἴπατέ
963 1670 1048 1705 μοι,
1090 1656 1124 1694 τί
1146 1654 1223 1694 ἐστι
1243 1651 1307 1702 τό,
1343 1651 1400 1692 Οὐ
1418 1651 1624 1704 βάλλουσιν
1647 1651 1756 1694 οἶνον
1778 1654 1865 1695 νέον

338 1723 390 1769 εἰς
412 1719 556 1770 α’σκοῦς
579 1720 786 1770 παλαιοὺς,
829 1719 920 1762 οὐδὲ
945 1722 1136 1773 ἐπίβλημα
1160 1720 1308 1772 ῥάκους
1333 1719 1516 1774 ἀγνάφου
1541 1721 1605 1761 ἐπὶ
1629 1722 1765 1778 ἱματίῳ
1792 1737 1864 1762 πα-

337 1794 449 1844 λαιῷ·
483 1791 517 1829 εἰ
535 1790 576 1829 δὲ
600 1788 652 1840 μή
675 1806 735 1842 γε,
767 1790 831 1830 καὶ
857 1787 897 1829 τό
922 1787 1111 1842 πλήρωμα
1134 1791 1233 1842 αἴρει
1253 1789 1317 1828 καὶ
1340 1792 1392 1844 τῷ
1413 1793 1564 1844 παλαιῷ
1587 1787 1635 1829 οὕ
1655 1787 1866 1842 συμφωνή-

337 1871 412 1897 σει·
444 1861 571 1908 μεῖζον
595 1855 666 1910 γαρ
689 1856 885 1911 γενήσεται
912 1859 1059 1908 σχίσμα.
1123 1857 1201 1896 Καὶ
1228 1853 1281 1904 αἷς
1304 1860 1415 1896 τοῦτο
1437 1854 1610 1907 ἤκουσαν
1633 1858 1672 1896 οἵ
1689 1857 1868 1905 ἐπιεικεῖς

338 1925 402 1965 καὶ
428 1922 612 1977 πανάγιοι
642 1928 711 1976 τῆς
741 1922 853 1977 α’γίας
876 1928 945 1965 τοῦ
970 1929 1070 1964 θεοῦ
1097 1925 1299 1976 ἐκκλησίας
1322 1922 1570 1978 πρεσβύτεροι
1595 1925 1659 1965 καὶ
1684 1922 1866 1964 διδάσκα-

337 1997 412 2042 λοι,
453 1990 521 2032 τόν
544 1995 611 2043 τῆς
635 1989 876 2038 ἀκολουθίας
901 1992 965 2031 καὶ
991 1989 1176 2045 ἁρμονίας
1200 1989 1452 2039 ἀποδιδόντες
1475 1989 1590 2045 λόγον
1611 1992 1676 2032 καὶ
1701 1990 1865 2045 φράζον-

337 2076 395 2108 τες
419 2057 521 2115 αὐτῷ
546 2056 638 2111 μετα
662 2059 865 2106 ἐπιεικείας
890 2060 1039 2113 ἔλεγον,
1086 2060 1251 2109 Τέκνον,
1291 2057 1405 2100 τοῦτό
1432 2060 1532 2100 ἐστιν
1557 2057 1670 2100 ἀσκοὶ
1694 2061 1864 2109 παλαιοὶ,

338 2130 381 2168 αἶ
401 2132 478 2168 τῶν
503 2129 728 2178 Φαρισαίων
751 2128 906 2180 καρδίαι
931 2128 996 2166 καὶ
1019 2128 1295 2180 γραμματέων,
1326 2131 1608 2167 παλαιωθεῖσαι
1632 2128 1672 2168 ἐν
1694 2124 1864 2180 ἁμαρτή-

339 2209 449 2247 μασι,
493 2195 559 2235 καὶ
590 2192 641 2246 μή
667 2193 869 2245 δεξάμεναι
897 2191 939 2233 τὸ
964 2193 1142 2248 κήρυγμα
1173 2199 1243 2235 τοῦ
1265 2192 1503 2248 εὐαγγελίου·
1543 2195 1608 2234 καὶ
1639 2192 1680 2235 τό
1713 2193 1866 2247 ἱμάτιον

337 2261 378 2304 τό
406 2261 590 2312 παλαιὸν,
634 2260 687 2309 οἷς
717 2259 739 2302 ὁ
761 2259 909 2309 Ἰούδας
930 2263 1170 2310 παλαιωθεὶς
1200 2263 1241 2303 ἐν
1267 2264 1502 2318 φιλαργυρία
1527 2260 1598 2303 οὐκ
1624 2263 1774 2311 ἐδέξατο
1798 2266 1866 2303 τοῦ

339 2335 476 2371 καινοῦ
497 2331 564 2371 καὶ
587 2327 698 2383 ἁγίου
721 2330 786 2369 καὶ
809 2330 1046 2382 ἐπουρανίου
1070 2331 1282 2384 μυστηρίου
1305 2328 1505 2384 κήρυγμα,
1536 2327 1578 2370 τό
1602 2334 1671 2382 τῆς
1694 2331 1864 2378 ἐλπίδος·

340 2401 405 2439 καί
433 2415 494 2439 τοι
524 2398 743 2448 συναφθεὶς
771 2402 852 2445 τοῖς
875 2398 1011 2438 ἕνδεκα
1035 2395 1266 2445 ἀποστόλοις
1294 2398 1360 2438 καὶ
1384 2398 1543 2449 κληθεὶς
1565 2394 1628 2437 ὑπ’
1651 2394 1770 2437 αὐτοῦ
1796 2401 1865 2438 τοῦ

340 2469 475 2519 κυρίου
500 2464 770 2519 περισσότερον
795 2467 933 2517 σχίσμα
955 2466 1036 2516 ἔσχε
1067 2463 1113 2505 δι’
1140 2466 1300 2514 ἑαυτοῦ,
1341 2463 1507 2517 μηδενός
1532 2462 1635 2520 αὐτῷ
1658 2465 1783 2505 αἰτίου
1808 2481 1865 2519 γε-

342 2534 527 2585 νομένου,
569 2531 703 2585 ἐπειδὴ
736 2530 761 2584 ἡ
787 2531 941 2573 διάνοια
966 2530 1086 2573 αὐτοῦ
1109 2531 1156 2573 οὕ
1178 2531 1462 2585 συμπεφώνηκε
1485 2537 1532 2589 τῇ
1554 2530 1632 2572 ἅνω
1655 2532 1779 2572 ἐλπίδι
1800 2533 1865 2572 καὶ

341 2602 558 2657 ἐπουρανίῳ
581 2599 710 2652 κλήσει
729 2605 807 2640 τῶν
825 2598 1036 2652 μελλόντων
1058 2598 1236 2653 α’γαθῶν,
1269 2599 1353 2640 ἀντὶ
1372 2605 1449 2641 τῶν
1469 2601 1641 2640 ἐνταῦθα
1659 2597 1865 2651 χρημάτων

340 2684 377 2708 τε
406 2669 470 2708 καὶ
499 2667 656 2720 κόμπου
685 2668 751 2708 καὶ
775 2669 906 2718 φιλίας
932 2669 1241 2720 παρερχομένης,
1285 2669 1437 2715 ἐλπίδος
1462 2683 1499 2707 τε
1521 2668 1587 2707 καὶ
1606 2664 1762 2718 ἡδονῆς.
1821 2665 1864 2707 Ὁ

341 2736 401 2784 δὲ,
449 2733 527 2787 Οὐχ
561 2734 703 2784 οὕτως,
745 2736 886 2787 φησὶν,
929 2732 1019 2774 ἄλλα
1052 2732 1143 2775 ἄλλα
1176 2737 1254 2777 ἐστὶ
1291 2734 1396 2789 παρα
1427 2739 1566 2782 ταῦτα,
1608 2731 1813 2787 ἀντιλέγων
1842 2732 1864 2775 ὁ

343 2805 558 2856 Μαρκίων,
591 2802 723 2855 ἐπειδὴ
745 2801 798 2854 μὴ
821 2800 1015 2854 ἠθέλησαν
1039 2800 1156 2843 αὐτὸν
1180 2804 1379 2852 δέξασθαι.
1447 2806 1567 2842 Τοῦτο
1591 2796 1660 2842 οὖν
1685 2806 1864 2855 φανερῶς

342 2867 475 2917 αὐτοῖς
498 2871 612 2923 ἔλεγε·
652 2873 696 2910 Τί
717 2869 768 2922 μή
790 2868 1005 2922 ἠθελήσατέ
1024 2886 1068 2922 με
1090 2868 1376 2920 ὑποδέξασθαι,-
1414 2873 1498 2910 Τῶν
1520 2869 1560 2909 δὲ
1580 2866 1766 2922 λεγόντων
1790 2868 1862 2918 ὅτι,

387 2960 460 2991 CAP.
481 2963 503 2992 1.
529 2981 569 2985 —
598 2963 625 2993 1.
648 2958 853 3003 ὁρμωμένοις
871 2964 952 2993 abest
971 2963 1009 2992 ab
1028 2963 1097 2993 edit.
1118 2964 1215 3001 princ.
1266 2964 1379 2994 Adiecit
1398 2963 1542 2993 Petavz'us
1562 2970 1599 2992 ex
1620 2962 1685 2992 cod.
1707 2962 1862 2994 Vaticano.
