2034 3267
484 160 663 195 PANARH
687 162 770 196 Lm.
788 164 813 195 1.
837 163 943 196 ΤοΜ.
962 165 1019 196 111.
1042 164 1299 198 HAER.XL11.
1579 161 1658 201 665

134 237 199 278 illo
226 245 396 294 tempore
422 239 601 296 deinceps
629 242 765 283 mulier
789 243 918 283 divino
944 245 1120 284 mandato
1146 244 1230 284 viro
1255 244 1428 286 subiecta
1457 259 1544 287 esse
1572 260 1660 287 coe-

135 306 256 360 perit,
303 314 340 346 et
369 307 403 347 id
428 315 581 349 secutus
605 310 801 364 apostolus
825 311 986 350 eandem
1010 311 1240 362 subiecerit,
1285 327 1356 352 nec
1379 313 1431 353 illi
1455 314 1550 365 deo,
1596 315 1657 368 qui

135 374 257 414 virum
291 375 545 430 feminamque
585 377 753 417 condidit
787 378 1018 418 contrarium
1053 379 1203 433 quidam
1234 382 1498 435 praeceperit,
1549 383 1658 437 plane

134 441 233 482 istud
258 442 422 493 indicat,
457 444 626 485 eiusdem
651 458 694 485 se
717 445 778 485 dei
804 446 1019 500 apostolum
1044 460 1088 486 ac
1111 447 1370 501 legislatorem
1394 463 1503 499 csse,
1538 463 1560 489 a
1584 464 1657 503 quo

132 510 199 550 lex
219 509 301 564 ipsa
320 519 507 566 vetusque
530 520 587 552 est
607 520 875 553 testamentum
897 527 1008 553 omne
1030 514 1259 565 derivatum,
1284 516 1344 555 cui
1363 530 1502 556 novum
1526 518 1655 567 etiam,

132 578 304 632 adeoque
333 586 532 634 utrumque
568 587 838 620 testamentum
872 579 985 620 tribui
1021 589 1217 635 oporteat,
1262 583 1360 636 quod
1392 584 1591 624 mulierem
1618 592 1658 624 ut

133 645 238 697 olim,
272 647 323 686 ita
346 654 384 687 et
404 662 519 698 nunc,
551 647 598 687 ob
618 648 716 702 piam
738 656 850 702 atque
872 648 1109 702 aequabilem
1137 651 1439 691 moderationem
1462 651 1546 692 viro
1568 652 1658 692 sub·

132 713 247 754 ditam
280 728 368 755 esse
399 715 620 770 praecipiat.

245 781 376 823 Schol.
402 782 503 824 XVI
534 790 572 823 et
595 781 755 823 XXIV.
803 781 863 823 De
892 785 1180 825 resurrectione
1212 793 1472 827 mortuorum:
1519 791 1656 828 Notum
1676 800 1857 834 1.c‹n-.15,1.

129 859 248 890 autem
270 853 507 905 vobe'ssaeio,
537 852 701 902 fratres,
736 853 985 902 evangelium,
1020 855 1119 904 quod
1130 857 1351 904 praedicavi
1368 857 1482 896 vobis.
1539 854 1653 908 Item,

130 921 179 958 Si
198 921 368 958 Christus
389 934 460 958 uon
481 922 711 965 resurreoeu,
759 922 880 958 inanis
904 927 973 958 ete.
1038 922 1103 959 Sic
1120 925 1400 972 praedii-amus,
1445 931 1483 962 et
1501 927 1555 963 sie
1578 939 1657 963 ere-

129 990 298 1026 de'dc'slzls:
345 989 521 1037 chom‘am
547 989 717 1025 Christus
741 995 908 1026 mortuus
929 996 988 1026 est
1006 996 1042 1026 et
1063 991 1248 1040 sepullus,
1293 998 1329 1029 et
1348 995 1563 1031 resurrexit
1583 1001 1655 1031 ler-

130 1058 181 1094 tia
209 1058 280 1094 dee.
346 1057 433 1094 Cum
464 1062 584 1094 autem
617 1057 771 1094 mortale
803 1057 871 1094 hoe
902 1058 1068 1095 induerit
1094 1060 1428 1106 z'mmortalilalem‚
1477 1068 1563 1099 lunc
1581 1062 1657 1112 fiel

127 1137 246 1162 sermo
260 1154 270 1170 ,
304 1126 371 1175 qui
395 1126 557 1174 scriptus
586 1131 662 1162 est:
695 1124 887 1175 Absarpla
917 1132 972 1162 est
1001 1139 1098 1163 mors
1128 1128 1165 1164 iu
1198 1129 1366 1165 zu'ctoria.

239 1189 371 1230 Resut.
397 1188 498 1230 XVI
520 1198 558 1230 et
581 1188 740 1231 XXIV.
789 1194 926 1230 Notum
947 1200 1067 1231 aulem
1088 1194 1188 1232 vobis
1200 1195 1303 1245 facio
1316 1226 1326 1243 ,
1356 1197 1513 1247 fraires,
1548 1211 1656 1236 evau-

123 1261 285 1310 gelt'um,
317 1261 416 1310 quod
433 1262 654 1310 praedicavi
675 1260 785 1298 vobis.
850 1257 895 1300 Si
919 1259 1121 1314 aliquande
1146 1263 1402 1314 praedicavit,
1437 1271 1474 1303 et
1495 1264 1655 1319 idipsum

127 1334 257 1367 notum
283 1327 388 1376 facit,
423 1326 565 1366 nullum
590 1326 740 1366 aliunde
764 1327 977 1368 derivatum
1001 1329 1243 1382 evangelium
1268 1338 1342 1380 est,
1375 1331 1498 1371 aliave
1524 1333 1655 1385 cogni-

127 1394 179 1434 tio
211 1401 365 1449 praeter
388 1408 500 1434 unam
529 1394 628 1434 illam
645 1427 654 1440 ,
701 1409 890 1449 unumque
915 1396 1028 1446 illud,
1072 1398 1170 1450 quod
1194 1397 1232 1437 in
1257 1405 1420 1452 quatuor
1442 1401 1654 1453 evangeliis

125 1469 165 1502 et
195 1462 379 1517 apostolis
412 1462 589 1502 omnibus
625 1463 776 1503 unicum
809 1470 881 1503 est.
950 1462 1016 1504 Ex
1047 1479 1121 1518 quo
1153 1463 1305 1506 Marcio
1337 1467 1547 1519 refellitur,
1592 1469 1653 1523 qui

124 1538 231 1570 tanto
262 1530 464 1571 intervallo
497 1530 707 1585 prodierit,
752 1531 929 1571 nimirum
963 1540 1049 1586 post
1081 1534 1236 1573 Aniceti
1266 1533 1434 1575 Romani
1466 1536 1653 1590 pontilicis

126 1605 300 1653 tempus,
346 1598 409 1652 qui
442 1598 487 1637 ab
513 1599 773 1653 apostolorum
803 1596 908 1639 Petri
940 1613 983 1639 ac
1010 1598 1118 1640 Pauli
1152 1601 1332 1655 passione
1363 1618 1486 1644 nonus
1520 1605 1654 1644 ordine

126 1673 364 1706 numeratur.
429 1663 622 1718 Quocirca
655 1674 695 1706 ut
726 1680 795 1706 nos
825 1667 924 1707 idem
951 1669 1214 1722 praemuniret
1241 1671 1459 1724 apostolus,
1503 1672 1649 1712 aiebat:

123 1737 287 1774 Etiamsi
307 1750 395 1780 uos,
440 1742 508 1773 aut
527 1737 682 1786 augelus
707 1738 1023 1786 evangelizaverit
1045 1738 1143 1775 vobis
1163 1746 1315 1789 praeter
1339 1754 1445 1790 quam
1470 1743 1568 1792 quod
1591 1756 1652 1780 ac·
1672 1753 1740 1780 Gal.
1762 1754 1784 1785 ι,
1803 1754 1827 1781 9.

124 1805 290 1854 cepistis,
325 1804 518 1841 anatliema
543 1806 603 1841 sit.
668 1801 800 1843 Sancti
824 1804 960 1858 quippe
985 1803 1144 1858 spiritus
1168 1805 1350 1846 instinctu
1374 1815 1537 1848 noverat
1560 1822 1652 1849 ven-

123 1877 249 1910 turum
283 1869 486 1923 aliquando
526 1884 610 1910 cum
645 1871 840 1925 discipulis
869 1869 1133 1922 Marcionem,
1178 1873 1241 1926 qni
1279 1875 1436 1929 egregie
1469 1876 1650 1916 munitam

123 1937 225 1978 viam
261 1937 476 1978 niterentur
510 1945 748 1993 pervertere.
812 1936 944 1992 Quare
977 1954 1052 1980 non
1087 1941 1223 1981 iterum
1257 1941 1376 1982 dixit:
1420 1946 1651 1996 Evangelizo

123 2007 243 2053 vobis,
291 2007 380 2056 sed,
428 2009 563 2045 Notum
596 2008 694 2045 vobis
712 2009 822 2060 jacio
852 2010 1101 2059 evangelium,
1150 2023 1224 2049 nou
1256 2009 1354 2050 aliud
1381 2011 1426 2050 ab
1453 2025 1498 2051 eo
1521 2012 1650 2066 utique

123 2074 222 2128 quod
244 2074 316 2113 iam
340 2074 559 2128 praedicavi
584 2074 692 2114 vobis
713 2089 757 2114 ac
781 2075 906 2115 denuo
928 2075 1037 2116 vobis
1059 2077 1096 2116 in
1121 2077 1344 2118 memoriam
1368 2093 1524 2120 revoco.
1572 2083 1650 2119 No-

125 2150 199 2180 tum
234 2143 333 2180 vobis
354 2144 461 2195 jacio
494 2157 649 2194 quanam
682 2147 825 2182 ratione
857 2146 1188 2195 evangelizaverint
1225 2147 1346 2193 vobis,
1392 2151 1429 2185 si
1456 2152 1647 2197 retinetis,-

121 2211 476 2263 nesisorlefi’zivtra
496 2213 717 2250 credulcsles.
770 2209 859 2251 Nisi
882 2211 981 2251 enim
1003 2213 1178 2252 retinetis
1201 2215 1516 2267 quemadmodum
1540 2230 1649 2270 prae-

122 2278 246 2318 dicavi
269 2277 402 2328 vobis,
437 2278 521 2318 sine
545 2278 608 2318 illo
632 2280 772 2318 frustra
797 2279 1028 2319 credidistis.
1091 2279 1175 2320 Hoc
1200 2282 1300 2321 enim
1325 2283 1497 2323 nuntiavi
1521 2284 1646 2335 vobis,

122 2343 319 2386 Christum
352 2360 417 2399 pro
450 2346 616 2401 peccatis
649 2346 792 2387 nostris
823 2347 1031 2388 secundum
1063 2348 1275 2403 scripturas
1300 2349 1442 2391 obiisse
1468 2359 1645 2404 mortem,

120 2427 166 2454 ac
186 2414 396 2454 secundum
422 2415 576 2454 easdem
604 2414 714 2454 tertia
738 2416 797 2455 die
822 2415 1110 2467 resurrexisse,
1147 2431 1221 2456 non
1249 2419 1457 2459 secundum
1481 2419 1645 2461 fabulam

122 2482 312 2536 aliquam,
347 2482 406 2522 vel
433 2495 563 2522 eorum
591 2482 803 2523 doctrinam
827 2484 889 2537 qui
910 2497 960 2524 ex
984 2497 1072 2524 sese
1097 2498 1192 2538 quae
1215 2486 1370 2526 minime
1393 2487 1535 2541 scripta
1559 2495 1648 2528 sunt

120 2551 331 2604 proferent.
387 2548 541 2591 Etenim
565 2548 694 2591 ludaei
718 2564 771 2591 ex
791 2565 877 2592 sese
899 2549 1096 2592 Christum
1116 2553 1338 2594 surrexisse
1358 2563 1514 2608 negant,
1538 2554 1644 2597 Mar-

120 2617 180 2658 cio
204 2632 247 2658 ac
271 2618 390 2657 ceteri
417 2617 573 2672 perinde
598 2631 649 2658 ex
672 2632 759 2658 sese
783 2620 911 2672 specie
935 2627 1046 2661 tenus
1072 2635 1159 2661 esse
1182 2635 1352 2676 passum,
1386 2636 1431 2662 ac
1455 2624 1643 2678 sepultum

119 2685 355 2740 praedicant.
405 2684 490 2739 Ego
514 2700 607 2726 vero
630 2700 681 2726 ex
700 2687 974 2742 scripturarum
997 2703 1067 2729 vos
1089 2688 1317 2729 auctoritate
1341 2690 1540 2732 confirmo.
1584 2693 1644 2733 Ac

121 2753 280 2794 subinde
304 2753 460 2794 scribit:
494 2756 542 2792 Si
558 2757 837 2805 praedicamus,
871 2765 907 2795 et
927 2760 981 2796 sic
1007 2760 1239 2796 credidistis:
1275 2760 1451 2808 Quoniam
1474 2762 1643 2801 Christus

122 2829 287 2861 mortuus
314 2830 371 2861 est
392 2830 427 2860 el
450 2824 634 2873 sepultus,
683 2831 720 2861 et
740 2828 952 2863 resurrexit
971 2828 1080 2863 tertia
1105 2828 1174 2864 die.
1238 2823 1290 2865 Et
1313 2826 1424 2879 paulo
1449 2835 1556 2881 post:
1601 2832 1648 2869 Si

120 2932 216 2954 unam
247 2929 279 2954 et
311 2923 393 2955 illud
420 2923 452 2954 in
485 2934 549 2966 qno
579 2923 776 2966 colloquitur
799 2936 856 2969 per
945 2923 1000 2960 64.
1029 2924 1190 2960 refluit-:ut
1222 2929 1292 2958 edic.
1314 2930 1412 2967 princ.
1461 2930 1573 2962 Vitium
1605 2940 1641 2963 ex

120 2973 259 3010 quatuor
281 2967 447 3011 evangelia
471 2975 504 3000 et
527 2968 703 3012 apostolos.
900 2974 966 3004 cod.
989 2973 1083 3004 Valic.
1107 2973 1228 3005 sustulit
1249 2974 1403 3006 petavius.
