2034 3267
466 187 641 219 PANAan
668 188 749 219 ΜΒ.
769 189 791 219 1.
816 188 980 220 TOM.11.
1005 188 1266 222 Hanaxxx.
1547 182 1617 220 271

108 265 344 307 Ossaeorum
368 265 518 305 haeresi
545 266 618 304 iam
650 273 738 306 ante
764 266 1055 320 disputavimus.
1118 266 1169 306 Et
1190 281 1288 307 nunc
1315 266 1439 307 obiter
1461 281 1507 308 ea
1538 283 1624 323 per-

106 332 355 380 strinximus,
390 346 437 371 ne
465 334 562 386 quod
593 348 710 387 penes
736 347 1039 387 unamquamque
1065 335 1257 374 nationem
1281 349 1325 374 ac
1347 342 1490 374 sectam
1514 350 1624 390 repe-

106 400 223 450 ritur,
266 399 302 439 id
333 400 363 439 si
394 401 431 440 in
455 400 538 439 aliis
564 415 713 454 quoque
744 408 991 450 cerneretur,
1034 402 1160 440 alieno
1192 402 1276 441 loco
1301 402 1625 455 per'oblivionem

107 474 444 507 commemoratum
477 475 646 521 putares.

217 533 321 588 Ergo
348 534 471 574 Ebion
507 534 658 574 tametsi
689 533 724 572 in
749 533 843 572 Asia
869 547 912 573 ac
936 532 1084 573 Romae
1113 548 1284 574 errorem
1314 549 1421 576 suum
1448 537 1622 578 dissemi-

107 602 280 651 naverit,
315 602 559 641 nihilominus
583 601 824 654 spinosorum
847 614 1003 640 suorum
1030 601 1244 654 germinum
1268 604 1536 658 stolonumque
1562 620 1625 646 ra·-

107 669 211 709 diees
244 683 294 708 ex
322 668 549 709 Nabathaea
581 675 695 720 atque
724 665 904 706 Paneade
936 668 1174 720 potissimum
1202 669 1337 717 trahit,
1383 685 1453 710 nec
1481 687 1555 713 non
1588 682 1625 714 et

106 735 318 776 Moabitide
341 735 629 788 Cocltabisque,
663 734 761 786 quod
782 732 1017 773 Basanitidis
1044 735 1219 788 oppidum
1242 743 1301 775 est
1325 743 1429 777 trans
1452 740 1622 793 Adraos,

107 811 143 843 et
168 804 204 843 in
226 804 349 843 insula
375 801 520 858 Cypro.
583 800 656 840 Est
680 800 750 839 hoc
771 799 844 839 illis
866 800 1021 853 insuper
1045 801 1081 840 in
1110 816 1216 841 more
1247 803 1434 856 positum,
1470 814 1509 846 ut
1534 809 1624 847 ado-

108 871 339 911 lescentulos
365 872 459 909 citra
487 875 672 908 maturam
693 874 857 906 aetatem
881 868 924 907 ad
949 869 1097 922 nuptias
1122 870 1365 923 compellant,
1397 872 1508 925 idque
1527 876 1622 915 adeo

108 953 128 977 a
157 939 350 991 magistris
374 942 559 991 potestate
585 936 699 974 facta.
761 934 916 974 Habent.
934 936 1032 974 enim
1055 937 1304 991 presbyteros
1326 951 1417 977 suos
1439 954 1483 979 ac
1510 955 1625 995 syna-

107 1019 228 1059 gogae
260 1005 464 1059 principes.
525 1001 626 1042 Nam
664 1015 901 1056 synagogam
942 1011 1155 1043 conventus
1188 1018 1279 1044 suos
1316 1019 1391 1044 non
1422 1008 1625 1049 ecclesiam

109 1073 317 1121 nominant,
350 1085 394 1110 ac
414 1067 557 1109 Christi
581 1069 702 1108 solum
727 1083 866 1108 nomen
890 1083 980 1123 prae
1003 1083 1045 1109 se
1074 1072 1215 1111 ferunt.
1259 1072 1397 1127 Neque
1419 1089 1513 1115 vero
1539 1078 1624 1117 unis

109 1141 293 1179 duntaxat
319 1137 458 1191 nuptiis
483 1136 686 1176 affinitates
712 1135 814 1176 inter
833 1151 874 1176 se
896 1138 1155 1190 coniungunt,
1189 1141 1256 1180 sed
1278 1142 1309 1180 si
1332 1141 1391 1181 cui
1417 1142 1622 1183 divortium

109 1208 231 1246 facere
254 1203 428 1254 libuerit,
466 1218 509 1243 ac
531 1218 670 1243 novum
697 1203 794 1243 inire
821 1204 1119 1255 matrimonium,
1152 1208 1198 1246 ad
1222 1209 1356 1248 tertias
1378 1216 1417 1248 et
1441 1211 1623 1264 septimas

108 1287 225 1326 usque
248 1272 398 1326 nuptias
420 1271 658 1325 permittunt.
701 1270 863 1324 Quidvis
887 1272 986 1311 enim
1010 1274 1106 1326 apud
1129 1273 1214 1314 illos
1240 1288 1356 1328 agere
1382 1279 1620 1318 conceditutx

106 1339 227 1379 Porro
254 1339 490 1378 Abraamum
515 1345 553 1378 et
574 1337 745 1378 lsaaeum
774 1353 818 1378 ac
848 1337 1042 1389 lacobum,
1075 1347 1113 1379 et
1135 1339 1327 1396 Moysen,
1361 1351 1474 1397 atque
1497 1345 1624 1385 Aaro-

105 1420 189 1446 nem
216 1405 441 1455 admittunt,
476 1420 548 1445 una
571 1420 654 1445 cum
682 1404 790 1456 lesu,
825 1407 885 1459 qui
911 1405 1063 1460 Moysis
1090 1408 1279 1448 duntaxat
1303 1424 1522 1462 successor,
1556 1427 1624 1453 ne-

105 1488 176 1529 que
202 1473 400 1528 quiequam
427 1473 587 1526 amplius
616 1474 743 1513 fuerit.
807 1472 1025 1514 Secundum
1052 1475 1121 1514 hos
1149 1477 1289 1515 nullum
1312 1477 1425 1517 alium
1456 1493 1506 1519 ex
1537 1495 1624 1535 pro-

104 1542 226 1596 phetis
249 1541 482 1591 adsciscunt,
517 1540 581 1580 sed
606 1555 688 1580 cum
713 1542 962 1582 execratione
987 1543 1231 1596 proscribunt
1251 1558 1295 1583 ac
1317 1545 1509 1599 derident,
1535 1555 1622 1601 puta

108 1609 291 1649 Davidem
319 1615 358 1648 et
377 1607 624 1648 Salomonem
650 1616 763 1662 atque
788 1607 945 1659 lsaiam,
981 1609 1232 1660 Hieremiam,
1267 1610 1484 1663 Danielem,
1518 1614 1621 1656 Eze-

105 1677 288 1726 chielem,
323 1675 545 1729 quibuscum
572 1675 695 1715 Ellam
725 1684 838 1730 atque
862 1676 1055 1717 Elisaeum
1083 1677 1296 1731 repudiant.
1357 1678 1495 1734 Neque
1519 1685 1619 1723 enim

105 1744 254 1783 illorum
283 1742 476 1783 vaticiniis
502 1742 788 1792 assentiuntur,
829 1744 895 1783 sed
928 1744 974 1784 iis
1006 1745 1369 1787 maledicentissime
1393 1749 1618 1802 detrahun13

105 1812 170 1851 sed
198 1825 320 1864 neque
348 1810 447 1850 aliud
483 1818 635 1865 praeter
663 1810 901 1865 evangelium
936 1812 1140 1866 recipiunt.
1203 1811 1313 1865 Quod
1347 1815 1394 1854 ad
1425 1813 1620 1858 Christum

105 1885 273 1933 spectat,
315 1878 491 1918 veritatis
526 1878 624 1917 hunc
662 1892 749 1917 esse
780 1879 1000 1932 prophetam
1033 1880 1226 1930 sentiunt,
1270 1888 1309 1921 et
1333 1879 1528 1924 Christum
1561 1886 1620 1926 dei

105 1946 220 1986 filium
244 1947 518 2000 progressione
544 1945 702 1998 quadam
726 1945 877 1985 virtutis
902 1953 940 2000 et
962 1946 1233 1988 coniunctione
1255 1962 1338 1988 eum
1366 1950 1436 1990 deo
1461 1952 1616 2003 factum,

107 2021 295 2067 quatenus
330 2013 375 2052 ad
406 2012 583 2052 sublimia
617 2013 873 2066 coelestiaque
899 2021 1105 2067 provectus
1144 2022 1217 2055 est.
1278 2015 1494 2072 Prophetas
1525 2034 1619 2061 vero

106 2094 181 2120 non
212 2080 412 2130 veritatis,
456 2080 521 2120 sed
555 2080 829 2133 intelligentiae
859 2094 945 2120 esse
977 2082 1182 2136 prophetas
1214 2083 1462 2126 arbitrantur.
1522 2085 1620 2127 Pro-

105 2146 193 2187 inde
216 2146 343 2188 lesum
370 2148 492 2188 solum
522 2147 742 2201 prophetam
771 2154 809 2186 et
831 2147 1043 2199 hominem,
1078 2150 1213 2203 deique
1239 2151 1353 2191 filium
1387 2167 1496 2203 esse,
1530 2155 1619 2195 lieet

105 2228 234 2255 merus
262 2215 373 2255 homo
406 2215 476 2265 sit,
518 2222 559 2254 ut
589 2215 663 2253 iam
697 2214 877 2256 diximus,
939 2214 1015 2269 Qui
1046 2217 1093 2256 ob
1127 2218 1320 2271 egregiam
1349 2220 1526 2260 virtutem
1559 2222 1618 2262 dei

104 2281 203 2321 filius
239 2282 420 2336 appellari
458 2282 657 2322 meruerit.
717 2281 856 2336 Neque
891 2297 984 2324 vero
1008 2282 1159 2338 Moysis
1184 2283 1484 2327 pentateuchum
1518 2290 1616 2330 inte-

104 2362 210 2402 gram
241 2349 464 2400 admittunt,
511 2350 577 2389 sed
609 2349 790 2402 quaedam
825 2352 943 2390 verba
970 2351 1301 2392 circumscribunt.
1364 2351 1475 2406 Quod
1506 2357 1538 2396 si
1569 2358 1615 2398 de

105 2429 173 2455 esu
194 2417 445 2456 animatorum
476 2416 564 2456 illud
588 2416 766 2465 obiicias,
800 2431 867 2457 cur
888 2418 1105 2459 Abraamus
1129 2419 1286 2459 vitulum
1315 2435 1398 2460 cum
1426 2422 1523 2463 lacte
1547 2438 1615 2464 an-

105 2483 200 2536 gelis
231 2484 474 2538 adposuerit,
516 2490 576 2523 aut
607 2497 675 2522 cur
696 2482 870 2524 Noe’mus
904 2486 966 2525 illa
998 2487 1230 2537 comederit,
1275 2495 1312 2527 et
1342 2489 1523 2531 divinitus
1553 2506 1613 2531 re-

106 2564 287 2604 sponsum
316 2551 531 2605 acceperit:
574 2554 701 2589 Maeta
730 2559 766 2589 ec
796 2555 996 2592 manduca.-
1040 2553 1178 2607 quidve
1211 2554 1369 2608 insuper
1391 2555 1545 2599 isaacus
1576 2567 1614 2600 et

106 2615 268 2657 lacobus
290 2632 334 2657 ac
350 2616 512 2672 Moyses
534 2618 708 2657 similiter
727 2618 764 2657 in
789 2620 992 2660 solitudine
1016 2621 1334 2672 sacrificaverint,
1364 2632 1478 2677 negat
1494 2623 1613 2666 Ebio-

107 2685 182 2724 nita
205 2698 247 2725 se
264 2685 345 2725 -ittis
368 2686 540 2734 credere,
575 2692 634 2734 et,
668 2685 753 2738 quid
776 2700 858 2726 mea
883 2688 1017 2738 refert,
1049 2688 1238 2741 inquiunt,
1272 2690 1332 2729 ubi
1358 2692 1475 2731 semel
1497 2706 1613 2734 evan-

107 2752 244 2803 gelium
270 2753 425 2792 allatum
448 2759 527 2802 est,
562 2765 658 2805 quae
690 2752 725 2791 in
755 2753 840 2806 lege
872 2756 1116 2795 eontinentur
1145 2756 1354 2797 evolvere?
1411 2757 1610 2801 Undenam

108 2816 222 2871 igitur
242 2826 350 2859 tenes
377 2833 474 2873 quae
500 2820 545 2859 ad
568 2818 734 2873 Moysen
751 2821 1057 2876 Abraamumque
1080 2823 1298 2877 pertinent?
1327 2823 1432 2865 Novi
1460 2828 1560 2867 enim
1589 2843 1611 2869 a

108 2963 191 2993 ritate
209 2964 272 2995 cod.
287 2965 393 3004 Vatic„
417 2966 496 2996 unde
511 2974 547 2995 ca
566 2966 676 3004 recepit
690 2966 841 2998 Pelavius.
889 2969 923 3000 ln
946 2969 1015 2999 edit.
1037 2970 1134 3008 princ.
1157 2972 1184 3001 et
1206 2971 1271 3002 cod.
1290 2971 1415 3012 Rhedig.
1439 2974 1557 3006 absunt.

1681 547 1746 591 Cap

1670 593 1747 627 XVl

1752 574 1762 625 i
1771 596 1791 627 t.
