2034 3267
1579 132 1658 173 583

1676 229 1761 256 Rom.
1774 230 1816 265 10,
1835 231 1859 258 4.

489 141 666 175 PANARII
691 142 772 174 LIB.
792 143 815 175 I.
837 141 945 175 TOM.
964 142 1020 174 III.
1043 141 1173 174 HAER.
1193 141 1301 173 XLII.

247 220 339 262 VII.
384 224 488 261 Finis
518 226 610 261 enim
642 225 736 273 legis
767 225 937 262 Christus
965 225 1015 261 ad
1043 224 1220 260 iustitiam
1251 224 1352 260 omni
1379 223 1554 260 credenti.

250 355 359 397 VIII.
405 360 478 407 Qui
503 361 596 397 enim
629 360 757 409 diligit
778 361 1010 409 prou-imum,
1046 360 1162 407 legem
1193 359 1366 408 implevit.
1680 365 1806 400 Cap.13‚
1817 367 1842 394 8.

292 494 347 525 AD
376 492 814 526 THESSALONICENSES
842 493 883 532 I.,
920 492 1038 531 QUAE
1064 492 1143 523 EST
1167 492 1284 523 APUD
1308 492 1391 523 Nos
1418 493 1502 524 VIII.

433 549 482 581 Ad
507 549 814 582 Thessalonicenses
838 549 901 587 11.‚
926 559 1008 590 quae
1033 554 1082 578 est
1105 547 1191 590 apud
1216 559 1274 579 nos
1299 549 1357 579 lx.

590 604 640 636 Ad
666 604 822 648 Ephesios
846 605 937 644 VII.,
965 603 1052 646 apud
1077 615 1136 635 uos
1160 605 1200 634 V.

246 686 278 727 I.
321 689 504 725 Mentores
530 693 663 731 estote,
709 686 807 736 quod
828 686 1027 735 aliquando
1052 697 1113 721 vos
1136 686 1250 721 eratis
1271 691 1424 734 gentes,
1469 688 1537 736 qui
1557 688 1654 725 dice·
1674 693 1842 730 Eph.2‚11.

134 757 274 794 bamini
284 757 532 806 praeputium,
566 754 612 791 ab
634 767 676 790 ea
695 766 787 804 quae
804 754 942 790 decitur
963 753 1194 789 circumcisio
1217 754 1254 789 in
1274 765 1386 790 carne
1410 755 1652 805 manufacta.

131 825 262 862 Eratis
285 824 349 861 illo
373 825 409 860 in
433 829 591 872 tempore
608 823 688 858 sine
709 822 879 866 Christo,
923 821 1080 857 alienati
1094 833 1115 857 α
1137 822 1413 857 conversatione
1437 822 1578 867 Israel,
1622 829 1659 859 et

131 893 291 942 hospites
314 896 608 928 testamentorum
626 890 904 939 promissionis,
939 902 1035 938 spem
1055 901 1127 925 non
1148 887 1322 925 habentes
1334 917 1343 934 ,
1379 894 1415 924 et
1434 890 1513 926 sine
1534 890 1600 926 deo
1619 891 1657 927 in

132 960 277 997 mundo.
339 959 449 995 Nunc
477 963 597 994 autem
627 958 664 994 in
689 957 836 994 Christo
859 956 943 993 Iesu
973 969 1036 993 vos
1066 958 1133 1006 qui
1154 957 1353 1006 aliquando
1383 957 1498 993 eratis
1529 957 1651 1007 longe,

128 1028 226 1077 facti
247 1028 333 1064 estis
351 1039 467 1076 prope
490 1027 526 1062 in
551 1026 733 1074 sanguine
755 1026 883 1074 ipsius.
947 1025 1030 1074 Ipse
1061 1026 1154 1061 enim
1178 1037 1259 1074 paoe
1287 1030 1416 1061 nostra
1427 1053 1438 1070 ,
1483 1026 1550 1074 qui
1568 1025 1661 1075 fecit

132 1102 288 1145 utraque
318 1107 427 1131 unum
459 1100 527 1130 etc.

242 1160 293 1200 II.
340 1158 432 1199 Ideo
464 1159 575 1199 dicit:
611 1162 735 1208 Surge
764 1161 831 1211 qui
856 1162 1015 1206 dormis,
1051 1166 1086 1197 et
1116 1159 1340 1198 illuminabit
1366 1167 1399 1197 te
1431 1161 1613 1198 Christus.
1673 1171 1843 1207 Cap.5‚14.

239 1295 312 1336 III·
358 1299 515 1348 Propter
538 1298 607 1334 lzoc
631 1298 817 1347 relinquet
837 1298 942 1334 leomo
959 1303 1102 1347 patrem
1127 1309 1232 1334 suum
1244 1325 1254 1342 ,
1299 1303 1335 1334 et
1360 1303 1512 1333 matrem
1532 1310 1649 1343 suam,
1673 1307 1747 1335 lhid.
1765 1309 1806 1336 31.

128 1372 164 1403 et
192 1365 406 1403 adhaerebit
443 1367 576 1411 umori,
625 1372 660 1402 et
699 1371 809 1402 erunt
844 1366 915 1402 duo
952 1366 989 1402 in
1021 1378 1168 1402 carnem
1201 1377 1329 1410 unam,
1380 1364 1530 1417 dempta
1560 1377 1657 1404 voce

133 1435 261 1471 Uxori.

459 1568 516 1599 AD
544 1566 841 1598 COLOSSENSES
869 1568 975 1606 VIII.‚
1002 1568 1117 1599 APUD
1143 1567 1226 1599 NOS
1251 1568 1323 1600 VII.

240 1646 273 1687 I.
317 1650 430 1687 Nemo
452 1662 541 1699 ergo
563 1662 623 1686 vos
645 1650 781 1686 iudz'cet
800 1650 836 1686 in
863 1648 963 1694 cibo,
998 1656 1035 1686 et
1050 1656 1163 1699 potu,
1197 1655 1265 1686 aut
1284 1650 1321 1686 in
1338 1654 1450 1698 purte
1472 1650 1558 1694 diei,
1589 1655 1655 1686 aut
1673 1659 1774 1692 com,
1789 1660 1827 1688 16.

127 1719 355 1763 neomeniae,
390 1724 457 1754 aut
484 1717 741 1761 sabbatorum,
776 1717 874 1767 quod
901 1722 957 1754 est
986 1717 1116 1754 umbra
1133 1717 1368 1768 facturorum.

216 1853 272 1882 AD
294 1851 590 1883 PHILEMONEM
616 1852 698 1889 IX.,
725 1852 844 1890 QUAE
870 1852 986 1883 APUD
1011 1852 1094 1883 NOS
1122 1853 1201 1884 EST
1224 1853 1338 1891 XIII.‚
1367 1851 1452 1883 VEL
1476 1851 1567 1883 XIV.

559 1907 608 1938 Ad
632 1907 858 1951 Philippenses
881 1908 946 1948 X„
972 1908 1059 1951 apud
1083 1920 1142 1940 nos
1163 1909 1217 1939 VI.

704 1964 755 1996 Ad
779 1964 985 1997 Laodicenos
1009 1965 1069 1996 XI.

245 2047 344 2084 Unus
374 2047 561 2091 dominus,
608 2058 679 2083 una
697 2046 819 2096 fides,
864 2060 974 2084 unum
1006 2046 1206 2096 baptisma,
1252 2061 1346 2085 unus
1375 2049 1463 2085 deus
1488 2053 1525 2084 et
1544 2052 1654 2096 pater
1673 2051 1749 2088 Eph.
1768 2051 1794 2087 4,
1812 2052 1837 2079 5.

127 2116 304 2159 omnium,
338 2115 406 2164 qui
423 2120 480 2151 est
506 2127 618 2163 super
648 2115 787 2159 omnia,
822 2121 858 2151 et
883 2128 953 2164 per
983 2116 1123 2161 omnia,
1158 2122 1196 2152 ct
1224 2117 1261 2153 in
1291 2115 1470 2153 omnibus.

384 2248 444 2279 EX
471 2248 682 2280 EPISTOLA
709 2249 765 2279 AD
793 2248 994 2281 GALATAS
1019 2251 1063 2288 J.‚
1090 2250 1206 2280 APUD
1233 2249 1315 2280 NOS
1342 2250 1397 2281 IV.

238 2327 269 2367 I.
315 2330 453 2366 Discite
478 2335 619 2373 autem,
662 2331 748 2379 quia
771 2331 890 2367 iustus
917 2344 965 2367 ea:
976 2331 1061 2380 fide
1088 2332 1187 2368 vivit.
1253 2332 1438 2381 Quotquot
1463 2332 1557 2368 enim
1582 2329 1651 2367 sub
1670 2335 1833 2371 Ga1.3,11.

852 2398 926 2446 Qui
951 2405 1071 2436 atatem
1091 2399 1235 2449 fecerit
1265 2400 1357 2444 ista,
1392 2401 1487 2436 vivet
1514 2399 1552 2436 in
1582 2399 1647 2436 ez’s.

1195 2467 1269 2515 Qui
1286 2473 1404 2504 autem
1428 2480 1476 2503 ex·
1492 2468 1651 2516 promis-
1667 2472 1742 2543 Ιὲιὲιέ.
1758 2474 1826 2535 {223

1740 2528 1746 2534 .
1776 2530 1784 2543 ,
1830 2527 1836 2532 .

126 2399 207 2447 lege
231 2404 338 2442 sunt,
371 2396 440 2434 sub
467 2397 658 2433 maledicto
687 2404 786 2434 sunt.

238 2462 288 2504 II.
331 2466 554 2502 4‘IIaledic-tus
579 2466 694 2502 omnis
717 2467 784 2514 qui
797 2467 933 2515 pendet
954 2469 991 2504 in
1013 2467 1129 2516 ligno.

124 2535 226 2571 sione
254 2539 328 2578 est,
364 2546 411 2569 ez·
442 2532 570 2569 libera.

168 2632 221 2665 35.
247 2632 290 2671 ἐν,
312 2634 393 2673 quod
409 2634 601 2664 desideratur
619 2635 651 2663 in
667 2634 736 2664 edit„
751 2635 862 2673 princ„

124 2680 270 2710 Petamus
292 2688 330 2709 ex
353 2680 418 2710 cod.
443 2680 538 2709 Vane.
562 2679 701 2708 restituit.

167 2722 220 2755 35.
238 2720 379 2765 τετάρτη
401 2722 458 2756 καὶ
476 2720 591 2764 πρώτη
612 2724 703 2762 plane
718 2725 866 2763 scripturn

123 2769 232 2807 legitur
248 2770 279 2799 in
301 2770 367 2799 cod.
386 2769 511 2808 Rhediy.
546 2769 691 2799 petavius
708 2769 790 2800 istud
809 2768 866 2801 καὶ

124 2809 153 2845 α’
178 2813 341 2844 delendum
369 2815 492 2845 censuit.
540 2814 688 2852 Equidem
712 2815 865 2845 subscribo

125 2859 188 2887 ems
207 2859 330 2889 iudicio.
365 2860 431 2890 Nisi
453 2860 532 2889 enim
553 2859 655 2888 omnia
677 2866 723 2888 me
741 2858 865 2898 fallunt,

124 2902 368 2934 additamentum
386 2904 465 2934 illud
484 2901 541 2935 καὶ
557 2899 599 2942 α’,
619 2904 680 2933 sive
699 2901 756 2934 καὶ
775 2901 863 2944 πρώ-

123 2957 185 2987 τη,
206 2948 376 2986 profectum
398 2951 440 2979 est
460 2957 480 2979 α
501 2949 672 2987 mayistello
693 2949 797 2987 aliquo
819 2950 863 2979 ad

909 2637 1048 2667 ordinem
1062 2637 1227 2675 Apostolici
1242 2644 1322 2673 eum,
1341 2643 1429 2674 quem
1445 2636 1529 2675 infra
1549 2637 1580 2667 in
1597 2636 1652 2667 Re-

912 2682 1060 2720 futatione
1083 2683 1122 2712 ab
1146 2683 1212 2720 ipso
1232 2681 1408 2719 Epiphanio
1427 2682 1547 2712 servari
1566 2682 1653 2712 vide-

911 2729 975 2764 ret,
1008 2727 1040 2757 id
1062 2730 1104 2756 est
1124 2727 1310 2763 Marcionis,
1340 2726 1536 2764 rewthente,
1563 2729 1653 2766 atque

910 2773 1004 2801 verba
1021 2767 1096 2811 παρ’
1113 2767 1194 2811 ἡμῖν
1212 2779 1272 2800 non
1293 2771 1329 2801 de
1353 2770 1534 2801 Christianis
1553 2771 1653 2801 ortho-

911 2816 1011 2847 doxae
1040 2817 1198 2853 ecclesiae,
1232 2815 1286 2846 sed
1318 2816 1354 2846 de
1383 2816 1449 2854 ipso
1477 2817 1652 2855 Epiphanio

911 2862 1134 2900 interpretante.

954 2905 1007 2938 37.
1032 2903 1223 2946 ἐλευῖῐερίας
1246 2905 1342 2936 edidit
1365 2906 1543 2945 Carnarius,
1566 2909 1598 2937 at
1619 2908 1651 2938 in

908 2952 1044 2982 versione
1062 2951 1176 2981 Latina
1194 2952 1332 2990 scripsit:
1357 2961 1414 2992 per
1436 2950 1569 2984 {Iberum
1590 2957 1649 2983 est.
