2034 3267
221 1561 306 1604 Κεφ.

333 1559 361 1605 το,

397 202 419 241 S
915 202 1137 236 EPIPHANII
1160 202 1396 234 RESPONSIO

396 286 574 338 κλησίας,
605 285 821 338 συγγνῶναι
841 278 937 332 ’ἡμῖν
959 277 1192 333 ἀνθρώποις
1213 272 1321 327 οῦσι,
1357 279 1424 319 καὶ
1446 280 1539 332 μετά
1562 280 1689 323 πόνου
1711 283 1778 322 καὶ
1803 280 1917 334 ζήλου

397 356 538 393 θεῖκοῦ
564 348 900 402 φιλοτιμουμένοις
929 344 1027 400 ὑπὲρ
1051 347 1275 397 θεοσεβείας
1297 343 1572 399 οἷπολογεῖσθαι
1605 346 1779 400 1Ἰησοῦ,
1822 352 1858 390 εἴ
1882 366 1918 390 τι

397 417 616 471 ’ὑπέρογκον
647 416 699 462 εἰς
727 411 820 454 αὐτὸ
849 411 891 455 τό
922 412 1114 468 πανάγιον
1140 413 1207 454 καὶ
1238 411 1527 464 πανσεβάσμιον
1556 413 1677 468 ὄνομα
1703 415 1918 468 θελήσομεν

397 484 495 527 κατὰ
521 483 593 535 τήν
626 483 761 522 2ἰδίαν
781 479 947 533 δύναμιν
970 478 1369 534 ὖπεραπολογεῖσθαι,
1407 484 1477 520 τοῦ
1506 486 1606 521 θεοῦ
1629 488 1918 536 συγχωροῦντος

397 551 444 592 τοὶ
466 549 564 601 ὑπὲρ
588 547 753 601 δύναμιν
775 545 870 600 ἡμῖν
891 549 1122 600 ἐκζητοῦσιν.
1171 545 1328 600 Ἐπειδὴ
1353 545 1401 587 δι’
1425 545 1613 599 άλήθειαν
1634 547 1725 600 ἡμῖν
1747 548 1769 591 ὁ
1789 549 1917 604 λόγος,

398 619 465 659 καὶ
497 615 544 656 δι’
568 614 764 669 εὐσέβειαν
794 613 822 668 ἦ
844 618 1093 669 πραγματεία.
1154 615 1234 654 Καὶ
1261 616 1315 655 ἔτι
1339 613 1614 668 παρακλήθητε
1649 617 1746 656 3ἒᾶν
1777 619 1814 657 εἴ
1840 634 1917 657 που

398 683 562 737 εὕροιτε,
602 686 728 724 καίτοι
748 699 789 737 γε
813 681 865 735 μή
890 683 930 723 ἐν
952 683 1036 723 ἔθει
1057 680 1172 730 ὄντας
1197 681 1445 734 ἐπισκήπτειν
1464 680 1569 730 τινας
1591 681 1617 734 ἢ
1640 683 1916 737 ἐπισκωμματί-

397 755 492 801 ζειν,
531 748 596 791 διοὶ
620 750 661 791 δὲ
688 748 756 791 τὸν
779 748 879 804 πρὸς
902 748 971 797 τάς
991 750 1155 803 αἱρέσεις
1178 754 1309 801 ζῆλον,
1348 750 1415 790 καὶ
1437 751 1489 797 εἰς
1511 747 1739 802 οἷποτροπήν
1760 756 1837 791 τῶν
1859 752 1916 792 ε’ν-

397 816 682 872 τυγχανόντων,
724 819 760 858 εἷ’
778 834 855 858 που
883 815 1191 870 παροξυνόμενοι
1222 817 1394 868 λέξομεν,
1425 814 1451 869 ἢ
1474 814 1701 864 άπατεῶνάς
1723 834 1828 865 τινας
1851 835 1919 859 κα·

396 889 571 935 λοῦντες,
611 883 637 937 ἢ
665 883 855 939 άγύρτας,
895 883 922 936 ἢ
951 883 1124 932 άθλίους.
1181 881 1293 935 Αὗτή
1323 881 1395 937 γάρ
1427 881 1453 936 ἦ
1479 882 1626 937 άνάγκη
1657 881 1683 935 ἡ
1705 882 1804 936 πρὸς
1827 883 1920 932 τοῦς

396 951 535 1007 λόγους
554 956 622 993 τοῦ
645 950 795 1006 άγῶνος
815 950 1097 1005 παρασκευάζει
1124 949 1217 1003 ἡμῖν
1245 948 1313 991 τόν
1341 955 1520 991 τοιοῦτον
1552 953 1714 1004 ἱδρῶτα,
1747 949 1794 991 δι’
1825 949 1918 993 άπο-

397 1018 546 1074 τροπὴν
575 1023 653 1061 τῶν
686 1017 1013 1073 ἐντυγχανόντων,
1053 1019 1120 1058 καὶ
1152 1017 1260 1065 ’ὅπως
1287 1019 1457 1070 δείξομεν
1487 1022 1681 1066 παντελῶς
1705 1017 1917 1072 ἀπηγορευ-

399 1088 518 1139 μένας
548 1090 617 1127 τοῦ
649 1084 836 1139 ἡμετέρου
869 1084 1120 1138 φρονήματος
1147 1083 1216 1132 τοὶς
1244 1087 1398 1126 ἐκείνων
1432 1086 1610 1137 ἐργασίας
1641 1087 1706 1125 καὶ
1731 1085 1921 1140 μυστήρια

399 1155 465 1195 καὶ
493 1156 759 1203 διδασκαλίας,
798 1151 847 1194 ἵν’
878 1151 955 1193 άπὸ
988 1157 1065 1193 τῶν
1089 1151 1212 1206 λόγων
1245 1153 1311 1192 καὶ
1338 1156 1406 1204 τῆς
1435 1150 1654 1204 4όξύτητος
1681 1157 1750 1205 τῆς
1775 1151 1919 1194 άντιλο-

398 1223 484 1276 γίας
511 1222 578 1262 καὶ
615 1218 658 1261 τὸ
690 1218 875 1274 ἡμέτερον
906 1220 1127 1273 ἐλευθέριον
1159 1217 1442 1271 άποδείξωμεν,
1483 1222 1548 1259 καί
1579 1236 1691 1266 ,τινας
1730 1217 1808 1261 άπὸ
1842 1225 1921 1261 τῶν

400 1286 528 1329 αὐτῶν
557 1289 788 1340 ἐκκλίνωμεν
815 1288 882 1328 καὶ
911 1285 976 1327 δια
1004 1291 1082 1327 τῶν
1112 1284 1336 1327 δοκούντων
1366 1286 1592 1340 βαρυτέρων
1620 1284 1756 1340 λόγων.

511 1558 590 1597 Καὶ
614 1558 716 1598 ἔστιν
747 1558 788 1598 ἐν
818 1560 865 1613 τῇ
895 1554 1001 1612 πάσῃ
1022 1557 1262 1611 πραγματεία
1295 1553 1360 1596 διά
1389 1559 1467 1596 τῶν
1490 1557 1781 1610 προειρημένων
1805 1561 1921 1611 τριῶν

398 1627 578 1677 βιβλίων,
619 1624 777 1677 πρώτου
815 1625 881 1664 καὶ
917 1623 1098 1676 δευτέρου
1135 1623 1203 1663 καὶ
1236 1625 1389 1676 τρίτου,
1432 1621 1542 1663 ἅτινα
1580 1626 1666 1677 τρία
1704 1626 1832 1676 βιβλία
1869 1626 1923 1672 εἷς

398 1690 493 1732 ἑπτά
525 1690 669 1744 τόμους
699 1694 895 1743 διείλομεν.
952 1688 1018 1730 Ἑν
1047 1690 1088 1730 δὲ
1122 1690 1268 1746 ἑκάστῳ
1302 1689 1407 1747 τόμῳ
1441 1688 1612 1744 άριθμός
1651 1709 1707 1739 τις
1739 1692 1922 1746 αἱρέσεων

397 1760 465 1800 καὶ
496 1757 712 1811 σχισμάτων
733 1760 915 1813 ἔγκειται·
959 1755 1056 1809 ὁμοῦ
1088 1758 1129 1798 δὲ
1160 1759 1202 1797 αἱ
1227 1760 1349 1798 πᾶσαί
1379 1759 1472 1798 εἰσιν
1498 1756 1756 1812 ὀγδοήκοντα,
1796 1753 1850 1799 ὧν
1882 1760 1924 1798 αἱ

400 1824 603 1878 ὀνομασίαι
635 1827 702 1866 καὶ
732 1827 775 1866 αἱ
808 1823 1025 1877 προφάσεις
1054 1819 1178 1865 αὗται.
1241 1823 1385 1879 Πρώτη
1422 1824 1716 1879 Βαρβαρισμός,
1762 1826 1922 1879 δευτέρα

399 1891 652 1946 Σκυθισμὸς,
694 1896 799 1947 τρίτη
820 1890 1086 1945 Ἑλληνισμὸς,
1128 1890 1285 1946 τετάρτη
1311 1890 1568 1944 Ἰουδαῖσμός,
1607 1894 1762 1945 πέμπτη
1787 1897 1921 1945 Σαμα-

402 1959 605 2015 ρειτισμός.
668 1958 733 2000 Ἐκ
770 1958 918 2001 τούτων
956 1961 998 1999 αἱ
1033 1962 1212 2011 καθεξῆς.
1279 1958 1366 2013 Πρὸ
1397 1963 1567 2014 Χριστοῦ
1605 1960 1672 2012 μὲν
1702 1958 1796 2012 μετά
1819 1965 1920 2014 Βαρ-

400 2026 591 2082 βαρισμὸν
617 2028 683 2068 καὶ
714 2025 784 2080 τήν
811 2024 1024 2079 Σκυθικὴν
1055 2029 1359 2079 δεισιδαιμονίαν
1390 2029 1433 2068 αἱ
1460 2025 1536 2068 άπὸ
1573 2031 1644 2067 τοῦ
1671 2025 1920 2079 Ἑλληνισμοῦ

405 2094 601 2147 ιφύσασαι
621 2089 751 2135 αὗται·
784 2095 907 2146 2ἕκτη
930 2093 1212 2148 Πυθαγόρειοι,
1240 2092 1303 2134 εἴτ’
1327 2089 1399 2135 οῦν
1422 2095 1737 2149 Περιπατητικοὶ,
1760 2093 1825 2134 διά
1844 2098 1921 2135 τῶν

400 2163 490 2215 περὶ
516 2161 775 2216 Ἀριστοτέλην
804 2164 1065 2215 διαιρεθεῖσα,
1107 2160 1253 2213 ἑβδόμη
1279 2163 1544 2212 Πλατωνικοὶ,
1588 2160 1707 2215 ὀγδόη
1730 2163 1918 2212 Στωϊκοὶ,

400 2229 515 2282 ἐνάτη
533 2227 801 2283 Ἐπικούρειοι.
860 2227 960 2269 Εἶτα
982 2227 1246 2282 Σαμαρειτική
1271 2231 1437 2282 αἵρεσις,
1477 2224 1573 2270 οὖσα
1603 2231 1645 2269 ἐκ
1669 2233 1740 2269 τοῦ
1761 2227 1919 2270 Ἰουδαϊ-

401 2301 522 2350 σμοῦ,
562 2298 626 2337 καὶ
655 2295 798 2349 ταύτης
822 2297 985 2349 τέσσαρα
1015 2298 1133 2348 ἔθνη,
1174 2295 1313 2348 δεκάτη
1343 2297 1609 2350 3Γοροθηνοὶ,
1641 2294 1823 2348 ἑνδεκάτη
1849 2301 1920 2336 Σε-

402 2367 577 2417 βουαῐοι,
609 2363 808 2416 δωδεκάτη
832 2361 1029 2416 Ἐσσηνοὶ,
1059 2363 1347 2417 τριςκαιδεκάτη
1375 2367 1572 2405 Δοσίθεοι.
1631 2361 1732 2403 Εἶτα
1757 2361 1781 2403 ό
1803 2361 1920 2411 αὐτὸς

401 2432 680 2485 προειρημένος
695 2429 957 2484 Ἰουδαϊσμός,
998 2429 1075 2471 άπὸ
1107 2434 1178 2471 τοῦ
1202 2428 1377 2484 Ἀβρααμ
1407 2430 1474 2472 τὸν
1505 2435 1722 2485 χαρακτῆρα
1752 2428 1920 2482 εἰληφώς

402 2500 468 2539 καὶ
497 2497 560 2538 διά
592 2503 660 2539 τοῦ
690 2500 878 2546 δοθέντος
911 2497 1034 2550 νόμου
1066 2502 1118 2553 τῷ
1152 2502 1310 2555 Μωυσῇ
1343 2500 1595 2548 πλατυνθεὶς,
1635 2498 1700 2538 καὶ
1737 2495 1816 2538 sind
1850 2502 1919 2538 τοῦ

400 2564 526 2606 Ἰούδα
546 2567 637 2606 υἱοῦ
655 2564 813 2618 Ἰακώβ,
844 2570 912 2607 τοῦ
933 2567 998 2606 καὶ
1014 2564 1163 2618 Ἰσραὴλ
1185 2564 1248 2606 δια
1269 2568 1417 2618 Δαβὶδ,
1448 2571 1517 2607 τοῦ
1539 2566 1603 2607 καὶ
1625 2563 1920 2617 βασιλεύσαντος

403 2634 445 2673 ἐκ
474 2638 541 2684 τῆς
570 2632 710 2674 τούτου
737 2638 864 2686 φυλῆς
892 2631 934 2674 τό
961 2631 1167 2684 ἐπώνυμον
1191 2637 1261 2674 τοῦ
1286 2632 1530 2686 Ἰουδαϊσμοῦ
1553 2634 1779 2686 κληρωθείς.
1839 2632 1919 2671 Καὶ

405 2698 471 2740 ἀπ’
506 2699 624 2741 αὐτοῦ
661 2706 730 2742 τοῦ
758 2699 1005 2752 Ἰουδαϊσμοῦ
1042 2698 1136 2740 ἑπτά
1169 2701 1331 2754 αἱρέσεις
1363 2696 1493 2742 αὗται·
1534 2697 1918 2754 τεσσαρεςκαιδεκάτη

408 2769 688 2820 Γραμματέων,
725 2766 1041 2819 πεντεκαιδεκάτη
1073 2770 1318 2821 Φαρισαίων,
1350 2767 1595 2820 ἑξκαιδεκάτῃ
1622 2769 1918 2816 Σαδδουκαίων,

453 2858 528 2890 CAP.
553 2859 574 2890 Ι.
599 2878 641 2882 -
677 2859 702 2891 1.
728 2861 860 2898 Reposui
876 2856 989 2900 Ἰησοῦ
1012 2869 1068 2898 pro
1092 2858 1139 2896 εἰς
1232 2858 1262 2891 3.
1288 2862 1438 2899 Rescripsi
1467 2861 1526 2890 mei
1554 2860 1667 2899 inyem'i
1697 2859 1832 2897 periculo
1864 2856 1919 2890 ἐᾶν

406 2898 435 2939 ὃ,
461 2905 541 2943 quod
561 2906 704 2935 Petamus
724 2905 884 2936 delendum
902 2906 1050 2935 indicavit
1069 2914 1138 2935 cum
1189 2904 1222 2937 εἴ
1235 2916 1306 2937 που.
1340 2907 1426 2936 Libri
1443 2906 1550 2935 habent
1567 2900 1607 2936 ἵν’
1627 2903 1659 2935 εἷ’
1674 2914 1745 2936 που.
1783 2906 1820 2934 At
1839 2904 1920 2934 istud

405 2951 525 2980 uncinis
546 2950 720 2979 includeret.
1188 2948 1240 2982 ἵνα
1263 2960 1391 2990 quocum
1415 2952 1552 2980 struatur
1572 2950 1661 2980 verbo
1685 2951 1775 2979 caret.

452 2993 483 3025 2.
508 2992 591 3026 ἰδίαν
614 2995 680 3024 cod.
706 2995 775 3025 Ven.
825 2996 919 3033 Vulgo
942 2991 1046 3034 ἁγίαν.
