2034 3267
453 177 629 210 PANARH
655 176 753 209 ADv.
778 175 998 207 HAEnEses
1023 174 1103 205 [ΑΒ.
1122 173 1147 205 1.
1172 172 1277 205 ToM.
1298 173 1322 203 1.
1589 162 1637 200 31

135 256 431 299 commentarios
452 256 666 305 ediderunt,
700 261 740 295 ut
758 253 1006 294 Dioscorides
1027 250 1244 302 herbarius,
1277 257 1316 291 et
1331 247 1567 304 Pamphilus,
1599 262 1645 288 ac

134 324 381 366 Mithridates
404 337 500 372 rex,
535 330 573 363 et
600 320 878 371 Callisthenes,
911 334 955 360 ac
979 318 1111 368 Philo,
1151 332 1222 359 nec
1253 332 1328 357 non
1358 324 1397 358 et
1424 315 1554 356 lolaus
1577 314 1644 356 Bi-

136 393 277 447 thynus
302 398 340 431 et
365 390 587 431 Heraclides
610 388 868 437 Tarantinus,
902 395 940 426 et
962 385 1128 427 Crateus
1153 385 1373 435 herbarius,
1405 391 1443 424 et
1465 384 1644 424 Andreas

136 473 182 499 ac
207 457 355 498 Bassus
388 457 549 512 Tylius,
583 463 621 496 et
640 455 873 502 Niceratus,
907 467 950 493 ac
970 452 1175 492 Petronius
1196 451 1343 505 Niger,
1377 458 1413 492 et
1436 450 1642 501 Diodotus,

137 525 277 579 aliique
305 524 491 564 nonnulli.
542 522 715 576 Quorum
741 520 918 574 exemplo
943 533 1013 559 nos
1036 519 1249 559 haereseon
1270 519 1418 559 radices
1439 525 1477 559 et
1498 518 1645 573 opinio-

139 606 208 633 nes
235 593 453 646 patefacere
484 589 727 637 conabimur,
761 601 836 627 non
871 593 911 626 ut
943 586 1063 625 fraudi
1095 586 1301 625 lectoribus
1336 587 1408 626 ista
1437 587 1535 636 sint,
1577 586 1643 625 sed

139 660 453 714 quemadmodum
485 670 578 711 quos
611 655 786 708 proxime
814 652 1112 693 commemoravi
1138 653 1368 706 scriptores,
1401 667 1474 693 non
1503 660 1545 693 ut
1567 666 1646 692 ma-

138 727 216 768 lum
240 726 455 766 indicarent
476 725 547 764 ista
569 721 828 770 tradiderunt,
862 721 928 759 sed
952 728 992 759 ut
1016 719 1216 759 humanum
1242 720 1313 759 sibi
1345 733 1466 773 genus
1493 727 1649 760 caveret

141 808 186 834 ac
208 793 403 834 securitati
433 804 523 832 suae
550 788 790 837 consuleret,
825 787 909 827 dum
935 786 981 826 iis
1006 800 1102 840 quae
1128 786 1343 840 perniciosa
1367 800 1410 825 ac
1433 786 1561 826 letalia
1591 788 1647 826 fo-

142 868 228 901 rent
261 859 422 914 coguitis
461 856 669 911 opitulante
702 855 773 895 deo
799 855 985 895 adversus
1012 854 1105 894 haec
1134 853 1280 893 munire
1311 867 1352 892 se
1379 867 1423 892 ac
1456 854 1646 894 declinare

142 934 316 982 possent,
347 924 493 978 sibique
513 923 759 978 providerent
777 921 864 976 ipsi,
897 935 968 961 nec
993 935 1078 961 cum
1098 920 1226 961 noxiis
1246 920 1319 960 illis
1341 920 1456 960 rebus
1479 922 1649 974 experiri

145 995 299 1034 vellent.
357 992 486 1044 Atque
509 999 550 1030 ut
571 990 738 1029 omnium
764 989 802 1028 in
827 989 987 1041 gratiam
1011 988 1071 1042 qui
1094 988 1131 1027 in
1154 995 1354 1041 serpentes
1379 987 1647 1038 incurrissent,

144 1068 208 1101 aut
230 1058 491 1114 quoquomodo
518 1057 725 1112 perniciem
753 1056 798 1095 ab
824 1055 872 1095 iis
897 1055 1207 1105 contraxissent,
1241 1055 1322 1095 sive
1345 1055 1528 1109 pestifero
1557 1070 1650 1109 quo-

144 1130 226 1168 dam
247 1125 387 1174 afflatu,
420 1125 502 1165 sive
529 1138 674 1174 morsu,
707 1124 791 1163 sive
814 1131 970 1177 aspectu
992 1124 1153 1176 denique
1179 1123 1261 1176 ipso
1286 1122 1430 1172 vitiati,
1462 1121 1576 1161 iidem
1596 1122 1650 1162 illi

142 1194 203 1248 qui
225 1193 263 1232 in
285 1192 471 1232 eiusmodi
493 1191 779 1232 lucubrationes
801 1191 1054 1230 incubuerant
1074 1196 1208 1229 contra
1232 1190 1380 1230 illarum
1404 1189 1511 1230 virus
1535 1202 1650 1242 quae-

141 1263 223 1301 dam
255 1273 307 1300 ex
333 1259 525 1299 radicibus
554 1266 666 1312 atque
691 1258 817 1299 herbis
844 1258 1012 1298 remedia
1039 1264 1331 1311 compararunt,
1365 1257 1420 1297 sic
1448 1270 1520 1296 nos
1550 1256 1652 1296 eius-

142 1328 224 1368 dem
247 1327 410 1367 instituti
438 1341 532 1380 opus
556 1326 655 1366 istud
680 1340 763 1366 cum
787 1340 919 1365 eorum
942 1339 1036 1378 quos
1058 1333 1147 1364 ante
1173 1324 1267 1371 dixi,
1297 1332 1373 1364 tum
1396 1331 1544 1374 vestro,
1576 1324 1653 1363 fra-

140 1402 221 1434 tres
246 1394 456 1443 carissimi,
492 1395 644 1433 hortatu
668 1394 929 1447 suscepimus,
962 1399 1004 1431 ut
1026 1392 1238 1432 exitialium
1267 1398 1485 1445 serpentum
1513 1405 1558 1431 ac
1587 1391 1654 1431 be-

141 1462 301 1502 stiarum
324 1461 505 1501 molestas
529 1461 677 1515 species
701 1475 745 1500 ac
769 1461 942 1500 letiferos
968 1473 1120 1499 morsus
1143 1459 1443 1513 explicaremus.
1503 1456 1547 1499 In
1578 1473 1653 1512 quo

142 1529 293 1583 quidem
319 1529 389 1569 hoc
415 1543 490 1569 una
513 1528 812 1582 praestabimus,
845 1534 886 1567 ut
909 1527 1094 1567 adversus
1121 1527 1183 1566 illa
1208 1526 1383 1580 quicquid
1408 1526 1445 1566 in
1469 1525 1579 1566 nobis
1602 1525 1655 1566 si-

142 1604 221 1636 tum
251 1597 346 1647 erit,
378 1597 531 1651 paucis,
564 1610 639 1636 uno
666 1596 810 1636 scilicet
839 1601 951 1648 atque
985 1594 1106 1634 altero
1135 1593 1279 1644 verbo,
1311 1594 1416 1633 velut
1444 1593 1655 1633 antidotum

145 1678 395 1719 opponamus,
430 1679 504 1718 quo
527 1670 565 1703 et
584 1664 732 1702 illorum
753 1675 902 1702 venena
922 1661 1186 1716 propulsemus
1211 1668 1263 1711 et,
1296 1662 1505 1701 secundum
1525 1661 1652 1711 deum,

147 1731 352 1785 quemlibet
382 1732 443 1785 qui
466 1731 527 1772 vel
550 1737 685 1784 sponte
707 1729 768 1769 vel
798 1728 941 1769 invitus
964 1729 1001 1768 in
1029 1728 1222 1768 haeretica
1250 1728 1313 1768 illa
1346 1729 1520 1782 dogmata
1549 1728 1657 1768 velut

145 1806 366 1854 serpentum
392 1799 499 1838 virus
523 1797 720 1847 inciderit,
753 1797 784 1837 si
808 1797 956 1850 quidem
979 1795 1073 1837 velit
1093 1795 1196 1849 ipse,
1229 1796 1395 1836 liberare
1418 1795 1625 1850 possimus.

253 1864 408 1906 Etenim
428 1865 600 1906 Adamus
631 1864 740 1904 initio
771 1878 897 1905 rerum
925 1863 1093 1904 omnium
1121 1861 1194 1904 Vl.
1224 1863 1284 1903 die
1309 1863 1354 1903 de
1384 1870 1489 1903 terra
1513 1864 1651 1903 sorma—
1676 1864 1752 1907 Cap.
1779 1866 1830 1898 IV-

146 1940 230 1983 tus,
270 1933 396 1973 afflatu
425 1933 486 1973 dei
516 1933 622 1973 vitali
654 1932 788 1986 spiritu
819 1932 994 1985 perfusus
1025 1938 1098 1972 est.
1157 1929 1298 1985 Neque
1329 1930 1451 1980 enim,
1492 1936 1533 1970 ut
1559 1945 1655 1970 nou-

147 2001 261 2040 nullis
284 2001 422 2055 placet,
456 2000 587 2054 quinta
612 2000 671 2039 die
696 1999 895 2039 inchoatus
918 2005 1030 2039 sexta
1055 1999 1202 2038 demum
1229 1998 1426 2038 absolutus
1450 2005 1523 2048 est,
1556 1998 1656 2052 quod

147 2068 212 2121 qui
234 2075 414 2108 asserunt
437 2081 666 2122 magnopere
688 2067 880 2106 falluntur.
943 2065 1045 2106 Tum
1065 2080 1159 2106 vero
1182 2065 1347 2120 simplex
1370 2072 1482 2119 atque
1506 2066 1657 2120 integer

147 2141 254 2186 erat,
286 2149 410 2189 neque
443 2135 564 2175 altero
594 2134 769 2188 quopiam
794 2133 947 2174 nomine
974 2140 1038 2173 aut
1068 2133 1246 2188 opinione
1273 2147 1317 2173 ac
1345 2132 1560 2182 sententia,
1593 2140 1657 2173 aut

149 2202 312 2256 disparis
336 2203 438 2242 vitae
461 2201 712 2257 appellatione
733 2201 982 2252 censebatur,
1015 2215 1085 2241 neo
1110 2201 1210 2241 aliud
1241 2214 1352 2255 quam
1373 2199 1514 2240 Adami
1539 2213 1656 2240 voca-

148 2269 278 2309 bulum
302 2268 337 2309 ei
357 2269 575 2324 impositum
595 2275 692 2318 erat,
719 2268 816 2322 quod
840 2268 1029 2308 bominem
1051 2268 1363 2322 interpretamur.
1407 2266 1473 2307 Ex
1494 2267 1658 2322 ipsomet

149 2350 264 2391 porro
287 2336 422 2377 similis
442 2337 478 2377 ei
499 2336 648 2385 mulier,
681 2336 836 2386 eodem,
867 2335 1019 2389 inquam
1034 2366 1044 2385 ,
1078 2349 1098 2375 e
1123 2349 1284 2389 corpore
1307 2341 1418 2388 atque
1442 2348 1494 2374 ex
1521 2335 1654 2375 eodem

149 2403 275 2444 afflatu
298 2411 515 2458 procreata,
548 2402 657 2443 liberi
679 2403 875 2456 utriusque
895 2416 1013 2443 sexus
1036 2402 1155 2457 geniti
1177 2410 1280 2443 sunt.
1336 2400 1510 2456 Cumque
1533 2416 1655 2442 annos

149 2470 320 2511 vixisset
344 2467 675 2520 DCCCCXXX,
708 2483 760 2510 ex
782 2470 851 2510 hac
873 2469 952 2510 vita
975 2470 1167 2511 discessit.
1227 2469 1367 2510 Adami
1394 2470 1491 2510 filius
1509 2468 1653 2510 Setbus
1673 2480 1745 2509 Gen.
1763 2482 1787 2509 5.

151 2538 303 2587 extitit,
337 2538 447 2579 huius
473 2537 605 2587 Enos,
637 2551 680 2577 ac
706 2537 884 2592 deinceps
909 2535 1126 2589 Cainanus,
1157 2535 1385 2578 Malaleelus
1410 2545 1448 2577 et
1478 2536 1652 2578 Iaredus‚

151 2604 276 2657 Hinc,
309 2612 352 2646 ut
369 2620 390 2646 a
414 2604 620 2645 maioribus
643 2603 874 2659 accepimus,
907 2605 1011 2645 fraus
1033 2619 1078 2645 ac
1100 2605 1225 2645 scelus
1251 2604 1290 2644 in
1312 2604 1443 2645 orbem
1467 2612 1655 2645 terrarum

195 2737 227 2771 9.
256 2750 292 2772 τε
324 2739 382 2773 καὶ
416 2737 485 2778 ἰοὺς
524 2737 583 2773 καὶ
615 2737 772 2781 δήγματα
813 2740 881 2772 cod.
971 2738 1001 2771 2.
1025 2739 1082 2772 καὶ
1105 2750 1163 2771 om.
1185 2740 1250 2771 cod.
1273 2741 1344 2772 Ven.

154 2785 253 2816 Venet.
971 2783 1002 2816 3.
1026 2796 1062 2817 τε
1085 2795 1144 2816 om.
1165 2786 1230 2816 cod.
1254 2786 1351 2816 Venet.

198 2829 249 2861 10.
272 2824 359 2870 ἥπου
383 2830 450 2861 cod.
476 2831 573 2861 Vener).
971 2826 1002 2860 4.
1024 2831 1072 2861 Ita
1094 2831 1161 2861 cod.
1184 2832 1280 2861 Venet.
1329 2832 1424 2870 Vulgo
1442 2827 1551 2868 <Ενός.

198 2872 247 2905 11.
272 2870 348 2906 καθ’
370 2872 520 2906 ἑκουσίαν
544 2874 610 2905 cod.
634 2875 705 2905 Ven.
971 2873 1002 2905 5.
1024 2875 1071 2906 Ιια
1093 2876 1158 2905 cod.
1183 2876 1279 2912 Venet.
1326 2877 1420 2915 Vulgo
1437 2872 1628 2916 Μαλαλεῆλ.

199 2917 275 2950 Car.
299 2918 353 2950 tv.
371 2937 415 2943 —
452 2918 480 2950 1.
508 2920 542 2950 In
564 2919 756 2960 maro-edit.
775 2919 881 2952 Petav.
971 2916 1003 2950 6.
1036 2920 1115 2951 Citat
1145 2921 1223 2951 hunc
1254 2921 1352 2951 locum
1385 2923 1491 2952 auctor
1516 2920 1655 2952 Chronici

154 2963 336 3002 scripturam
354 2965 475 2996 invenio
498 2959 620 3001 ἁπλοῦς
642 2961 705 2996 οὖν.
928 2965 1037 2996 Pasch.
1059 2974 1091 3005 p.
1107 2963 1151 2998 39
1171 2973 1213 3004 sq.
1236 2965 1284 2997 ed.
1306 2967 1403 2997 Bonn.
