2034 3267
481 192 659 225 PANARII
680 193 762 225 ΜΒ.
780 194 804 225 1.
827 194 933 227 ToM.
956 195 1010 226 111.
1036 195 1164 226 HAER.
1182 195 1303 227 XLvi.
1574 188 1652 226 715

133 282 207 315 tem
240 287 347 314 suam
378 279 562 328 perpetuo
593 272 733 313 sudore
764 286 809 313 ac
834 272 966 313 labore
992 273 1247 328 transigeret,
1291 281 1404 328 atque
1430 287 1452 314 e
1476 272 1655 314 Paradisi

131 341 290 397 regione
326 341 505 395 degeret,
547 354 620 394 quo
652 354 704 380 ex
739 340 861 380 felicis
896 341 1074 382 domicilii
1105 342 1374 383 recordatione
1406 342 1655 383 vehementer

133 424 218 450 eum
246 408 484 464 poeniteret,
528 408 627 448 hunc
652 407 805 462 inquam
832 422 988 450 servare
1015 410 1170 450 minime
1195 410 1385 465 potuerit,
1431 417 1494 450 aut
1524 417 1564 451 ut
1589 424 1654 465 po-

132 477 248 518 tuerit
271 476 575 517 misericordiam
607 476 641 516 ei
673 476 811 516 nullam
839 476 1067 517 adhibuerit.
1130 476 1231 531 Quid
1264 478 1365 518 enim
1395 492 1552 519 caussae
1587 478 1655 518 fuit

132 560 200 586 cur
227 543 406 586 Christus
431 545 477 585 ad
501 544 647 585 inferos
673 558 793 598 usque
819 545 1095 596 descenderet,
1141 553 1205 586 aut
1228 546 1354 587 triduo
1375 547 1544 601 sepultus
1570 553 1655 601 post

132 613 350 668 passionem
376 613 622 667 resurgeret?
681 611 757 666 Qui
785 626 899 667 porro
924 611 1024 652 istud
1048 612 1247 665 impletur:
1296 617 1342 654 Ut
1364 618 1518 654 mortuis
1544 617 1652 653 υίυίε-
1670 624 1730 651 Act.
1751 622 1854 658 10,⁴2.

131 697 200 734 que
220 684 454 720 dominetur?
513 678 589 733 Qui
609 687 698 721 suut
717 680 796 721 vivi
819 680 871 720 illi
893 681 1123 735 mortuique,
1152 682 1224 722 nisi
1247 683 1309 737 qui
1331 690 1404 723 tam
1424 683 1523 723 infra
1544 696 1654 737 quam

132 763 248 804 supra
270 755 412 790 terram
436 762 506 803 ope
530 748 630 789 illius
650 748 900 803 indigebant?
953 747 1122 790 Possunt
1141 764 1234 791 vero
1253 765 1350 805 quae
1372 765 1423 792 ex
1443 765 1568 792 massa
1591 751 1655 791 illa

131 818 310 872 decerpta
336 824 426 857 sunt
448 830 532 857 esse
557 823 713 867 sancta,
756 816 830 856 nisi
852 830 978 857 massa
998 817 1082 872 ipsa
1107 818 1156 858 sit
1180 826 1335 870 sancta,
1379 826 1419 859 ut
1440 820 1538 874 apud
1563 834 1653 873 apo-

132 885 271 925 stolum
294 885 483 939 legimus?
541 883 617 938 Qui
645 885 690 925 de
716 883 799 926 Eva
824 885 1008 939 loquens,
1042 888 1277 935 Salvabz'lur,
1312 887 1448 941 inquit,
1475 903 1546 940 per
1565 889 1654 926 libe·
1673 891 1804 926 1-'1'im›2.
1816 891 1855 919 15·

133 968 260 993 rorum
282 955 557 1005 generationem
569 983 579 1000 ,
613 956 650 992 si
675 955 712 992 e‘n
731 955 816 1005 fide
844 968 888 992 ac
919 956 1061 993 z'ustc'tekz
1085 959 1371 1006 permcmserz'nt.

242 1019 447 1061 Innumera
472 1027 560 1061 sunt
582 1034 679 1074 quae
704 1022 748 1061 de
772 1021 904 1062 eodem
928 1030 1154 1076 argumento
1178 1023 1360 1078 disputari
1386 1030 1567 1079 possunt,
1602 1037 1652 1064 ex
1679 1031 1756 1074 Cap.
1780 1032 1832 1062 IV.

131 1089 265 1143 quibus
291 1087 466 1144 prudenti
493 1088 648 1129 cuilibet
673 1097 866 1144 comperta
887 1104 973 1131 esse
996 1098 1124 1145 potest
1145 1090 1302 1131 Tatiani
1326 1091 1655 1146 Tatianorumque

131 1157 336 1198 temeraria
365 1156 653 1211 blasphemandi
685 1157 837 1198 licentia
871 1158 1062 1213 animique
1094 1159 1275 1200 caecitas.
1337 1159 1397 1200 De
1435 1160 1569 1214 quibus
1603 1161 1656 1200 ita

130 1224 302 1266 breviter
325 1225 601 1275 dissernimus,
634 1232 675 1265 ut
696 1225 846 1266 illorum
873 1227 978 1269 velut
1002 1227 1164 1268 culicum
1189 1228 1317 1268 noxiis
1341 1228 1556 1279 morsibus,
1590 1228 1655 1268 ad-

129 1292 248 1333 hibita
276 1293 322 1333 iis
353 1293 416 1347 qui
443 1293 507 1333 icti
540 1294 692 1334 fuerant
723 1294 863 1334 domini
894 1295 1091 1346 doctrina,
1132 1302 1322 1349 tamquam
1354 1296 1429 1337 olei
1460 1297 1654 1337 cuiusdam

130 1361 227 1401 illitu
251 1361 476 1402 medicinam
503 1361 732 1413 fecerimus,
766 1362 867 1402 illius
891 1363 1056 1403 veritate
1081 1378 1125 1404 ac
1150 1365 1319 1418 potentia
1344 1364 1432 1405 freti
1456 1365 1517 1419 qui
1541 1364 1652 1415 dixit,

129 1431 215 1469 Non
239 1433 323 1469 veni
339 1433 416 1469 m'sz’
432 1432 482 1469 acl
502 1445 583 1469 oves
604 1445 697 1482 quae
712 1434 907 1482 perierant
929 1434 1056 1470 domus
1079 1435 1212 1471 Israel.
1277 1431 1387 1474 Unde
1415 1439 1453 1473 et
1474 1432 1513 1472 in
1541 1446 1650 1486 para·
1670 1442 1781 1486 Matth.

128 1496 217 1538 bola
237 1497 354 1538 dixit:
387 1501 503 1537 Homo
526 1501 672 1550 quidam
693 1502 879 1538 deseendit
898 1500 944 1538 ab
964 1502 1197 1539 Hierusalem
1219 1503 1256 1539 in
1275 1503 1442 1549 Iericho,
1479 1514 1588 1554 quem
1610 1500 1649 1540 in
1668 1478 1796 1546 iiiicii'o,
1811 1512 1853 1538 30.

128 1565 299 1606 latrones
322 1566 503 1607 incidisse
528 1566 728 1618 narrabat,
769 1574 809 1607 ut
832 1574 870 1608 et
893 1581 1005 1608 ovem
1032 1575 1070 1608 et
1091 1567 1282 1609 hominem
1308 1568 1369 1623 qui
1395 1569 1440 1609 ab
1465 1567 1653 1609 Hierusa-

128 1633 203 1673 lem
235 1633 272 1674 in
296 1632 446 1674 Iericho
470 1634 723 1675 descenderat
744 1634 848 1675 illum
873 1634 996 1690 ipsum
1022 1636 1179 1676 doceret
1205 1650 1292 1677 esse
1324 1636 1387 1691 qui
1408 1637 1454 1677 ab
1480 1636 1654 1691 ampliori

130 1700 313 1755 dignitate
339 1702 554 1753 ceciderat,
589 1709 626 1743 et
651 1703 697 1743 ab
722 1717 798 1743 uno
821 1703 988 1758 pastoris
1012 1704 1071 1744 sui
1097 1704 1276 1745 mandato
1298 1704 1470 1746 divulsus
1497 1718 1652 1746 errave-

130 1776 205 1809 rat.
266 1768 329 1811 Ex
363 1785 436 1824 quo
468 1777 641 1811 sanctum
667 1770 858 1812 Adamum
889 1779 1087 1826 parentem
1116 1780 1288 1814 nostrum
1319 1773 1421 1814 inter
1449 1773 1560 1815 vivos
1586 1787 1655 1812 nu-

130 1850 345 1889 meramus;
390 1845 546 1893 propter
568 1853 679 1893 quem
702 1846 741 1880 et
766 1854 836 1880 nos
862 1854 996 1881 omnes
1023 1840 1107 1881 eius
1133 1849 1310 1896 posteros
1336 1839 1516 1882 Christus
1540 1841 1655 1882 adve-

130 1905 206 1957 nit,
241 1912 281 1946 ut
302 1905 350 1946 iis
375 1906 436 1960 qui
458 1907 580 1961 ipsum
606 1908 694 1947 olim
719 1916 1005 1962 cognoverant,
1039 1923 1109 1949 nec
1133 1924 1154 1950 a
1176 1909 1376 1951 divinitate
1396 1910 1478 1950 eius
1500 1908 1654 1949 aberra-

130 1981 282 2025 verant,
317 1981 354 2014 et
377 1974 423 2015 ob
446 1975 626 2015 nonnulla
648 1975 783 2016 delicta
804 1990 872 2017 sua
895 1977 991 2032 apud
1011 1978 1156 2018 inferos
1181 1978 1465 2029 detinebantur,
1498 1977 1655 2017 iniuria-

129 2054 212 2081 rum
235 2041 467 2083 oblivionem
493 2043 747 2094 concederet,
780 2058 939 2099 eamque
964 2051 1003 2085 et
1027 2045 1149 2085 adhuc
1171 2046 1414 2087 venientibus
1434 2059 1502 2101 per
1522 2045 1654 2100 poeni-

134 2109 290 2150 tentiam
318 2117 357 2150 et
379 2111 475 2165 apud
501 2111 648 2152 inferos
670 2112 895 2166 degentibus
917 2127 985 2168 per
1006 2113 1308 2155 misericordiam
1333 2129 1378 2155 ac
1401 2115 1563 2156 salutem
1589 2113 1653 2153 tri-

130 2175 280 2218 bueret.

239 2244 314 2286 Est
334 2247 504 2301 profecto
528 2248 626 2302 quod
647 2248 874 2304 intelligenti
897 2249 1033 2290 mirum
1059 2251 1258 2302 videatur,
1299 2251 1335 2292 id
1363 2252 1463 2306 quod
1490 2265 1510 2291 e
1535 2250 1651 2291 libro-
1676 2260 1752 2304 Cap.
1774 2260 1811 2291 V.

129 2326 212 2353 rum
243 2315 500 2356 monumentis
526 2315 749 2368 didicimus,
796 2317 987 2358 domiuum
1020 2326 1193 2359 nostrum
1225 2317 1352 2360 Iesum
1384 2317 1580 2360 Christum
1614 2320 1653 2359 in

133 2379 324 2436 Golgatha
353 2396 440 2424 esse
465 2384 713 2436 crucifixum,
756 2385 934 2426 nimirum
958 2386 996 2427 in
1023 2400 1069 2427 eo
1096 2387 1334 2442 potissimum
1358 2387 1466 2439 loco,
1509 2387 1548 2427 in
1578 2402 1652 2441 quo

127 2448 267 2490 Adami
299 2465 437 2506 corpus
468 2452 628 2492 iaceret.
691 2452 766 2493 Hic
792 2454 892 2494 enim
923 2469 944 2495 e
970 2455 1148 2510 paradiso
1175 2455 1393 2510 digrediens
1423 2456 1485 2496 diu
1509 2469 1561 2496 ex
1587 2456 1652 2495 ad-

130 2531 248 2558 verso
278 2518 379 2560 illius
407 2519 605 2561 habitavit.
666 2519 818 2562 Deinde
844 2522 957 2577 longo
985 2530 1117 2578 postea
1144 2530 1315 2578 tempore
1348 2523 1384 2563 in
1409 2523 1514 2564 illum
1541 2537 1652 2577 quem

129 2585 209 2626 dixi
230 2585 590 2643 Hierosolymorum
612 2588 735 2629 locum
759 2591 945 2642 secessit,
978 2591 1042 2631 ubi
1064 2599 1102 2632 et
1123 2591 1200 2631 vita
1223 2592 1374 2632 functus
1399 2591 1435 2632 in
1461 2591 1654 2645 Golgotha

129 2654 298 2708 sepultus
326 2662 398 2696 est.
461 2655 546 2709 Qua
575 2670 627 2696 ex
652 2671 694 2697 re
719 2658 854 2698 merito
878 2659 985 2699 locus
1012 2659 1094 2713 ipse
1119 2673 1258 2699 nomen
1284 2659 1452 2714 accepit,
1495 2666 1536 2699 ut
1563 2656 1653 2699 Cal·

127 2723 260 2763 variae
285 2723 572 2778 interpretando
596 2725 802 2766 diceretur.
865 2724 986 2767 Cuius
1013 2726 1277 2781 appellationis
1302 2727 1404 2768 nulla
1428 2727 1466 2766 in
1494 2741 1539 2767 co
1567 2727 1651 2767 loco

128 2789 335 2832 similitudo
362 2792 547 2833 cernitur.
607 2791 711 2834 Nam
732 2807 803 2835 nec
825 2793 864 2835 iu
887 2794 987 2836 clivo
1009 2795 1136 2849 aliquo
1159 2795 1255 2836 situs
1278 2802 1353 2847 est,
1387 2802 1426 2836 ut
1449 2801 1653 2850 propterea

128 2961 152 2995 A
177 2973 234 3003 quo
257 2964 402 2996 Petavius
427 2965 533 3003 tacite,
562 2967 593 2995 ut
616 2965 708 3003 solet,
736 2975 826 2997 suam
848 2975 941 3006 quam
965 2967 995 2998 in
1019 2967 1156 3006 maryine
1177 2967 1335 3006 proposuit
1357 2968 1561 2999 coniecturam
1583 2975 1651 2998 mu-

128 3011 250 3041 enatus:
276 3007 337 3043 Διά
359 3008 431 3043 τίνα
454 3008 492 3043 δὲ
516 3008 622 3043 αἰτίαν
646 3013 709 3041 cett.
