2034 3267
518 216 696 248 PANARH
720 216 801 249 LIB.
820 218 843 249 Ι.
868 215 974 249 ΤΟΜ.
995 217 1050 249 ΠΙ.
1075 216 1386 249 HAER.XXX1V.
1634 209 1715 248 437

294 292 376 334 Iam
409 308 502 334 vero
534 295 645 335 etiam
679 296 815 350 philtra
844 302 881 336 et
906 295 1113 336 amatorias
1141 295 1343 335 illecebras
1371 296 1414 336 ad
1444 296 1714 336 contumeliam
1743 307 1818 350 cap.
1843 309 1897 341 111.

184 375 386 416 corporum
408 376 428 402 a
452 361 590 403 Marco
611 363 834 417 quibusdam
858 363 1081 404 mulieribus
1105 363 1247 414 oblata,
1277 378 1351 403 non
1374 371 1500 404 tamen
1521 364 1712 415 omnibus,

183 428 371 483 ipsaemet
393 431 438 470 ad
463 431 664 472 ecclesiam
690 445 872 472 reversae
896 445 1081 485 persaepe
1105 432 1232 471 fassae
1255 438 1366 483 sunt,
1400 446 1442 472 se
1466 432 1511 471 ab
1534 432 1597 472 illo
1623 446 1715 472 con-

182 504 373 551 stupratas
398 511 485 538 esse
514 506 550 538 et
571 498 689 553 ipsius
716 513 845 539 amore
868 498 1139 552 illecebrisque
1166 506 1314 552 captas.
1380 499 1488 539 Adeo
1520 506 1561 540 ut
1586 500 1713 539 diaco-

182 579 253 605 nus
279 564 429 618 quidam
457 581 477 605 e
505 567 647 607 nostris
672 567 708 606 in
735 567 832 606 Asia
857 580 941 606 eum
967 565 1131 619 hospitio
1156 566 1259 605 illum
1287 567 1530 621 excepisset,
1564 567 1601 607 in
1628 582 1712 607 eam

182 633 435 674 calamitatem
458 634 657 684 inciderit,
691 633 850 687 eiusque
874 633 1017 673 coniux
1042 633 1197 686 egregia
1223 635 1343 673 forma
1369 635 1505 674 mulier
1525 642 1563 674 et
1585 635 1712 675 animo

182 709 218 741 et
242 715 404 755 corpore
425 715 444 741 a
467 716 580 754 mago
598 701 662 741 illo
684 708 864 756 corrupta
886 702 1000 753 longo
1024 714 1108 740 eum
1135 707 1305 754 tempore
1327 709 1473 741 sectata
1494 703 1558 753 sit,
1590 704 1712 743 donec

180 783 317 822 magno
340 783 423 808 cnm
446 769 575 809 labore
598 768 855 808 adnitentibus
880 768 1062 808 fratribus
1085 769 1130 807 ad
1154 768 1351 808 meliorem
1377 770 1523 821 frugem
1547 785 1711 812 conver-

180 850 223 876 sa
246 837 434 891 reliquum
460 837 562 876 vitae
586 843 735 890 tempus
761 837 797 875 in
826 835 1063 890 poenitentia
1087 836 1281 886 traduxit,
1317 850 1495 876 moerens
1523 852 1567 877 ac
1595 838 1711 878 vehe-

179 911 330 944 menter
353 905 555 958 deplorans
576 905 673 958 quod
698 918 718 944 a
743 918 854 957 mago
879 903 1070 958 corrumpi
1093 917 1135 943 se
1156 917 1200 943 ae
1222 902 1349 943 vitiari
1371 904 1544 944 sivisset.
1588 904 1711 958 Quin-

179 972 292 1012 etiam
325 971 496 1026 diseipuli
531 972 679 1025 quidam
714 971 815 1011 illius
850 971 958 1011 varia
991 971 1128 1026 oppida
1162 979 1412 1026 peragrantes
1450 973 1710 1027 compluribus

179 1040 410 1080 mulierculis
431 1039 563 1078 iisdem
586 1039 731 1079 artibus
751 1039 970 1089 illuserunt,
1005 1053 1088 1078 cum
1115 1040 1307 1093 periectos
1331 1054 1373 1079 se
1394 1054 1481 1080 esse
1502 1040 1707 1091 iactarent,

178 1121 301 1162 neque
328 1121 552 1161 quemquam
581 1121 694 1161 posse
720 1121 850 1147 secum
878 1107 1064 1147 scientiae
1089 1107 1198 1162 copia
1222 1107 1415 1158 conferri,
1451 1123 1525 1148 non
1552 1108 1583 1148 si
1609 1107 1710 1148 Pau-

177 1176 253 1216 lum
284 1173 518 1229 Petrumque
555 1174 754 1225 nomines,
800 1182 864 1215 ant
900 1189 950 1215 ex
985 1175 1247 1230 apostolorum
1285 1190 1446 1216 numero
1478 1177 1706 1230 quemlibet3

177 1244 283 1298 plura
315 1242 414 1282 enim
450 1256 492 1282 se
524 1243 628 1283 solos
662 1243 839 1283 omnibus
870 1243 1110 1297 intelligere,
1158 1244 1262 1284 solos
1294 1244 1575 1298 inexplicabilis
1609 1245 1707 1285 illius

175 1310 341 1351 Virtutis
373 1310 549 1350 hausisse
581 1311 898 1365 magnitudinem.
963 1309 1155 1363 Quocirca
1187 1325 1303 1366 supra
1331 1311 1524 1352 Virtutem
1556 1327 1706 1353 omnem

174 1378 357 1419 sublimes
381 1379 500 1418 attolli
526 1392 612 1418 sese
628 1411 637 1429 ,
683 1385 796 1432 atque
819 1379 963 1419 idcirco
985 1379 1105 1419 libere
1129 1379 1256 1419 omnia
1283 1381 1411 1420 faeere
1436 1387 1560 1420 metus
1584 1381 1708 1422 omnis

174 1453 372 1499 expertes.
434 1444 536 1486 Nam
562 1447 608 1486 ob
632 1446 959 1500 redemptionem,
998 1461 1109 1501 quam
1136 1448 1259 1502 adepti
1285 1455 1398 1498 sunt,
1437 1448 1593 1489 minime
1619 1463 1661 1489 se
1686 1464 1705 1489 a

172 1514 297 1554 iudice
319 1515 607 1568 comprehendi,
642 1529 686 1555 ac
708 1529 755 1554 ne
779 1514 900 1554 videri
925 1515 1092 1569 quidem,
1126 1529 1255 1569 posse.
1319 1513 1433 1568 Quod
1455 1516 1485 1556 si
1510 1517 1610 1557 forte
1633 1516 1706 1557 sibi

171 1596 308 1622 manus
335 1581 536 1633 iniiceret,
581 1590 658 1623 tum
683 1597 778 1622 vero
804 1597 889 1623 cum
913 1583 1176 1637 redemptione
1204 1583 1266 1623 illa
1292 1598 1362 1624 sua
1388 1598 1515 1624 coram
1541 1599 1587 1624 eo
1615 1585 1703 1625 talia

171 1650 362 1690 dicturos:
409 1653 437 1689 0
460 1653 522 1689 dei
543 1665 587 1689 ac
610 1654 785 1702 mysticae
814 1659 899 1690 ante
928 1654 1053 1690 secula
1075 1655 1185 1703 Seges
1208 1666 1395 1700 assessor,
1439 1667 1509 1704 qao
1539 1655 1632 1692 (lace
1660 1668 1705 1692 ac

172 1720 415 1757 conciliatore
436 1721 718 1770 Magnitudines
740 1733 823 1766 eae,
860 1734 952 1771 qaae
975 1722 1097 1758 Patris
1109 1721 1250 1772 facicm
1265 1729 1445 1772 perpetao
1464 1729 1700 1769 contuentur,

172 1788 294 1825 vallas
318 1801 405 1825 saos
432 1790 468 1825 in
494 1790 632 1826 coelam
658 1788 901 1835 subtrahunt,
944 1790 1068 1827 valcas
1093 1791 1240 1840 inquam
1268 1803 1350 1836 eos,
1396 1790 1528 1841 quibas
1552 1792 1703 1828 nimiam

171 1857 297 1907 aadaoe
315 1856 382 1893 illa
402 1858 607 1906 conspectis
626 1856 670 1893 ob
690 1859 825 1894 sammi
840 1857 1034 1894 bonitatem
1056 1859 1227 1895 Parentis
1247 1871 1314 1895 nos
1334 1859 1435 1895 velat
1451 1859 1597 1910 esfi'gzes
1611 1873 1703 1909 pro-

172 1925 303 1969 daoeit,
338 1937 418 1961 cam
444 1925 653 1962 coelestiam
678 1926 936 1974 cogitationem
962 1926 1064 1962 velat
1080 1939 1151 1975 per
1174 1928 1351 1975 somniant
1377 1929 1624 1976 concepisset:
1659 1941 1702 1965 en

171 1992 283 2029 iadeoe
304 1994 588 2043 appropinquat,
613 2005 657 2029 ac
679 2006 734 2030 me
747 2005 885 2042 praeco
905 1978 1071 2030 caussam
1096 1993 1196 2031 iubet
1216 2007 1341 2044 agere.
1410 1996 1462 2032 Ta
1483 1997 1615 2045 igitar,
1644 2002 1703 2032 ut-

163 2066 253 2110 pote
274 2072 368 2109 qaae
388 2073 449 2097 res
472 2062 665 2110 utriusque
677 2060 795 2110 probe
818 2067 960 2107 teneas,
995 2075 1216 2099 commanem
1237 2064 1355 2100 indici
1366 2077 1437 2113 pro
1461 2069 1618 2113 atroque
1637 2076 1702 2100 no—

169 2133 288 2164 stram
309 2130 510 2165 orationem
535 2130 754 2177 expromz'to.
820 2125 970 2180 Quibus
992 2128 1120 2168 statim
1142 2129 1281 2168 auditis
1302 2127 1433 2169 Mater
1454 2128 1700 2169 Homericam

169 2191 345 2234 Plutonis
378 2193 525 2247 galeam
559 2195 631 2234 illis
662 2193 843 2248 imponit,
889 2196 939 2235 uti
973 2210 1014 2236 se
1038 2196 1175 2236 iudicis
1202 2197 1373 2251 aspectui
1396 2197 1604 2237 subductos
1627 2197 1702 2237 eri-

170 2261 289 2316 piant.
354 2261 457 2301 Tum
488 2261 570 2301 sine
600 2276 706 2302 mora
733 2276 883 2302 sursum
910 2272 1067 2305 evectos
1099 2272 1137 2304 et
1167 2265 1205 2304 in
1233 2265 1437 2304 thalamum
1463 2265 1700 2305 introductos

170 2330 322 2384 sponsis
353 2330 434 2371 suis
466 2329 648 2370 restituit.
713 2329 819 2370 Haec
850 2331 902 2371 illi
930 2332 1040 2372 dictis
1068 2332 1254 2386 factisque
1279 2333 1526 2387 profitentes,
1568 2332 1631 2373 vel
1660 2332 1700 2372 in

170 2398 241 2437 hoc
267 2405 400 2438 nostro
427 2396 603 2437 Rhodani
630 2404 755 2437 tractu
782 2398 981 2454 plerasque
1004 2400 1186 2440 mulieres
1211 2400 1249 2439 in
1277 2414 1448 2440 errorem
1477 2407 1696 2440 traxerunt.

172 2463 282 2518 Quae
305 2470 547 2505 canteriatam
570 2467 743 2504 habentes
761 2471 1018 2507 conscientiam
1043 2468 1177 2522 partim
1196 2468 1231 2508 id
1256 2468 1437 2523 perfricta
1458 2469 1582 2508 fronte
1606 2482 1696 2523 prae
1717 2479 1900 2514 1.Tim.4,2.

170 2547 212 2572 se
237 2534 380 2584 ferunt,
415 2534 550 2588 partim
572 2534 806 2574 verecundia
825 2535 975 2587 ductae,
1010 2551 1054 2576 ac
1076 2536 1254 2591 paulatim
1280 2543 1404 2576 tamen
1428 2536 1466 2576 in
1486 2537 1589 2577 vitae
1610 2551 1698 2577 coe-

169 2601 276 2641 lestis
300 2602 609 2656 desperationem
630 2601 837 2656 impulsae,
872 2605 1023 2644 tandem
1047 2612 1111 2645 aut
1133 2604 1179 2644 ab
1202 2604 1367 2647 veritate
1390 2617 1430 2644 se
1456 2604 1606 2658 penitus
1632 2604 1698 2645 ab·

171 2675 411 2720 straxerunt,
446 2676 510 2709 aut
532 2669 652 2709 adhuc
675 2669 879 2712 dubitando
902 2672 1086 2713 fluctuant
1106 2679 1235 2726 atque,
1270 2678 1310 2712 ut
1331 2672 1535 2726 proverbio
1558 2673 1694 2725 fertur,

170 2838 285 2869 Irenaez·
318 2840 500 2879 Inter-prete,
536 2841 681 2871 sententia
715 2840 912 2881 csttayitante.
958 2842 1102 2874 reddidit
1132 2842 1195 2873 suis
1223 2841 1350 2885 sponsis
1382 2844 1469 2874 habet
1495 2844 1556 2875 Vet.
1579 2845 1697 2875 Irenaei

171 2883 256 2914 Libri
280 2893 381 2915 omnes
407 2886 517 2916 habent
539 2881 710 2927 χρώμεῗὲα.
957 2890 1115 2928 Interpres.

216 2926 245 2960 Τ.
270 2930 500 2970 φαντασὶτεῖσα
516 2931 605 2961 codd.
624 2932 725 2961 Paris.
743 2933 769 2961 et
784 2932 910 2971 Rhediq.
1002 2932 1033 2965 9.
1058 2932 1101 2975 δή
1137 2935 1225 2965 codd.
1250 2934 1320 2965 Ven.
1347 2934 1474 2974 Rhediy.
1520 2931 1557 2967 δὲ
1588 2935 1695 2974 reliqui

216 2972 246 3003 ὅ.
271 2971 394 3007 ἑαυτῶν
419 2976 589 3007 emendatio
611 2978 662 3006 est.
706 2976 791 3006 Libri
810 2986 912 3009 omnes
956 2980 1036 3010 libri.

173 3017 281 3049 habent
303 3017 429 3052 ἑαυτοῦ.
476 3022 622 3052 Petavius
642 3022 771 3052 correxit
791 3016 908 3055 αὐτῶν.
