2034 3267
440 169 616 201 PANARn
639 170 720 202 Lm.
742 172 766 202 Ι.
791 171 896 203 ΤοΜ.
915 173 970 203 111.
997 172 1249 204 HAER.XL11.
1525 165 1602 206 593

90 255 128 286 et
143 250 326 286 hominnm
346 249 522 287 hommem
546 264 623 288 esse
648 252 832 289 Christum
852 254 991 299 Iesum,
1027 252 1087 306 qui
1112 259 1312 306 utrumque
1334 242 1606 307 complectere-

91 323 172 366 tur,
206 322 318 369 atque
343 315 390 355 ab
414 315 629 357 hominibus
651 332 827 369 carnem,
862 333 882 358 a
903 320 974 359 deo
996 333 1088 360 vero
1109 327 1215 374 patre
1241 327 1412 361 naturam
1437 322 1607 376 accepis-

89 389 170 434 set,
204 397 300 436 quae
332 384 526 424 oculorum
562 385 681 425 aciem
713 387 877 439 fugeret.

202 448 334 490 Scliol.
354 450 409 491 VI
417 483 425 491 .
464 456 669 492 Secundum
689 457 778 492 haec
795 457 916 493 eadem
929 456 1118 506 faciebant
1129 458 1321 507 prophetis
1332 464 1462 507 putres
1480 461 1603 498 vestri.
1623 472 1694 500 Luc.
1706 473 1731 507 c,
1747 473 1786 500 23.

198 518 333 559 Refut.
360 518 432 559 Vl.
476 519 574 560 Cum
595 521 860 575 prophetarum
882 522 1113 562 mentionem
1136 524 1271 573 faciat,
1305 525 1508 580 prophetas
1530 541 1605 566 non

89 587 276 641 repudiat.
340 585 513 642 Cumque
536 589 684 629 illorum
709 589 863 629 caedem
889 589 1117 639 ulciscatur,
1151 590 1273 644 iisque
1300 593 1361 645 qui
1386 593 1607 633 occiderunt

88 668 133 694 ac
157 655 347 708 persecuti
374 663 484 707 suut,
527 657 623 696 istud
651 657 771 710 ipsum
797 657 1028 711 exprobret,
1074 672 1148 697 non
1176 672 1196 697 a
1224 660 1417 714 prophetis
1440 660 1602 712 alienus,

88 723 154 763 sed
187 724 394 764 eorundem
428 725 519 764 deus
551 725 646 774 erit,
681 739 701 764 a
734 739 806 778 quo
837 724 890 764 illi
922 725 1107 779 originem
1140 732 1356 767 traxerunt.

201 790 334 832 Sehol.
357 790 391 832 V
398 791 448 831 ll.
488 795 579 830 Dico
602 793 714 839 vobis,
748 794 832 831 Non
853 795 978 831 inveni
995 801 1130 832 {emtam
1140 796 1258 845 fidem
1280 810 1394 847 nequo
1412 799 1448 835 in
1468 800 1600 836 Israel.
1626 813 1695 848 Gap.
1710 815 1734 847 γ,
1747 814 1770 840 9.

199 858 333 899 Rel'ut.
360 858 451 899 Vll.
493 858 536 900 Si
569 873 616 899 ne
647 859 684 898 in
709 857 828 899 Israel
855 861 1004 914 quidem
1037 868 1141 901 tanta
1171 869 1229 902 est
1260 862 1304 902 ab
1336 863 1399 903 illo
1432 864 1524 904 fides
1549 864 1605 904 in-

89 936 225 979 venta,
267 934 405 981 quanta
435 926 475 966 in
505 927 730 967 centurione
763 927 826 968 illo
860 929 1015 982 gentili,
1057 944 1133 969 non
1164 928 1282 983 igitur
1308 928 1465 971 Israelis
1497 932 1606 972 fidem

88 996 329 1036 condemnat.
393 994 469 1048 Qui
499 994 532 1034 si
563 1009 583 1034 a
615 995 686 1034 deo
710 995 856 1035 alienus
881 1004 1007 1047 esset,
1052 1011 1174 1051 neque
1198 1005 1262 1037 aut
1289 999 1334 1038 ad
1361 1013 1426 1050 se,
1469 1006 1534 1039 aut
1561 1000 1606 1039 ad

88 1071 231 1119 patrem
264 1078 372 1104 suum
404 1062 607 1112 attineret,
642 1077 881 1117 nequaqnam
912 1064 1011 1104 illam
1044 1066 1298 1119 praedicaret.

200 1129 331 1172 Schol.
358 1129 469 1172 VIII.
512 1129 704 1171 Mutatum
724 1131 823 1172 istud
848 1139 927 1172 est:
961 1136 1098 1172 Beatus
1117 1135 1406 1187 qm'noafuerit
1419 1137 1604 1174 scandali·
1621 1148 1696 1176 lbid.
1715 1150 1756 1177 23.

87 1208 197 1239 zatus
227 1203 264 1239 in
294 1214 361 1238 me.
426 1196 578 1253 Quippe
610 1200 654 1239 ad
686 1197 867 1240 loannem
901 1201 1155 1242 referebatur.

198 1266 333 1307 Resut.
359 1265 469 1309 VIII.
517 1265 610 1308 Sive
635 1267 681 1307 ad
708 1265 913 1319 Ioannem,
944 1268 1027 1309 sive
1053 1270 1098 1309 ad
1124 1269 1245 1324 ipsum
1267 1271 1498 1311 salvatorem
1521 1286 1607 1326 per-

87 1336 229 1387 tineat,
264 1336 397 1376 beatos
419 1335 504 1375 illos
530 1349 616 1376 esse
639 1336 857 1390 pronuntiat
881 1337 943 1390 qui
965 1337 1213 1377 scandalizati
1238 1353 1312 1378 non
1336 1340 1478 1380 fuerint
1500 1340 1537 1380 in
1564 1355 1605 1380 se

86 1404 149 1444 vel
175 1404 212 1443 in
238 1402 406 1454 Ioanne,
451 1417 498 1443 ne
523 1417 567 1443 ea
590 1403 660 1443 sibi
683 1404 825 1456 lingant
849 1418 945 1458 quae
968 1419 989 1444 a
1013 1419 1054 1445 se
1081 1420 1155 1445 non
1179 1406 1383 1447 audierint.
1446 1405 1523 1448 Sed
1549 1408 1606 1448 in-

87 1479 146 1513 est
169 1471 343 1526 quiddam
368 1471 563 1512 attentiori
591 1471 900 1512 consideratione
929 1472 1105 1526 dignum,
1150 1474 1258 1514 cuius
1285 1475 1407 1528 gratia
1430 1475 1493 1515 illa
1518 1484 1607 1516 sunt

86 1555 108 1580 a
131 1540 324 1580 salvatore
350 1539 472 1579 dicta:
507 1553 553 1579 ne
577 1540 658 1592 quis
683 1540 858 1580 videlicet
883 1538 1088 1591 loannem,
1121 1556 1194 1595 quo
1216 1542 1318 1582 inter
1340 1550 1451 1583 natos
1476 1544 1606 1584 mulie-

86 1622 171 1649 rum
192 1607 375 1648 maiorem
400 1621 486 1647 esse
510 1608 699 1647 neminem
723 1607 897 1659 dixerat,
931 1608 1113 1649 salvatori
1139 1610 1251 1649 etiam
1274 1609 1345 1664 ipsi
1372 1618 1606 1666 anteponen-

88 1676 173 1716 dum
201 1683 373 1730 putaret,
418 1675 516 1729 quod
549 1676 580 1714 is
605 1682 715 1715 natus
743 1682 846 1716 esset
876 1689 895 1715 e
921 1676 1096 1716 muliere.
1159 1675 1219 1718 Ob
1250 1678 1285 1717 id
1310 1679 1484 1719 consulto
1505 1680 1606 1719 istud

88 1743 249 1784 adiecit:
294 1746 346 1782 Et
375 1744 500 1782 heatus
530 1746 596 1795 qm'
621 1758 692 1782 non
711 1745 839 1797 faerit
859 1747 1136 1784 scandalizatas
1167 1748 1203 1784 z‘a
1229 1761 1295 1784 me.
1358 1745 1467 1787 Unde
1492 1747 1605 1787 etiam

88 1812 262 1852 subiicit:
298 1815 372 1861 Qm'
392 1819 509 1850 autem
534 1814 652 1850 minor
673 1820 728 1850 est
751 1815 787 1851 2⁰22
813 1827 928 1864 regno
943 1844 953 1860 ,
987 1816 1104 1852 maior
1126 1821 1182 1853 est
1203 1817 1291 1865 ipso.
1351 1812 1448 1854 Erat
1472 1815 1607 1869 quippe

89 1879 262 1920 dominus
283 1879 362 1929 illo,
387 1880 484 1933 quod
509 1880 552 1919 ad
576 1879 701 1919 carnis
724 1880 910 1934 originem
931 1888 1093 1935 spectat,
1120 1882 1296 1922 semestri
1321 1882 1443 1937 spatio
1465 1883 1604 1934 minor,

89 1948 157 1988 sed
185 1948 223 1988 in
254 1961 374 2001 regno
407 1954 533 1988 tamen
567 1948 710 1999 maior,
752 1955 883 2003 utpote
913 1943 974 2002 qui
1005 1956 1043 1989 et
1068 1949 1169 1990 illius
1195 1956 1300 1990 esset
1331 1951 1439 1990 deus.
1499 1950 1609 1991 Nihil

89 2016 189 2057 enim
213 2015 432 2069 unigenitus
457 2015 553 2055 clam
579 2015 769 2066 dicturus,
812 2023 875 2056 aut
899 2017 995 2057 falso
1021 2017 1307 2071 praedicaturus
1331 2018 1500 2058 advenit.
1561 2022 1605 2058 In
1625 2034 1724 2061 toa-m.

89 2086 246 2132 occulto,
280 2084 423 2138 inquit,
457 2086 600 2122 locutas
618 2098 696 2122 sum
717 2087 830 2132 ne‘lze'l,
866 2087 931 2124 secl
942 2088 1080 2137 palam.
1145 2083 1340 2140 Siquidem
1363 2087 1505 2126 veritas
1529 2093 1602 2134 est,
1624 2069 1664 2103 ω’
1683 2070 1723 2096 ²⁰‘

91 2160 132 2193 ut
155 2152 315 2193 asserit:
358 2155 441 2203 Ego
465 2166 544 2190 sum
568 2155 645 2199 via,
679 2160 717 2190 et
733 2156 881 2192 veritas.
946 2152 1077 2207 Quare
1102 2167 1171 2194 nee
1195 2168 1366 2194 errorem
1391 2154 1504 2194 habet
1523 2154 1600 2205 via,
1619 2172 1804 2207 102„„,14,0,

89 2234 160 2261 nec
193 2220 334 2260 veritas
365 2219 608 2274 semetipsam
640 2219 880 2261 dissimulans
911 2222 1148 2262 mendacium
1180 2223 1340 2276 profert.

203 2286 334 2329 Schol.
362 2286 436 2327 IX.
479 2291 549 2326 He'c
572 2295 629 2326 est
648 2291 691 2326 de
711 2304 780 2341 quo
798 2292 974 2342 scriptum
994 2298 1068 2329 est.-
1103 2293 1199 2329 Eece
1220 2305 1287 2341 ego
1308 2294 1410 2329 mitto
1432 2293 1602 2342 angelum
1622 2308 1693 2336 Luc.
1705 2308 1731 2344 γ,
1746 2309 1787 2336 27.

91 2371 205 2396 meum
235 2364 319 2396 ante
337 2358 477 2408 faciem
510 2363 620 2394 tuam.
1624 2353 1775 2423 Magfaff·

202 2423 335 2465 Refut.
363 2421 438 2463 IX.
484 2421 527 2463 Si
557 2421 737 2463 Ioannem
765 2424 983 2479 unigenitus
1000 2425 1075 2480 ⁴dei
1103 2426 1199 2466 filins
1231 2425 1425 2479 agnoscit,
1470 2441 1607 2468 conse-

91 2505 212 2546 quens
236 2499 309 2542 est,
343 2498 384 2532 ut
405 2498 492 2531 ante
512 2492 752 2545 cognoverit.
812 2491 896 2533 Hoc
917 2494 998 2547 ipso
1016 2507 1109 2533 vero
1132 2494 1229 2547 quod
1254 2500 1340 2533 ante
1363 2495 1604 2548 cognoverit,

92 2560 266 2600 veritatis
291 2559 472 2599 studiosis
496 2559 598 2599 illum
624 2573 709 2599 esse
733 2560 989 2611 demonstrat,
1023 2561 1067 2601 de
1093 2575 1164 2615 quo
1190 2561 1369 2616 scriptum
1393 2562 1464 2612 sit,
1496 2565 1606 2601 Mitto

91 2630 262 2678 angelum
283 2643 397 2667 meum
420 2635 504 2667 ante
520 2628 652 2679 faciem
677 2635 787 2666 tuam.
852 2626 1110 2682 Quamobrem
1134 2629 1195 2683 qui
1215 2629 1265 2668 ita
1286 2628 1461 2683 scripsit,
1495 2637 1533 2670 et
1552 2630 1606 2669 di-

93 2694 174 2745 xit,
206 2698 318 2735 Mitto
338 2698 508 2747 angelum
531 2710 644 2734 meum
668 2703 752 2734 ante
770 2697 900 2749 faciem
926 2705 1046 2746 ῐααηι,
1090 2698 1343 2752 sempiternus
1368 2698 1518 2751 inquam
1542 2698 1604 2738 ille

94 2762 208 2813 deus,
252 2763 315 2818 qui
339 2763 377 2803 in
401 2762 595 2818 prophetis
620 2777 663 2803 ac
689 2763 774 2816 lege
800 2764 946 2805 locutus
971 2773 1050 2815 est,
1093 2780 1113 2804 a
1143 2763 1230 2805 Iesu
1256 2762 1412 2805 Christo
1436 2765 1511 2805 filio
1535 2779 1604 2806 suo

94 2843 330 2885 nequaquam
354 2831 560 2882 abhorret3
602 2845 685 2871 eum
709 2830 809 2871 illius
832 2839 918 2873 ante
942 2832 1099 2883 faciem,
1132 2832 1309 2887 nimirum
1331 2832 1395 2873 filii
1421 2834 1515 2887 apud
1540 2847 1604 2888 pa-

138 2930 190 2964 53.
213 2932 282 2966 υἱοῦ
307 2935 344 2965 de
367 2936 538 2966 coniectura
563 2934 674 2965 addidi
697 2943 766 2965 cum
788 2935 924 2967 Petavto.
969 2937 1034 2968 Non
1057 2938 1138 2967 extat
1167 2937 1245 2967 enim
1274 2937 1304 2966 in
1330 2938 1398 2967 velt.
1421 2937 1506 2967 libris
1530 2937 1606 2967 illud

94 2979 288 3010 vocabulum.

163 3031 275 3067 Corpus
293 3032 468 3062 Haereseol.
488 3033 524 3060 11.
1287 3039 1338 3079 38
