2034 3267
514 145 691 179 PANARtt
717 146 798 179 Lis.
818 148 842 178 1.
867 147 972 179 ToM.
992 148 1049 179 111.
1072 148 1203 180 HAER.
1225 147 1315 179 xLi.
1598 142 1678 180 549

148 223 304 275 scribit3
348 224 410 278 qui
438 225 588 279 quidem
617 233 653 265 et
678 225 750 280 ipsi
780 226 816 266 in
841 226 1019 267 haeresin
1042 227 1208 282 prolapsi
1234 235 1345 278 sunt,
1389 229 1500 268 alium
1528 229 1678 282 praedi-

147 300 280 332 cantes
311 292 445 343 deum,
489 307 533 332 ae
558 294 807 347 genealogias
831 294 1158 344 interminabiles,
1203 309 1452 350 erroremque
1479 296 1581 336 inter
1612 296 1679 336 ho-

149 359 272 399 mines
301 359 620 411 disseminantes,
655 376 738 401 eum
766 376 785 402 a
813 363 883 401 deo
907 369 1095 415 negarent
1122 362 1343 403 fabricatum
1369 377 1456 404 esse
1480 365 1675 415 mundum,

147 427 212 468 sed
234 442 253 466 a
278 425 562 483 Principatibus
585 443 628 469 ac
650 427 914 469 potestatibus
938 430 1129 469 conditum
1154 438 1391 482 assererent,
1421 433 1676 473 resurrectio-

147 509 233 535 nem
268 496 416 535 demum
454 497 640 537 accidisse
673 497 745 537 iam
783 497 978 547 dicerent,
1024 496 1099 536 illis
1130 497 1224 550 ipsis
1258 500 1513 552 producendis
1546 500 1677 540 liberis

146 577 240 617 quos
273 571 471 618 parentum
504 565 663 619 quisque
694 564 914 618 genuisset,
962 578 1033 603 nec
1065 564 1174 603 aliam
1203 573 1438 605 mortuorum
1467 575 1677 621 expectan-

146 631 228 671 dam
257 645 344 672 esse
370 633 712 672 resurrectionem.
779 632 859 673 Vos
884 639 1010 671 autem
1038 646 1204 685 quaeso,
1242 634 1401 682 fratres,
1435 634 1676 676 animadver-

145 698 214 739 tite
237 700 447 739 cuiusmodi
474 700 624 754 propria
648 699 697 740 sit
722 700 898 741 veritatis
923 709 1035 749 nota,
1070 707 1108 738 et
1131 701 1174 740 ad
1201 700 1348 740 illorum
1373 702 1676 744 convincendam

145 767 425 821 improbitatem
458 775 562 807 certa
595 768 707 807 ratio.

256 834 444 889 Equidem
480 834 575 875 satis
607 849 798 890 superque
835 836 1023 875 adversus
1058 835 1142 875 illos
1175 835 1404 889 disputatum
1439 851 1460 876 a
1494 851 1555 877 me
1590 852 1676 879 esse

145 903 286 943 iudico.
351 901 482 956 Quare
508 903 576 942 bac
597 903 739 943 omissa
764 903 929 956 reliquas
954 917 1186 957 persequar,
1222 911 1257 943 et
1281 904 1315 943 id
1342 919 1456 944 uuum
1484 912 1673 956 attexam,

142 970 245 1010 illam
272 971 361 1011 milii
388 971 565 1010 haeresin
594 970 640 1010 ob
671 970 914 1026 multiplicem
939 971 1266 1011 Archontieorum
1291 972 1583 1026 appellationem
1611 989 1677 1015 va-

144 1039 223 1078 riae
264 1053 307 1077 ac
344 1039 553 1092 perplexae
585 1046 806 1093 serpentum
840 1038 1073 1094 improbitati
1114 1053 1224 1093 quam
1262 1039 1492 1080 simillimam
1535 1042 1673 1082 videri.

143 1105 290 1146 Nescio
322 1106 421 1145 enim
454 1121 528 1159 quo
563 1113 673 1160 paeto
708 1107 763 1146 sic
789 1114 967 1160 tanquam
998 1107 1125 1147 multis
1153 1122 1205 1147 ex
1227 1108 1415 1161 anguibus
1440 1110 1611 1150 confusis
1638 1110 1675 1150 in

142 1188 257 1213 unum
282 1187 325 1213 ac
350 1175 578 1228 promiscuis
602 1175 773 1229 pestiferi
799 1175 899 1215 illius
924 1176 1069 1215 erroris
1094 1189 1243 1216 venena
1269 1177 1433 1216 conflata
1459 1184 1562 1217 sunt.
1625 1177 1677 1219 Ut

141 1241 177 1280 in
207 1241 280 1281 illis
309 1242 442 1295 partim
470 1242 649 1282 draconis
676 1243 763 1282 insit
791 1243 974 1294 audacia,
1011 1243 1144 1298 partim
1172 1244 1318 1298 physali
1345 1245 1554 1295 calliditas,
1589 1260 1676 1300 par-

141 1309 203 1348 tim
227 1309 383 1363 spiritus
408 1324 504 1363 quae
531 1310 646 1349 estin
672 1310 837 1350 baetone
862 1312 1107 1365 suppressio,
1144 1312 1279 1365 partim
1304 1312 1480 1353 aconitae
1504 1313 1671 1367 agilitas,

138 1377 274 1431 partim
307 1377 514 1417 ostracitae
542 1392 660 1432 prona
689 1378 901 1419 lubricitas.
966 1378 1141 1432 Quorum
1167 1380 1334 1419 omnium
1363 1380 1456 1419 eliso
1482 1382 1604 1434 eapite
1629 1396 1673 1422 ac

137 1444 311 1485 veritatis
335 1445 509 1485 doctrina
534 1446 700 1485 contrito
721 1447 765 1485 ad
792 1447 958 1500 reliquas
980 1447 1242 1498 transibimus,
1278 1461 1320 1487 ac
1342 1447 1580 1501 singularum
1604 1449 1673 1489 fat-

140 1511 292 1553 sitatem
324 1527 488 1567 arguere
520 1514 590 1553 deo
624 1514 833 1568 opitulante
865 1514 1105 1555 conabimur.

335 1672 786 1721 ADVERSUS
851 1674 1474 1737 CERDONIANOS,

454 1769 561 1813 quae
598 1758 665 1801 est
699 1754 893 1802 haeresis
920 1754 1072 1814 XXI„
1109 1755 1201 1803 sive
1228 1755 1352 1803 XLI.

247 1851 345 1892 Tam
379 1852 435 1892 his
468 1867 578 1907 quam
611 1853 844 1894 Heracleoni
873 1855 1024 1909 quidam
1054 1853 1184 1896 Cerdo
1212 1857 1426 1909 successit,
1460 1858 1506 1898 ab
1536 1859 1668 1899 eadem

136 1919 266 1958 schola
301 1921 515 1974 profectus,
563 1930 597 1961 et
636 1936 657 1961 a
690 1920 849 1962 Simone
882 1935 926 1963 ac
959 1922 1158 1964 Saturnilo
1194 1927 1339 1966 erroris
1374 1933 1509 1967 nactus
1545 1927 1669 1968 initia.

138 1984 213 2039 Qui
236 2001 319 2026 eum
347 2002 366 2027 e
396 1986 511 2043 Syria
538 1988 699 2028 Romam
727 1991 997 2044 peregrinandi
1019 2005 1156 2032 caussa
1183 1993 1299 2033 miser
1323 1995 1578 2043 accessisset,
1613 1996 1672 2035 sui

138 2054 244 2094 iuxta
264 2069 308 2094 ac
331 2062 562 2096 sectatorum
585 2071 741 2097 suorum
765 2058 870 2098 labes
893 2060 1076 2113 quaedam
1099 2074 1143 2099 ac
1166 2062 1357 2115 pernicies
1381 2062 1465 2102 fuit.
1527 2061 1671 2103 Miser-

136 2122 229 2161 rima
252 2122 386 2177 qnippe
411 2132 498 2163 tune
523 2131 581 2164 est
606 2125 798 2165 bominum
825 2135 986 2178 natura,
1021 2143 1103 2168 eum
1132 2129 1190 2168 dei
1216 2130 1316 2169 viam
1342 2130 1588 2183 relinquens,
1633 2138 1670 2170 et

137 2204 157 2229 a
187 2189 314 2229 divina
342 2205 383 2230 se
412 2192 615 2232 vocatione
640 2206 876 2246 segregans,
921 2196 1072 2250 longius
1099 2196 1269 2237 aberrat.
1334 2195 1484 2250 Quibus
1505 2197 1596 2238 illud
1624 2199 1670 2239 de

136 2257 243 2297 canis
271 2259 414 2298 t'abulas
438 2260 647 2313 contingit,
684 2261 744 2314 qui
774 2262 809 2302 in
834 2261 916 2303 eius
943 2264 1039 2317 quod
1068 2263 1103 2304 in
1130 2279 1197 2304 ore
1219 2265 1397 2319 gestabat
1417 2265 1588 2306 umbram
1613 2266 1670 2306 iu-

136 2332 288 2375 tentus,
324 2333 361 2365 et
384 2326 420 2365 in
446 2341 580 2380 aquam
604 2328 844 2382 despiciens,
878 2331 962 2370 dum
988 2332 1122 2371 eodem
1146 2332 1230 2372 cibo
1258 2347 1368 2386 quem
1395 2333 1587 2374 mordicus
1615 2336 1669 2375 fe-

136 2393 244 2433 rebat
277 2393 459 2433 maiorem
492 2395 661 2435 umbram
693 2410 779 2437 esse
810 2399 1049 2453 suspicatur,
1095 2400 1247 2440 diducto
1280 2400 1378 2441 rictu
1410 2401 1512 2441 illum
1544 2402 1667 2457 ipsum

137 2459 199 2513 qui
227 2475 340 2500 verus
365 2468 447 2500 erat
471 2463 648 2516 perdidit.
712 2463 778 2505 Sic
802 2465 852 2506 illi
876 2474 1030 2521 reperta
1051 2468 1128 2518 via,
1163 2469 1248 2508 dum
1275 2469 1356 2509 eius
1380 2469 1536 2510 umbrae
1557 2485 1667 2524 quam

136 2527 173 2566 in
201 2527 297 2567 falsa
322 2529 503 2582 opinione
529 2530 803 2572 circumferunt
825 2542 1021 2588 compotes
1049 2536 1128 2575 fieri
1154 2537 1331 2587 student,
1375 2552 1450 2577 non
1477 2538 1590 2578 modo
1613 2539 1668 2578 di-

136 2594 279 2635 vinitus
303 2609 529 2637 concessum
554 2598 641 2638 illud
666 2600 764 2653 quod
790 2614 871 2651 ore,
907 2609 947 2641 ut
966 2603 1016 2642 ita
1042 2603 1226 2653 dixerim,
1262 2606 1412 2656 serunt,
1446 2605 1666 2647 alimentum

138 2662 372 2713 amiserunt,
407 2666 472 2704 sed
505 2665 664 2720 insuper
693 2667 854 2708 exitium
885 2670 956 2710 sibi
989 2670 1083 2724 ipsis
1115 2671 1340 2712 attulerunt.

252 2795 375 2851 igitur
399 2797 528 2840 Cerdo
555 2800 701 2856 Hygini
727 2818 844 2858 papae
871 2807 1106 2861 temporibus
1132 2807 1226 2858 fuit,
1260 2807 1321 2862 qui
1346 2807 1382 2848 in
1406 2810 1666 2864 apostolorum

183 2945 213 2978 3.
239 2944 359 2988 βαίτων
383 2947 464 2979 idem
488 2950 608 2982 videtur
630 2960 691 2983 esse
714 2954 766 2991 qui
790 2955 963 2993 appellatur
987 2953 1071 2998 βέων
1094 2956 1177 2986 haer.
1199 2954 1252 2994 50,
1276 2953 1308 2987 3.

1697 1866 1773 1910 Cap.
1799 1868 1822 1898 1.
