2034 3267
471 181 647 212 PANARH
674 181 755 213 [AB.
776 181 798 213 Ι.
824 181 929 213 ΤΟΜ.
949 181 987 211 ll.
1015 181 1143 212 HAER.
1166 181 1298 212 XXXI.
1566 173 1640 212 321

120 260 232 300 bula:
268 256 491 314 Carpistes,
525 258 782 309 Horothetes,
819 257 1103 310 Charisterius,
1138 259 1334 314 Aphetus,
1368 257 1641 313 Metagogeus.

120 326 171 368 Hi
202 326 484 368 Mediocritatis
516 327 578 367 filii
610 327 736 367 vocati
767 334 870 367 sunt.
933 325 1058 366 Velim
1091 333 1217 367 antem
1248 341 1268 367 a
1300 326 1407 367 vobis
1439 327 1638 381 cognosci,

119 396 303 451 Ampsiu,
337 395 496 445 Auran,
533 393 680 446 Cucua,
716 395 911 445 Thardus,
946 393 1120 444 Ubucua,
1156 394 1421 444 Thardeddin,
1454 394 1637 444 Merexa,

118 464 241 514 Atar,
283 462 435 514 Barba,
480 461 634 514 Uduca,
678 460 845 512 Cesten,
887 460 1069 512 Uduach,
1104 461 1247 513 Eslen,
1281 462 1454 516 Amplie,
1487 462 1641 504 Naesu-

117 545 230 581 men,
273 529 477 582 Uananin,
526 530 781 579 Lametarde,
827 529 1179 580 Athamessumen,
1226 529 1386 580 Allora,
1433 528 1636 582 Cubiatha,

115 597 329 649 Naddaria,
364 598 541 649 Damma,
576 596 698 648 Oren,
731 596 954 650 Lanaphec,
991 595 1239 650 Udanphech,
1267 596 1636 651 Emphoauiiboche,

119 663 267 718 Barra,
302 667 539 718 Assiuache,
573 665 719 716 Betim,
752 663 1039 715 Dexarichem‚
1072 662 1241 704 Masem.

294 757 531 789 HACTENUS
557 756 618 787 EX
642 754 845 786 ILLORUM
869 755 1009 786 LIBRIS
1035 755 1089 786 EA
1115 754 1463 787 DEPROMPSlMUS.

229 936 438 978 Praeterea
463 937 501 977 in
523 936 704 990 Aegypto
730 950 880 990 quoqne
906 936 1080 989 dogmata
1103 935 1165 975 illa
1191 949 1257 975 sua
1282 937 1520 990 propagavit.
1574 936 1638 978 Ex

118 1020 190 1059 quo
225 1012 417 1060 tempore,
462 1005 516 1045 sic
548 1011 726 1057 tanquam
762 1003 1025 1058 viperinorum
1054 1003 1197 1042 ossium
1231 1003 1416 1056 reliquiae
1455 1005 1637 1057 quaedam

117 1074 192 1113 illic
222 1073 368 1114 semina
397 1073 496 1113 illius
528 1071 663 1112 relicta
694 1078 805 1121 sunt,
845 1071 1071 1126 praesertim
1098 1071 1136 1111 in
1163 1070 1420 1121 Athribitide,
1455 1070 1638 1126 Prosopi-

118 1141 214 1190 tidc,
247 1139 494 1181 Arsenoitide
519 1154 562 1180 ac
593 1139 793 1180 Thebaide
817 1137 1089 1189 Praefectura,
1135 1152 1204 1178 nec
1230 1153 1306 1178 non
1330 1139 1365 1178 in
1393 1140 1565 1180 inferiori
1593 1154 1637 1180 ac

117 1209 302 1249 maritima
340 1208 512 1262 adeoque
545 1207 814 1248 Alexandrina
853 1208 1027 1261 regione.
1097 1205 1317 1260 Quinetiam
1352 1206 1516 1248 Romam
1550 1223 1639 1263 pro-

118 1278 238 1317 fectus
260 1290 432 1316 errorem
455 1290 564 1316 suum
591 1275 628 1315 in
656 1290 700 1315 ea
722 1275 815 1316 urbe
839 1276 1054 1330 dissipavit.
1117 1273 1195 1316 Sed
1221 1276 1266 1315 ad
1291 1273 1462 1330 Cyprum
1490 1277 1637 1317 delatus

116 1344 200 1384 fidei
235 1344 498 1398 naufragium,
545 1344 650 1384 velut
685 1344 859 1398 corporis
897 1344 1076 1394 fecisset,
1120 1343 1260 1382 ibidem
1297 1357 1433 1397 passus
1469 1344 1636 1385 animum

117 1412 270 1452 omnino
295 1412 534 1466 depravavit.
598 1410 795 1465 Siquidem
819 1412 1003 1452 hactenus
1026 1418 1173 1466 partem
1197 1410 1351 1465 pietatis
1372 1411 1533 1465 aliquam
1559 1413 1638 1452 sin-

115 1494 302 1534 ceraeque
333 1480 419 1520 fidei
450 1480 620 1520 retinere
650 1480 726 1520 illis
756 1479 794 1519 in
825 1480 920 1520 locis
950 1479 1166 1520 videbatur.
1228 1476 1272 1518 In
1305 1476 1435 1534 Cypro
1466 1493 1560 1520 vero
1592 1481 1636 1520 ad

112 1555 328 1588 extremum
353 1547 557 1603 impietatis
582 1548 782 1602 prolapsus
810 1555 890 1598 est,
934 1562 1052 1601 seque
1078 1547 1117 1588 in
1141 1561 1222 1587 eam
1247 1561 1357 1600 quam
1383 1554 1510 1588 tuetur
1532 1548 1637 1602 flagi-

111 1615 249 1656 tiorum
281 1616 517 1671 disciplinam
550 1616 663 1656 altins
693 1616 895 1656 immersit.

223 1681 297 1724 Est
327 1691 452 1724 autem
485 1684 578 1725 haec
611 1684 762 1724 illorum
789 1684 938 1739 opinio:
974 1682 1100 1724 Iesum
1127 1681 1323 1725 Christum
1351 1685 1541 1725 dominum
1569 1700 1638 1725 no-

114 1758 235 1791 strum
256 1752 489 1793 salvatorem
510 1766 597 1793 esse
618 1753 670 1792 uti
695 1752 878 1802 diximus,
906 1765 950 1791 ac
974 1749 1169 1792 Christum
1196 1760 1234 1792 et
1257 1751 1445 1803 Verbum,
1474 1766 1517 1792 ac
1537 1751 1637 1794 Tra-

114 1819 332 1870 ductorem,
367 1827 406 1861 et
426 1819 638 1861 Finitorem
662 1835 705 1860 ac
730 1819 972 1860 Terminum.
1035 1818 1210 1860 Eundem
1235 1835 1373 1876 corpus
1394 1835 1414 1861 e
1440 1821 1548 1861 coelo
1573 1822 1637 1862 de-

114 1887 248 1928 tulisse
278 1902 338 1938 ac,
370 1895 547 1942 tanquam
577 1903 673 1943 aqna
705 1902 773 1943 per
796 1888 978 1939 fistulam,
1013 1888 1068 1928 sic
1094 1888 1198 1928 illum
1226 1903 1296 1943 per
1320 1888 1485 1929 Mariam
1510 1896 1636 1930 trans-

112 1955 206 1996 iisse
240 1956 452 2010 virginem,
497 1971 621 2010 neque
660 1957 858 2010 quicquam
895 1970 944 1996 ex
970 1956 1058 2003 ,eius
1092 1963 1202 1996 utero
1235 1957 1469 2012 sumpsisse,
1514 1958 1579 1998 sed
1615 1972 1635 1998 e

111 2024 220 2064 coelo
242 2025 412 2065 traxisse
437 2039 592 2079 corpus.
653 2023 793 2078 Neque
817 2038 909 2064 vero
931 2024 1092 2079 primum
1113 2025 1216 2065 illum
1241 2023 1411 2066 Verbum
1437 2039 1523 2066 esse
1547 2040 1636 2065 cen-

112 2099 220 2142 sent,
255 2106 378 2146 neque
400 2092 617 2147 proximum
643 2092 689 2132 ab
711 2106 756 2132 eo
782 2090 1000 2143 Christum,
1034 2092 1094 2146 qui
1117 2093 1155 2132 in
1179 2093 1287 2133 coelo
1312 2107 1514 2148 supremus
1536 2094 1638 2133 inter

112 2161 272 2201 Aeones
298 2160 465 2212 residet,
498 2161 566 2200 sed
597 2160 679 2200 eius
708 2160 818 2200 unius
845 2174 981 2200 caussa
1007 2161 1254 2213 productum,
1292 2168 1333 2200 ut
1358 2161 1395 2201 in
1423 2169 1546 2202 terras
1572 2163 1636 2201 de-

113 2228 243 2282 lapsus
263 2228 434 2283 spiritale
457 2243 597 2283 genus,
631 2229 729 2282 quod
752 2242 772 2268 e
796 2228 904 2268 coelo
926 2228 1034 2268 duxit
1057 2228 1259 2281 originem,
1286 2228 1482 2268 liberaret.
1528 2227 1636 2268 Mor-

113 2302 266 2336 tuorum
289 2296 614 2337 resurrectionem
642 2296 880 2347 inficiantur3
924 2297 969 2336 de
993 2310 1065 2350 qua
1089 2296 1286 2336 ridiculam
1313 2296 1500 2350 quandam
1529 2296 1637 2336 fabu-

113 2362 186 2403 lam
210 2371 370 2414 texunt,
405 2379 482 2405 non
505 2364 575 2404 hoc
595 2364 717 2419 ipsum
740 2377 946 2417 resurgere
967 2378 1122 2419 corpus,
1157 2365 1223 2404 scd
1247 2364 1408 2404 alterum
1429 2378 1480 2404 ex
1502 2364 1634 2404 codem

112 2437 260 2483 ortum,
293 2432 392 2485 quod
418 2432 589 2487 spiritale
613 2438 856 2486 nuncupant3
891 2445 1014 2486 neque
1041 2440 1166 2472 tamen
1191 2431 1380 2481 omnium,
1414 2432 1480 2471 sed
1503 2445 1634 2472 eornm

113 2498 299 2540 duntaxat
319 2514 415 2554 quos
436 2500 488 2540 illi
510 2499 702 2554 spiritales
726 2507 967 2553 nuncupant,
999 2508 1112 2554 atque
1137 2514 1269 2540 eorum
1294 2500 1408 2539 etiam
1434 2514 1527 2553 quos
1554 2500 1635 2539 :ini-

111 2566 229 2607 males
251 2575 414 2618 vocant,
449 2567 649 2607 dummodo
671 2567 771 2607 iuste
794 2567 1028 2622 honesteque
1059 2581 1101 2608 se
1133 2575 1284 2622 gerant.
1348 2565 1538 2617 Ceteros,
1573 2567 1634 2621 qui

112 2631 337 2676 Materiales
370 2635 415 2675 ab
449 2635 519 2686 iis,
568 2642 606 2675 et
637 2649 723 2675 cum
755 2649 870 2676 carne
898 2635 1092 2687 concreti,
1139 2651 1181 2676 ac
1208 2636 1352 2676 terreni
1379 2635 1632 2690 appellantur,

159 2758 213 2793 33.
234 2762 370 2803 δαμμοδ
390 2761 596 2800 cod.Rhedi9.
625 2757 749 2802 δαμμώ
764 2760 852 2792 codd.
945 2761 998 2794 37.
1025 2771 1127 2802 μασεν
1151 2761 1217 2792 cod.
1243 2761 1314 2791 Ven.

118 2804 189 2835 Ven-
223 2807 317 2837 Valic.
943 2806 996 2838 35.
1022 2804 1122 2838 ΤΩΝ
1144 2815 1202 2836 om.
1222 2806 1310 2836 codd.
1336 2806 1403 2836 Ven.
1426 2806 1564 2845 Rhediq„
1583 2807 1638 2837 ha-

160 2846 213 2882 34.
238 2852 392 2893 ουδινφεκ
416 2852 483 2883 cod.
507 2853 577 2882 Ven.
899 2853 946 2882 bet
968 2853 1064 2882 Vatic.
1101 2853 1135 2882 1η
1156 2851 1225 2881 edit.
1244 2851 1342 2889 princ.
1364 2851 1556 2882 desideratur
1577 2854 1639 2882 tota

161 2892 211 2925 35.
236 2893 406 2941 ἐνφειβοχε
440 2897 506 2927 cod.
536 2897 607 2927 Veri.
665 2893 854 2939 ἐνφιὲιβοχε
899 2898 1094 2935 subscriptio.

118 2938 184 2968 cod.
203 2941 330 2980 Rhediy.
948 2941 1026 2973 Cap,
1045 2941 1114 2971 Vll.
1133 2959 1174 2964 -
1203 2939 1231 2971 1.
1261 2941 1356 2979 Vulgo
1380 2936 1583 2985 Ἀρσενοϊῗῃ.

160 2982 213 3016 36.
236 2981 363 3018 ἀσσιου.
390 2986 549 3029 αχεβελιμ
571 2986 638 3018 cod.
666 2986 764 3017 Vener.
945 2985 976 3017 2.
1002 2982 1174 3019 ἀνασῶσαι
1195 2985 1260 3017 cod.
1287 2985 1382 3017 Varie.

185 3035 298 3073 corpus
316 3038 488 3067 Haereseol.
508 3038 545 3066 11.
1320 3044 1367 3082 21

1666 943 1741 985 Cap.
1758 947 1823 978 VH.
