2034 3267
495 168 672 201 PANARH
695 169 775 203 ΜΒ.
794 171 817 202 ῐ.
841 170 946 203 ΤοΜ.
969 171 1022 202 in.
1049 170 1302 203 HAER.XL11.
1580 163 1659 202 629

145 251 226 306 ipsa
249 248 449 290 veritatis?
508 247 633 302 Quem
661 249 759 290 enim
787 249 989 290 detestaris
1015 250 1184 290 carnium
1210 264 1338 300 esum,
1374 263 1457 290 cum
1485 249 1659 290 dominus

145 333 228 359 cum
255 316 447 371 discipulis
471 316 640 357 adhibuit
663 323 738 357 tum
764 331 848 358 cum
871 315 1019 357 Pascha
1043 332 1094 358 ex
1113 318 1208 371 legis
1231 317 1466 373 praescripto
1489 317 1660 358 celebra-

144 387 212 427 vit.
272 384 360 425 Nec
383 391 443 424 est
466 385 563 438 quod
590 385 692 425 dicas
717 384 939 440 mysterium
965 385 1035 425 hoc
1060 386 1104 425 ab
1128 385 1214 435 illo,
1257 386 1354 439 quod
1381 393 1462 425 erat
1486 393 1660 439 peractu-

145 467 231 503 rus,
267 453 385 493 fuisse
408 452 667 503 nominatum,
702 467 786 493 cum
804 452 855 492 ita
879 453 1045 492 diceret:
1081 455 1168 491 Volo
1193 456 1413 492 manducare
1434 456 1575 493 Pascha
1598 469 1658 493 vo—

145 523 295 561 biscum.
358 519 460 560 Nam
489 527 528 560 ut
549 521 730 575 pudorem
756 519 824 560 tibi
847 520 948 559 omni
976 534 1026 559 ex
1049 527 1154 574 parte
1177 521 1320 560 veritas
1346 521 1480 571 faciat,
1524 536 1598 562 non
1624 523 1659 562 ei

143 588 328 644 mysterio
349 588 452 642 prius
475 588 623 642 operari
646 587 781 638 voluit,
816 601 862 627 ne
884 587 1079 627 inficiandi
1101 588 1343 628 occasionem
1364 588 1540 639 haberes,
1574 590 1656 640 sed,

144 660 231 696 Cam
257 664 464 703 coenasset,
499 655 644 709 inquit,
676 659 859 706 accipiens
880 657 968 693 lzaee
989 663 1028 693 et
1048 657 1133 702 illa,
1178 658 1294 703 de'oez't,
1337 659 1416 695 Hoc
1438 665 1494 695 est
1514 659 1603 696 llaec
1625 666 1663 696 et

142 727 229 772 illa,
265 724 405 764 nullum
428 731 468 764 ut
489 723 687 764 cavillandi
710 722 1036 775 calumniandique
1058 722 1181 762 locum
1205 723 1453 777 relinqueret.
1517 722 1659 765 Osten-

141 792 194 832 dit
214 792 313 832 enim
334 792 455 846 ipsum
478 799 725 846 posteaquam
750 788 939 829 ludaicum
960 788 1107 830 Pascha
1131 791 1315 841 comedit,
1350 791 1420 832 hoc
1444 799 1502 832 est
1522 806 1659 833 secun-

140 861 224 900 dum
257 874 439 910 coenam,
473 859 519 898 ad
550 857 818 898 celebrandum
849 857 1061 897 accessisse
1093 859 1332 913 mysterium.

253 925 385 969 Schol.
410 923 543 966 LXII.
586 928 641 964 Et
655 926 844 972 recubuit,
879 933 916 963 et
937 928 1123 964 duodecim
1143 929 1304 978 apostoli
1321 941 1401 965 eam
1424 929 1510 966 illo.-
1543 936 1581 967 et
1601 931 1656 967 de'-
1675 939 1744 967 Luc.
1757 942 1800 975 22,
1820 942 1856 969 15.

138 1000 216 1044 «τῖε,
265 997 454 1035 Desiderio
481 996 690 1032 desideravi
710 995 777 1031 hoo
802 995 944 1031 Pascha
971 996 1192 1032 manducare
1215 996 1419 1042 vobiscum,
1463 1004 1656 1048 antequam

132 1068 273 1117 patiar.

250 1130 383 1171 Refut.
409 1127 544 1169 LXII.
590 1127 786 1169 Recubuit
806 1128 998 1179 salvator,
1033 1144 1054 1168 o
1078 1127 1256 1181 Marcio,
1290 1144 1375 1170 cnm
1399 1144 1521 1185 eoque
1545 1131 1658 1172 disci-

138 1199 215 1254 puli
239 1197 458 1240 duodecim!
523 1194 567 1237 Si
600 1204 674 1237 tam
707 1196 768 1236 ille
800 1196 997 1247 recubuit,
1043 1211 1153 1251 quam
1185 1212 1261 1237 una
1290 1197 1353 1238 isti
1380 1199 1655 1251 recubuerunt,

138 1282 212 1308 non
238 1273 362 1322 potest
384 1265 507 1306 eidem
530 1264 615 1305 voci
639 1264 793 1305 diversa
817 1265 921 1304 notio
944 1279 988 1304 ac
1012 1272 1182 1319 potestas
1207 1265 1347 1319 affingi,
1384 1268 1532 1307 tametsi
1559 1269 1657 1322 quod

138 1336 182 1375 ad
207 1334 426 1389 dignitatem
453 1347 497 1373 ac
524 1333 674 1373 modum
701 1332 835 1372 attinet
862 1333 1033 1373 nonnihil
1060 1333 1225 1373 intersit.
1288 1333 1368 1374 Aut
1392 1334 1509 1388 igitur
1536 1336 1657 1376 faten-

137 1403 222 1443 dum
247 1402 310 1442 tibi
334 1410 392 1442 est
413 1402 609 1442 duodecim
634 1414 782 1455 quoque
805 1401 1009 1455 discipulos
1033 1402 1161 1455 specie
1184 1408 1294 1442 tenus
1318 1402 1560 1454 accubuisse,
1593 1412 1658 1444 aut

134 1470 281 1524 ipsum,
329 1470 390 1524 qui
420 1484 514 1511 vere
545 1483 700 1509 carnem
731 1468 930 1520 induerat,
976 1482 1067 1509 vere
1098 1468 1259 1523 idipsum
1292 1470 1432 1524 egisse.
1495 1469 1571 1524 Qui
1601 1472 1656 1512 sic

134 1538 221 1579 ideo
244 1538 395 1578 locutus
419 1545 498 1578 est:
531 1540 722 1576 Desiderio
746 1540 953 1576 desekleram·
975 1539 1042 1575 lzoe
1063 1540 1204 1577 Pascha
1231 1541 1452 1577 manducare
1473 1541 1656 1580 vobiscum

133 1615 326 1659 antequam
348 1610 495 1658 patiar,
531 1612 569 1645 ut
595 1612 634 1645 et
659 1603 808 1645 Pascha
833 1605 922 1645 illud
947 1612 1033 1645 ante
1059 1605 1274 1659 passionem
1301 1620 1406 1646 suam
1432 1607 1591 1661 figurate
1617 1609 1655 1648 in

133 1675 218 1729 lege
239 1675 486 1715 constitutum
513 1673 748 1724 ostenderet,
775 1680 813 1713 et
834 1673 993 1713 alterum
1018 1674 1254 1714 successisse
1276 1682 1523 1727 monstraret,
1558 1677 1655 1730 quod

135 1749 173 1783 et
194 1743 238 1782 ad
260 1743 505 1783 astruendam
530 1742 747 1797 passionem
771 1754 876 1781 suam
901 1748 1115 1795 spectaret,
1151 1749 1188 1781 et
1214 1742 1420 1796 perfectius
1446 1744 1656 1798 appellare-

135 1818 219 1861 tur,
254 1810 366 1850 simul
387 1810 477 1850 illud
503 1809 676 1850 indicans
702 1809 798 1863 quod
826 1809 1019 1863 apostolus
1042 1808 1185 1850 Paulus
1210 1811 1360 1861 docuit,
1395 1810 1542 1865 Legem
1568 1826 1657 1867 pae-
1676 1823 1838 1858 Ga1.3,24.

136 1879 272 1932 dagogi
307 1878 416 1918 nobis
446 1878 569 1918 instar
596 1878 633 1917 in
661 1874 817 1917 Christo
846 1877 977 1917 fuisse.
1041 1875 1152 1930 Quod
1185 1878 1215 1918 si
1249 1880 1492 1934 paedagogus
1524 1887 1657 1921 noster

134 1946 200 1986 lex
229 1946 267 1986 in
300 1943 457 1986 Christo
489 1945 581 1996 fuit,
615 1959 636 1985 a
668 1942 825 1985 Christo
857 1944 1010 1985 minime
1042 1946 1115 1985 erit
1145 1946 1286 1987 aliena.

248 2011 381 2054 Schol.
406 2011 559 2053 LXllI.
607 2011 815 2053 Praeterea
838 2013 931 2053 haec
952 2013 998 2053 ab
1020 2013 1083 2053 illo
1108 2014 1276 2054 detracta
1301 2023 1410 2056 sunt:
1446 2020 1536 2055 Deeo
1560 2021 1653 2056 enlm
1673 2027 1798 2065 Luem,
1817 2031 1855 2059 15.

134 2083 254 2130 vobis,
289 2084 373 2120 Nota
403 2084 504 2120 edam
536 2083 632 2120 illud
658 2083 814 2132 amplius
844 2084 957 2120 donee
986 2084 1182 2134 impleatur·
1211 2086 1247 2122 2'12
1277 2098 1393 2135 regno
1424 2087 1494 2123 clei.

244 2149 380 2190 Refut.
407 2147 563 2189 LXlll.
608 2147 713 2189 Mala
743 2148 816 2189 ista
851 2150 921 2189 fide
953 2150 1168 2202 subtraxit,
1214 2164 1261 2191 ne
1293 2151 1440 2192 scilicet
1468 2152 1582 2193 ullum
1614 2153 1653 2193 in

132 2232 251 2272 regno
284 2218 342 2257 dei
375 2225 503 2272 potum
534 2231 579 2257 ac
606 2217 729 2257 cibum
754 2217 811 2256 his
838 2217 966 2258 verbis
991 2226 1188 2273 pateretur
1213 2219 1391 2273 exprimi,
1452 2218 1538 2260 Nec
1563 2221 1652 2261 illud

134 2286 247 2326 homo
280 2286 453 2339 stupidus
486 2285 664 2338 agnovit,
711 2292 951 2325 terrenorum
983 2286 1106 2327 simile
1138 2287 1313 2341 quiddam
1346 2288 1382 2327 in
1417 2288 1652 2342 spiritalibus

134 2368 178 2394 ac
201 2353 432 2394 coelestibus
458 2353 610 2403 inesse,
644 2367 802 2406 quorum
831 2353 1174 2409 participandorum
1201 2355 1348 2396 occulta
1373 2355 1481 2396 nobis
1508 2363 1567 2396 est
1590 2372 1652 2397 ra-

133 2422 201 2462 tio.
265 2419 321 2461 Ita
354 2421 453 2461 enim
489 2428 527 2460 et
559 2421 728 2461 salvator
758 2422 839 2476 ipse
872 2428 1035 2463 testatus
1067 2431 1126 2463 est
1162 2438 1206 2464 ac
1239 2424 1356 2463 dixit:
1400 2426 1581 2464 Sedebz‘tz's
1615 2430 1651 2465 z'tz

132 2504 254 2529 mensa
285 2504 362 2528 mea
393 2492 537 2528 edentes
566 2496 603 2527 et
626 2490 784 2528 bibentes
814 2492 850 2528 ίη
877 2505 992 2541 regno
1019 2494 1214 2530 coelorum.
1282 2489 1358 2532 Sed
1386 2499 1424 2532 et
1449 2500 1650 2547 propterea

133 2557 208 2598 ista
232 2557 409 2607 sustulit,
453 2556 594 2596 nullum
626 2564 664 2596 ut
692 2556 738 2597 iis
763 2571 858 2611 quae
883 2559 927 2598 ad
952 2558 1073 2613 legem
1098 2559 1289 2614 pertinent
1315 2560 1352 2599 in
1377 2574 1497 2614 regno
1523 2562 1650 2602 coelo-

133 2639 216 2665 rum
240 2626 362 2666 locum
385 2624 585 2664 tribueret.
634 2622 832 2665 Undenam
854 2626 970 2680 igitur
988 2626 1094 2667 Elias
1115 2642 1159 2668 ac
1175 2625 1337 2682 Moyses
1356 2627 1394 2667 in
1417 2635 1545 2669 monte
1566 2644 1650 2670 cum

133 2692 216 2747 ipso
244 2699 504 2748 apparuerunt
526 2694 563 2732 in
590 2692 738 2746 gloria?
797 2691 873 2734 Sed
901 2708 1011 2735 nemo
1039 2702 1098 2736 est
1121 2696 1180 2749 qui
1209 2702 1341 2735 contra
1368 2696 1569 2737 veritatem
1593 2698 1650 2739 vi-

134 2761 230 2800 rium
263 2761 464 2815 quicquam
495 2760 646 2801 babeat.

177 2881 229 2917 48.
252 2884 352 2928 Λέγω
375 2883 438 2928 γὰρ
463 2882 538 2927 ὑμῖν
565 2895 660 2925 supra
686 2889 776 2918 extat.
913 2889 1017 2932 σιλείᾳ
1047 2889 1110 2922 τῶν
1140 2886 1302 2931 οὐρανῶν,
1337 2899 1415 2929 quae
1438 2891 1649 2924 desiderantur

177 2927 228 2961 49.
253 2925 291 2963 ἄν
314 2941 410 2971 supra
435 2933 524 2963 abest.
913 2936 943 2965 in
963 2936 1033 2966 edic.
1049 2937 1159 2974 princ„
1184 2936 1328 2966 Petavius
1347 2945 1384 2966 ex
1404 2937 1468 2967 cod.
1488 2937 1582 2968 Vatic.
1601 2947 1647 2970 re-

177 2974 228 3005 50.
254 2977 351 3007 Verba
364 2971 419 3009 ”H
435 2975 604 3017 παρέκοῲε
622 2995 665 2999 -
686 2996 723 3000 -
748 2996 789 3001 -
810 2980 867 3022 βα·
912 2981 1015 3011 stituit.
