2034 3267
461 242 636 274 PANARn
662 243 742 275 [ΑΒ.
765 245 787 275 1.
812 244 916 276 ToM.
939 244 979 274 n.
1005 243 1134 275 HAEP..
1153 243 1311 276 xxxin.
1570 236 1648 275 409

129 329 211 373 est,
259 335 356 376 quae
383 335 466 363 cum
498 322 535 362 in
565 323 703 363 ceteris
736 323 780 363 ad
810 323 1002 376 antiquam
1029 322 1206 362 haeresin
1235 322 1462 374 ascribitur,
1507 330 1583 364 tum
1612 323 1648 363 in

130 390 176 430 iis
207 403 303 444 quae
336 390 427 429 deus
459 390 563 431 hisce
592 390 720 430 verbis
751 390 907 430 statuit:
953 393 1027 439 Qui
1052 393 1287 430 moledclrere't
1310 395 1418 443 patri
1440 394 1499 430 vel
1518 395 1641 438 matri,
1666 401 1831 436 Lemma.

128 466 244 497 mor-te
268 461 460 497 moriatur.
523 458 583 498 Ad
616 458 704 498 illud
741 472 834 497 vero
868 471 989 510 genus
1020 459 1116 510 quod
1145 459 1310 512 typicum
1336 460 1418 499 sive
1446 459 1646 500 adumbra-
1661 446 1849 482 Matth.15‚4.

132 533 206 565 tum
235 525 393 575 dicitur,
438 526 471 565 id
499 540 609 565 omne
636 525 821 580 pertinet,
866 525 963 577 quod
988 524 1211 577 spiritalium
1239 533 1351 579 atque
1376 527 1646 567 excellentium

130 607 257 633 rerum
282 594 419 648 figuras
444 594 634 644 continet,
668 592 878 632 cuiusmodi
902 598 989 632 sunt
1012 606 1207 632 sacrorum
1233 595 1515 634 oll'erendorum
1542 610 1650 636 cerc-

130 661 297 712 moniae,
331 661 585 710 circumcisio,
619 660 838 709 sabbatum,
873 658 1076 708 ieiunium,
1110 660 1270 713 pascha,
1306 675 1464 716 azyma,
1498 663 1646 717 aliaque

130 729 266 768 similia
289 729 370 782 lege
396 728 641 783 praescripta.
706 724 816 779 Quae
837 727 962 766 omnia
986 741 1069 767 cum
1093 727 1185 767 nihil
1208 728 1307 768 aliud
1331 736 1483 783 praeter
1508 730 1648 784 figuras

131 804 243 851 atque
273 797 458 850 imagines
489 797 635 844 forent,
681 795 866 848 patefacta
896 793 1059 834 veritate
1090 795 1271 835 translata
1301 803 1412 846 sunt,
1454 797 1528 837 imo
1555 812 1648 838 vero

129 865 226 918 quod
259 865 302 905 ad
336 871 534 904 externam
569 862 734 917 speciem
768 862 926 912 attinet,
970 876 1155 916 usumque
1190 877 1439 917 corporeum,
1482 865 1645 914 sublata,

130 932 289 986 spiritali
313 932 469 986 quadam
494 930 640 970 ratione
663 936 810 970 retenta
833 937 936 969 sunt.
995 928 1133 969 lisdem
1159 931 1296 985 quippe
1319 932 1560 972 manentibus
1584 935 1647 972 ad-

131 1001 202 1040 huc
226 999 438 1039 nominibus
465 1011 591 1037 rerum
617 1004 676 1037 est
705 998 801 1037 facta
831 997 1004 1038 mutat-io.
1066 996 1168 1038 Nam
1196 999 1335 1039 offerre
1363 1000 1513 1053 quidem
1540 1014 1648 1040 sacra

130 1067 303 1107 dominus
323 1064 505 1105 instituit:
539 1072 577 1104 at
597 1079 671 1104 non
696 1072 884 1105 mutarum
909 1066 1118 1120 pecudum,
1153 1074 1216 1106 aut
1237 1067 1271 1107 id
1295 1082 1416 1120 genus
1440 1068 1645 1117 suffituum,

131 1136 196 1176 sed
224 1133 402 1189 spiritalis
430 1132 554 1187 potius
578 1133 699 1172 laudis
725 1148 769 1173 ae
796 1133 1092 1187 praedicationis
1122 1141 1159 1174 et
1186 1135 1462 1187 eucharistiae,
1507 1143 1583 1176 tum
1611 1136 1647 1176 in

130 1203 316 1243 hominum
339 1215 460 1253 genus
485 1200 724 1241 liberalitatis
746 1215 789 1240 ac
812 1201 1104 1242 beneticentiae.
1166 1201 1268 1242 ldem
1294 1203 1514 1244 circumcidi
1538 1218 1648 1259 prae-

128 1277 231 1310 terea
255 1283 329 1309 non
351 1269 546 1323 corporiS,
580 1270 644 1309 sed
668 1269 794 1309 cordis
817 1269 1007 1323 animique
1030 1271 1267 1325 praeputium
1291 1271 1410 1312 iubet.
1476 1270 1645 1326 Itemque

126 1336 269 1378 servari
296 1336 517 1387 sabbatum,
563 1344 601 1376 ut
628 1352 648 1376 a
676 1338 802 1392 pravis
828 1338 1015 1378 duntaxat
1040 1339 1256 1379 actionibus
1284 1340 1481 1380 feriemur.
1545 1338 1645 1380 Ieiu-

126 1419 216 1445 narc
238 1419 353 1459 porro
377 1419 460 1444 cum
481 1404 656 1459 imperat,
692 1420 766 1445 nou
788 1405 889 1445 illam
913 1406 1086 1460 corporis
1108 1406 1289 1457 inediam,
1323 1408 1388 1447 sed
1413 1407 1529 1447 animi
1553 1414 1646 1447 tem-

125 1471 333 1527 perantiam
358 1473 552 1523 decernit,
587 1480 626 1513 ut
650 1488 669 1513 a
693 1472 847 1526 flagitiis
868 1473 1042 1514 omnibus
1065 1474 1340 1515 abstineamus.
1404 1473 1642 1529 Quamquam

124 1555 144 1580 a
168 1531 309 1580 nostris
332 1540 530 1580 exercitiis
554 1541 643 1580 illud
668 1554 818 1595 quoque
841 1541 1021 1581 ieiunium
1047 1542 1259 1592 adhibetur,
1289 1550 1476 1597 quatenus
1498 1544 1541 1583 ad
1567 1543 1646 1583 ani-

124 1623 269 1648 morum
292 1608 492 1648 utilitatem
515 1610 662 1648 conl'crt
689 1608 853 1662 aliquid,
886 1609 917 1648 si
943 1624 1025 1649 cum
1054 1610 1201 1651 ratione
1225 1611 1427 1665 suscipias,
1463 1626 1538 1651 non
1562 1611 1645 1651 imi-

123 1676 224 1717 tandi
250 1676 470 1730 cuiusquam
495 1677 643 1726 studio,
679 1691 753 1716 non
776 1677 1070 1728 consuetudine,
1106 1693 1180 1718 non
1204 1686 1394 1719 certarum
1417 1679 1562 1719 dierum
1585 1693 1646 1720 rc-

122 1745 279 1799 ligione,
314 1745 374 1784 vel
397 1745 552 1784 delinito
574 1745 699 1798 aliquo
721 1753 915 1799 tempor03
951 1747 1176 1799 praesertim
1202 1761 1284 1787 cum
1310 1746 1391 1786 veri
1415 1747 1545 1787 ieiunii
1570 1761 1646 1787 me-

122 1812 279 1852 moriam
306 1812 485 1861 refricet,
521 1819 560 1852 ut
585 1813 646 1866 qui
674 1813 838 1852 nondum
865 1813 953 1852 illud
982 1815 1147 1854 assecuti
1178 1815 1342 1864 fuerint,
1377 1815 1422 1854 ab
1448 1815 1645 1855 exteriore

123 1880 415 1921 commonefacti
437 1880 595 1921 alterius
619 1881 885 1920 recordentur.
948 1878 1136 1922 Similiter
1157 1889 1194 1922 et
1214 1882 1353 1936 pascha
1377 1882 1577 1936 azimaque
1601 1884 1641 1923 fi-

120 1962 234 2002 guras
257 1949 433 1988 extitisse
451 1949 633 2001 quasdam
654 1947 792 1988 Paulus
811 1949 892 2002 ipse
915 1948 1105 1989 declarat:
1131 1953 1286 1998 Pascha,
1314 1951 1449 2005 inquit,
1475 1960 1641 1991 nostrum
1662 1961 1684 1989 1.
1699 1961 1806 1998 Cor.5‚
1822 1963 1848 1990 ‘1-

121 2018 328 2056 z‘mmolatus
347 2024 403 2055 est
423 2019 614 2055 Cla-zatus:
650 2023 708 2065 et,
747 2019 794 2055 Ut
811 2019 913 2064 silis,
947 2017 1021 2067 ait,
1055 2021 1183 2069 azymi
1200 2034 1271 2058 non
1289 2020 1463 2058 habentes
1473 2021 1645 2073 sermen-

123 2093 195 2124 tum
227 2087 473 2139 (fermentum
505 2098 599 2124 vero
631 2084 811 2124 malitiam
842 2085 1047 2139 appellat),
1088 2089 1155 2125 sed
1180 2090 1263 2126 sicis
1292 2102 1385 2126 nova
1414 2091 1637 2139 conspersio.

234 2218 300 2261 Sic
324 2221 441 2274 igitur
467 2220 532 2260 lex
559 2220 664 2274 ipsa,
699 2234 808 2274 quam
839 2235 859 2260 a
889 2221 960 2262 deo
986 2236 1163 2262 manasse
1193 2223 1359 2263 fatentur
1384 2237 1540 2275 omnes,
1575 2223 1641 2264 tri·
1669 2225 1745 2267 Cap.
1769 2226 1822 2258 VI-

122 2288 255 2329 fariam
280 2288 475 2329 dividitur.
521 2286 561 2327 ln
586 2301 665 2327 eam
692 2295 836 2342 partem
859 2304 968 2343 quani
990 2290 1161 2331 salvator
1183 2291 1366 2346 implevit.
1416 2291 1521 2332 llaec
1543 2292 1643 2332 enim

121 2357 270 2406 omnia,
311 2359 397 2396 Non
418 2359 581 2402 oece'deS,
619 2358 703 2395 Non
726 2359 992 2406 moechaberis,
1026 2361 1110 2398 Note
1127 2361 1333 2411 pejerabis,
1368 2360 1403 2399 in
1429 2359 1522 2400 iisce
1549 2374 1639 2400 con-
1659 2369 1750 2412 Expd.
1769 2372 1813 2406 20,

121 2425 304 2474 tinentur,
339 2428 423 2464 Note
444 2427 632 2470 e'raseet‘e'S,
667 2426 751 2463 Non
771 2429 1017 2478 concupisces.
1083 2425 1124 2466 ln
1152 2441 1234 2466 cam
1256 2441 1352 2482 quae
1374 2427 1524 2482 penitus
1549 2428 1638 2468 sub-
1657 2405 1778 2478 leasffl'
1787 2452 1812 2479 5.

119 2493 195 2534 lata
217 2501 290 2533 est.
353 2492 423 2532 His
446 2493 544 2532 enim
569 2492 804 2546 praeceptis,
839 2497 990 2534 Oculum
1006 2510 1078 2547 pro
1103 2497 1229 2542 oculo,
1264 2499 1402 2535 dentem
1421 2511 1492 2548 pro
1514 2499 1632 2544 deme,
1648 2507 1840 2544 Levit.2t,‘.²o.

121 2575 217 2616 quae
248 2575 331 2601 cum
366 2559 551 2600 iniustitia
583 2559 765 2613 permista
795 2570 906 2612 sunt,
945 2563 1104 2618 eiusque
1135 2577 1265 2604 secum
1298 2564 1434 2618 aliquid
1469 2565 1637 2616 trahunt,

120 2628 322 2669 contrariis
360 2628 507 2682 legibus
541 2628 761 2681 derogatur.
833 2627 1038 2671 Contraria
1074 2646 1188 2686 porro
1220 2645 1307 2671 sese
1341 2632 1504 2671 invicem
1541 2632 1639 2686 peri-

121 2704 254 2737 ιιιιῃιῑ.Ἰ
300 2699 383 2748 Ego
406 2699 499 2735 enlm
530 2698 610 2734 (lieo
635 2697 734 2734 vobis
760 2701 902 2737 omnino
931 2713 1003 2738 non
1029 2703 1201 2739 resistere
1225 2701 1333 2738 malo.
1397 2702 1472 2738 Sed
1495 2704 1532 2739 εἰ
1551 2703 1632 2753 quis
1645 2711 1785 2747 Matth.5‚
1795 2712 1835 2740 39.

168 2785 216 2819 16.
235 2786 337 2829 λέγων
350 2789 472 2826 reposui
488 2796 525 2818 esc
539 2787 625 2818 codd.
644 2788 737 2818 Varie.
759 2789 853 2819 Venet.
900 2799 968 2821 cum
992 2791 1072 2821 aliis.

124 2833 218 2872 Vulgo
241 2836 323 2864 extat
346 2831 486 2874 λέγεται.
944 2836 975 2866 ⁴2.
1000 2833 1206 2877 ἐπιὲῒυμῆσαι
1224 2835 1311 2866 codd.
1327 2836 1421 2868 Votic.
1440 2838 1534 2868 Venet.
1569 2835 1636 2870 ἐπι-

169 2877 216 2910 17.
243 2879 314 2909 Cod.
338 2879 435 2909 Venet.
459 2877 522 2919 τῆς
548 2873 665 2918 ζύμης.
901 2878 1066 2922 &uu-riost:
1091 2881 1156 2911 cod.
1177 2880 1302 2919 Rhediy.
1327 2883 1353 2910 et
1375 2882 1447 2912 editi
1468 2883 1546 2913 libri.

166 2923 217 2954 15.
239 2920 277 2955 δὲ
299 2925 407 2962 scripsi
427 2933 484 2962 pro
506 2932 562 2963 τε,
595 2922 675 2961 quod
697 2922 766 2952 libri
786 2924 856 2954 reli-
944 2926 975 2956 5.
1002 2923 1089 2966 μηδὲ
1113 2921 1235 2963 ὀμόσαι
1259 2926 1359 2956 adieci
1378 2936 1415 2957 ex
1433 2928 1521 2958 codd.
1544 2929 1636 2959 Valic.

121 2971 199 2998 nent.
904 2972 1002 3002 Venet.
1047 2972 1081 3002 1η
1103 2971 1191 3001 eduis
1211 2971 1313 3009 libris,
1348 2974 1379 3001 ut
1402 2973 1494 3003 etiam
1515 2974 1547 3004 in
1570 2974 1636 3005 cod.

169 3010 218 3044 19.
244 3013 316 3043 Cod.
342 3013 440 3044 Venet.
465 3010 578 3054 λέγειν.
903 3016 1049 3055 Rhedi9.,
1073 3024 1109 3046 ea
1134 3016 1225 3046 verba
1248 3015 1470 3048 desiderantur.

168 3055 242 3088 en.
258 3057 312 3089 VI.
331 3075 374 3081 —
397 3057 423 3089 1.
446 3053 564 3095 Οὕτως
581 3059 699 3089 volebat
715 3059 858 3098 Grabius,
947 3057 978 3091 4.
1004 3061 1076 3092 Cod.
1101 3062 1198 3092 Vener.
1221 3057 1320 3094 ἐστὶν.
