<?xml version="1.0" encoding="UTF-8"?>
<!DOCTYPE html PUBLIC "-//W3C//DTD XHTML 1.0 Transitional//EN"
    "http://www.w3.org/TR/xhtml1/DTD/xhtml1-transitional.dtd">
<html xmlns="http://www.w3.org/1999/xhtml" xml:lang="en" lang="en">
 <head>
  <title>
</title>
<meta http-equiv="Content-Type" content="text/html;charset=utf-8" />
  <meta name='ocr-system' content='tesseract 3.04.00' />
  <meta name='ocr-capabilities' content='ocr_page ocr_carea ocr_par ocr_line ocrx_word'/>
</head>
<body>
  <div class='ocr_page' id='page_1' title='image "./p1corporishaereseo02epipuoft/p1corporishaereseo02epipuoft_0611.png"; bbox 0 0 2034 3267; ppageno 0'>
   <div class='ocr_carea' id='block_1_1' title="bbox 458 149 1623 188">
    <p class='ocr_par' dir='ltr' id='par_1_1' title="bbox 458 149 1623 188">
     <span class='ocr_line' id='line_1_1' title="bbox 458 149 1623 188; baseline 0.004 -5"><span class='ocrx_word' id='word_1_1' title='bbox 458 151 635 184; x_wconf 81' lang='lat' dir='ltr'><strong>PANARII</strong></span> <span class='ocrx_word' id='word_1_2' title='bbox 657 152 738 184; x_wconf 69' lang='grc' dir='ltr'><strong>ΜΒ.</strong></span> <span class='ocrx_word' id='word_1_3' title='bbox 760 154 785 184; x_wconf 87' lang='lat'><strong>1.</strong></span> <span class='ocrx_word' id='word_1_4' title='bbox 809 153 915 186; x_wconf 89' lang='grc' dir='ltr'><strong>ΤοΜ.</strong></span> <span class='ocrx_word' id='word_1_5' title='bbox 935 154 990 186; x_wconf 89' lang='lat'><strong>111.</strong></span> <span class='ocrx_word' id='word_1_6' title='bbox 1014 154 1142 186; x_wconf 82' lang='lat' dir='ltr'><strong>HAER.</strong></span> <span class='ocrx_word' id='word_1_7' title='bbox 1162 155 1268 187; x_wconf 81' lang='lat' dir='ltr'><strong>XLn.</strong></span> <span class='ocrx_word' id='word_1_8' title='bbox 1544 149 1623 188; x_wconf 84' lang='lat'><strong>599</strong></span> 
     </span>
    </p>
   </div>
   <div class='ocr_carea' id='block_1_2' title="bbox 94 228 1810 2528">
    <p class='ocr_par' dir='ltr' id='par_1_2' title="bbox 109 228 1620 357">
     <span class='ocr_line' id='line_1_2' title="bbox 218 228 1620 287; baseline 0.005 -18"><span class='ocrx_word' id='word_1_9' title='bbox 218 228 353 270; x_wconf 80' lang='lat' dir='ltr'><strong>Refut.</strong></span> <span class='ocrx_word' id='word_1_10' title='bbox 381 228 476 270; x_wconf 90' lang='lat' dir='ltr'><strong>XV.</strong></span> <span class='ocrx_word' id='word_1_11' title='bbox 525 229 568 271; x_wconf 90' lang='lat' dir='ltr'><strong>Si</strong></span> <span class='ocrx_word' id='word_1_12' title='bbox 599 231 637 271; x_wconf 90' lang='lat' dir='ltr'><strong>in</strong></span> <span class='ocrx_word' id='word_1_13' title='bbox 664 232 811 272; x_wconf 90' lang='lat' dir='ltr'><strong>coelum</strong></span> <span class='ocrx_word' id='word_1_14' title='bbox 838 234 1033 287; x_wconf 76' lang='lat' dir='ltr'><strong>suspexit,</strong></span> <span class='ocrx_word' id='word_1_15' title='bbox 1068 247 1111 274; x_wconf 87' lang='lat' dir='ltr'><strong>ac</strong></span> <span class='ocrx_word' id='word_1_16' title='bbox 1138 234 1335 275; x_wconf 77' lang='lat' dir='ltr'>benedixit</span> <span class='ocrx_word' id='word_1_17' title='bbox 1359 235 1457 286; x_wconf 88' lang='lat' dir='ltr'><strong>illis,</strong></span> <span class='ocrx_word' id='word_1_18' title='bbox 1492 237 1620 276; x_wconf 88' lang='lat' dir='ltr'><strong>oculo-</strong></span> 
     </span>
     <span class='ocr_line' id='line_1_3' title="bbox 109 296 1618 357; baseline 0.006 -22"><span class='ocrx_word' id='word_1_19' title='bbox 109 309 189 336; x_wconf 90' lang='lat' dir='ltr'><strong>rum</strong></span> <span class='ocrx_word' id='word_1_20' title='bbox 212 296 543 352; x_wconf 78' lang='lat' dir='ltr'>membrorumque</span> <span class='ocrx_word' id='word_1_21' title='bbox 567 299 798 353; x_wconf 90' lang='lat' dir='ltr'><strong>reliquorum</strong></span> <span class='ocrx_word' id='word_1_22' title='bbox 821 301 961 341; x_wconf 87' lang='lat' dir='ltr'><strong>formas</strong></span> <span class='ocrx_word' id='word_1_23' title='bbox 984 315 1058 340; x_wconf 90' lang='lat' dir='ltr'><strong>non</strong></span> <span class='ocrx_word' id='word_1_24' title='bbox 1083 302 1210 352; x_wconf 90' lang='lat' dir='ltr'><strong>specie</strong></span> <span class='ocrx_word' id='word_1_25' title='bbox 1233 309 1342 343; x_wconf 82' lang='lat' dir='ltr'><strong>tenus</strong></span> <span class='ocrx_word' id='word_1_26' title='bbox 1363 303 1618 357; x_wconf 80' lang='lat' dir='ltr'><strong>praeserebat.</strong></span> 
     </span>
    </p>

    <p class='ocr_par' dir='ltr' id='par_1_3' title="bbox 108 362 1802 486">
     <span class='ocr_line' id='line_1_4' title="bbox 219 362 1802 422; baseline 0.003 -18"><span class='ocrx_word' id='word_1_27' title='bbox 219 362 351 405; x_wconf 85' lang='lat' dir='ltr'><strong>Schol.</strong></span> <span class='ocrx_word' id='word_1_28' title='bbox 378 364 493 406; x_wconf 85' lang='lat' dir='ltr'>XVI.</span> <span class='ocrx_word' id='word_1_29' title='bbox 541 371 695 414; x_wconf 68' lang='lat' dir='ltr'><strong>Dicens,</strong></span> <span class='ocrx_word' id='word_1_30' title='bbox 741 370 892 418; x_wconf 77' lang='lat' dir='ltr'><em>Oportet</em></span> <span class='ocrx_word' id='word_1_31' title='bbox 908 370 1028 419; x_wconf 79' lang='lat' dir='ltr'><strong>filium</strong></span> <span class='ocrx_word' id='word_1_32' title='bbox 1052 371 1207 408; x_wconf 76' lang='lat' dir='ltr'><strong>leomz&#39;m‘s</strong></span> <span class='ocrx_word' id='word_1_33' title='bbox 1230 373 1343 409; x_wconf 74' lang='lat' dir='ltr'><strong>multa</strong></span> <span class='ocrx_word' id='word_1_34' title='bbox 1361 375 1462 422; x_wconf 72' lang='lat' dir='ltr'><strong>pati,</strong></span> <span class='ocrx_word' id='word_1_35' title='bbox 1506 380 1544 411; x_wconf 81' lang='lat' dir='ltr'><strong>et</strong></span> <span class='ocrx_word' id='word_1_36' title='bbox 1561 388 1620 411; x_wconf 84' lang='lat' dir='ltr'><strong>oc·</strong></span> <span class='ocrx_word' id='word_1_37' title='bbox 1638 381 1802 415; x_wconf 73' lang='lat' dir='ltr'><strong>L11c.9,22.</strong></span> 
     </span>
     <span class='ocr_line' id='line_1_5' title="bbox 108 434 828 486; baseline 0.006 -16"><span class='ocrx_word' id='word_1_38' title='bbox 108 434 200 479; x_wconf 75' lang='lat' dir='ltr'><strong>cidi,</strong></span> <span class='ocrx_word' id='word_1_39' title='bbox 235 440 271 471; x_wconf 85' lang='lat' dir='ltr'><strong>et</strong></span> <span class='ocrx_word' id='word_1_40' title='bbox 294 442 384 484; x_wconf 77' lang='lat' dir='ltr'><strong>post</strong></span> <span class='ocrx_word' id='word_1_41' title='bbox 410 442 484 473; x_wconf 77' lang='lat' dir='ltr'><strong>tres</strong></span> <span class='ocrx_word' id='word_1_42' title='bbox 513 438 590 473; x_wconf 83' lang='lat' dir='ltr'><strong>de&#39;es</strong></span> <span class='ocrx_word' id='word_1_43' title='bbox 619 449 828 486; x_wconf 67' lang='lat' dir='ltr'><strong>reem-gere.</strong></span> 
     </span>
    </p>

    <p class='ocr_par' dir='ltr' id='par_1_4' title="bbox 105 499 1786 1033">
     <span class='ocr_line' id='line_1_6' title="bbox 219 499 1623 561; baseline 0.005 -21"><span class='ocrx_word' id='word_1_44' title='bbox 219 499 349 540; x_wconf 85' lang='lat' dir='ltr'><strong>Refut.</strong></span> <span class='ocrx_word' id='word_1_45' title='bbox 374 500 490 541; x_wconf 93' lang='lat' dir='ltr'>XVI.</span> <span class='ocrx_word' id='word_1_46' title='bbox 540 500 636 542; x_wconf 91' lang='lat' dir='ltr'><strong>Cum</strong></span> <span class='ocrx_word' id='word_1_47' title='bbox 665 502 827 542; x_wconf 87' lang='lat' dir='ltr'><strong>hominis</strong></span> <span class='ocrx_word' id='word_1_48' title='bbox 852 502 989 553; x_wconf 84' lang='lat' dir='ltr'><strong>filium,</strong></span> <span class='ocrx_word' id='word_1_49' title='bbox 1024 503 1094 543; x_wconf 89' lang='lat' dir='ltr'><strong>hoc</strong></span> <span class='ocrx_word' id='word_1_50' title='bbox 1118 511 1178 544; x_wconf 91' lang='lat' dir='ltr'><strong>est</strong></span> <span class='ocrx_word' id='word_1_51' title='bbox 1202 505 1391 559; x_wconf 87' lang='lat' dir='ltr'><strong>seipsum,</strong></span> <span class='ocrx_word' id='word_1_52' title='bbox 1425 513 1463 546; x_wconf 86' lang='lat' dir='ltr'><strong>et</strong></span> <span class='ocrx_word' id='word_1_53' title='bbox 1486 507 1561 561; x_wconf 86' lang='lat' dir='ltr'><strong>pati</strong></span> <span class='ocrx_word' id='word_1_54' title='bbox 1584 514 1623 547; x_wconf 90' lang='lat' dir='ltr'><strong>et</strong></span> 
     </span>
     <span class='ocr_line' id='line_1_7' title="bbox 106 566 1623 623; baseline 0.006 -17"><span class='ocrx_word' id='word_1_55' title='bbox 106 566 267 607; x_wconf 80' lang='lat' dir='ltr'><strong>interfici</strong></span> <span class='ocrx_word' id='word_1_56' title='bbox 291 569 508 623; x_wconf 76' lang='lat' dir='ltr'><strong>unigenitus</strong></span> <span class='ocrx_word' id='word_1_57' title='bbox 532 570 592 609; x_wconf 78' lang='lat' dir='ltr'><strong>d‘ei</strong></span> <span class='ocrx_word' id='word_1_58' title='bbox 614 570 712 610; x_wconf 87' lang='lat' dir='ltr'><strong>filius</strong></span> <span class='ocrx_word' id='word_1_59' title='bbox 734 570 915 621; x_wconf 86' lang='lat' dir='ltr'><strong>affirmet,</strong></span> <span class='ocrx_word' id='word_1_60' title='bbox 949 571 1043 610; x_wconf 91' lang='lat' dir='ltr'><strong>haec</strong></span> <span class='ocrx_word' id='word_1_61' title='bbox 1067 571 1241 612; x_wconf 87' lang='lat' dir='ltr'><strong>nimirum</strong></span> <span class='ocrx_word' id='word_1_62' title='bbox 1268 573 1329 613; x_wconf 86' lang='lat' dir='ltr'><strong>illa</strong></span> <span class='ocrx_word' id='word_1_63' title='bbox 1350 581 1483 614; x_wconf 87' lang='lat' dir='ltr'><strong>contra</strong></span> <span class='ocrx_word' id='word_1_64' title='bbox 1505 581 1540 615; x_wconf 92' lang='lat' dir='ltr'><strong>te</strong></span> <span class='ocrx_word' id='word_1_65' title='bbox 1562 588 1623 614; x_wconf 91' lang='lat' dir='ltr'><strong>se-</strong></span> 
     </span>
     <span class='ocr_line' id='line_1_8' title="bbox 106 635 1622 696; baseline 0.005 -21"><span class='ocrx_word' id='word_1_66' title='bbox 106 635 208 675; x_wconf 89' lang='lat' dir='ltr'><strong>curis</strong></span> <span class='ocrx_word' id='word_1_67' title='bbox 234 643 314 687; x_wconf 90' lang='lat' dir='ltr'><strong>est,</strong></span> <span class='ocrx_word' id='word_1_68' title='bbox 350 651 446 690; x_wconf 86' lang='lat' dir='ltr'><strong>quae</strong></span> <span class='ocrx_word' id='word_1_69' title='bbox 469 637 618 677; x_wconf 83' lang='lat' dir='ltr'><strong>radices</strong></span> <span class='ocrx_word' id='word_1_70' title='bbox 644 644 725 677; x_wconf 87' lang='lat' dir='ltr'><strong>tuas</strong></span> <span class='ocrx_word' id='word_1_71' title='bbox 748 651 880 677; x_wconf 91' lang='lat' dir='ltr'><strong>omnes</strong></span> <span class='ocrx_word' id='word_1_72' title='bbox 905 645 1091 692; x_wconf 85' lang='lat' dir='ltr'><strong>amputat,</strong></span> <span class='ocrx_word' id='word_1_73' title='bbox 1126 653 1147 679; x_wconf 93' lang='grc' dir='ltr'>ο</span> <span class='ocrx_word' id='word_1_74' title='bbox 1169 638 1318 680; x_wconf 80' lang='lat' dir='ltr'><strong>Marcio</strong></span> <span class='ocrx_word' id='word_1_75' title='bbox 1343 641 1388 680; x_wconf 90' lang='lat' dir='ltr'><strong>de</strong></span> <span class='ocrx_word' id='word_1_76' title='bbox 1411 641 1530 696; x_wconf 88' lang='lat' dir='ltr'><strong>spinis</strong></span> <span class='ocrx_word' id='word_1_77' title='bbox 1553 656 1622 682; x_wconf 87' lang='lat' dir='ltr'><strong>ex-</strong></span> 
     </span>
     <span class='ocr_line' id='line_1_9' title="bbox 107 706 1786 758; baseline 0.003 -16"><span class='ocrx_word' id='word_1_78' title='bbox 107 710 213 754; x_wconf 85' lang='lat' dir='ltr'><strong>orte,</strong></span> <span class='ocrx_word' id='word_1_79' title='bbox 257 706 382 743; x_wconf 68' lang='lat' dir='ltr'><strong>Nubes</strong></span> <span class='ocrx_word' id='word_1_80' title='bbox 411 708 489 744; x_wconf 82' lang='lat' dir='ltr'><strong>sine</strong></span> <span class='ocrx_word' id='word_1_81' title='bbox 513 719 628 757; x_wconf 81' lang='lat' dir='ltr'><em>aqua,</em></span> <span class='ocrx_word' id='word_1_82' title='bbox 673 706 786 743; x_wconf 79' lang='lat' dir='ltr'><strong>arbor</strong></span> <span class='ocrx_word' id='word_1_83' title='bbox 807 707 1057 758; x_wconf 70' lang='lat' dir='ltr'><strong>z&#39;tfi&#39;ztctzcosa,</strong></span> <span class='ocrx_word' id='word_1_84' title='bbox 1103 715 1142 745; x_wconf 76' lang='lat' dir='ltr'><strong>et</strong></span> <span class='ocrx_word' id='word_1_85' title='bbox 1158 711 1394 747; x_wconf 59' lang='lat' dir='ltr'><strong>antmnnalek.</strong></span> <span class='ocrx_word' id='word_1_86' title='bbox 1457 708 1558 749; x_wconf 84' lang='lat' dir='ltr'><strong>Nam</strong></span> <span class='ocrx_word' id='word_1_87' title='bbox 1585 716 1623 750; x_wconf 81' lang='lat' dir='ltr'><strong>et</strong></span> <span class='ocrx_word' id='word_1_88' title='bbox 1641 720 1731 748; x_wconf 80' lang='lat' dir='ltr'><strong>tudae</strong></span> <span class='ocrx_word' id='word_1_89' title='bbox 1747 720 1786 748; x_wconf 85' lang='lat'><strong>12.</strong></span> 
     </span>
     <span class='ocr_line' id='line_1_10' title="bbox 106 771 1622 830; baseline 0.005 -20"><span class='ocrx_word' id='word_1_90' title='bbox 106 771 232 811; x_wconf 81' lang='lat' dir='ltr'><strong>statim</strong></span> <span class='ocrx_word' id='word_1_91' title='bbox 255 772 421 822; x_wconf 88' lang='lat' dir='ltr'><strong>subiicit,</strong></span> <span class='ocrx_word' id='word_1_92' title='bbox 454 775 606 824; x_wconf 82' lang='lat' dir='ltr'><strong>Etpost</strong></span> <span class='ocrx_word' id='word_1_93' title='bbox 624 780 698 811; x_wconf 69' lang='lat' dir='ltr'><strong>tres</strong></span> <span class='ocrx_word' id='word_1_94' title='bbox 720 775 797 811; x_wconf 74' lang='lat' dir='ltr'><strong>dies</strong></span> <span class='ocrx_word' id='word_1_95' title='bbox 814 788 1025 824; x_wconf 75' lang='lat' dir='ltr'><strong>resurgere.</strong></span> <span class='ocrx_word' id='word_1_96' title='bbox 1089 772 1190 827; x_wconf 82' lang='lat' dir='ltr'><strong>Quid</strong></span> <span class='ocrx_word' id='word_1_97' title='bbox 1213 783 1271 815; x_wconf 89' lang='lat' dir='ltr'><strong>est</strong></span> <span class='ocrx_word' id='word_1_98' title='bbox 1290 783 1415 815; x_wconf 90' lang='lat' dir='ltr'><strong>autem</strong></span> <span class='ocrx_word' id='word_1_99' title='bbox 1440 778 1537 830; x_wconf 90' lang='lat' dir='ltr'><strong>quod</strong></span> <span class='ocrx_word' id='word_1_100' title='bbox 1561 791 1622 817; x_wconf 87' lang='lat' dir='ltr'><strong>re-</strong></span> 
     </span>
     <span class='ocr_line' id='line_1_11' title="bbox 106 840 1622 897; baseline 0.004 -18"><span class='ocrx_word' id='word_1_101' title='bbox 106 853 267 893; x_wconf 78' lang='lat' dir='ltr'><strong>surgere</strong></span> <span class='ocrx_word' id='word_1_102' title='bbox 294 840 452 889; x_wconf 89' lang='lat' dir='ltr'><strong>dicitur,</strong></span> <span class='ocrx_word' id='word_1_103' title='bbox 487 840 559 879; x_wconf 89' lang='lat' dir='ltr'><strong>nisi</strong></span> <span class='ocrx_word' id='word_1_104' title='bbox 586 853 723 894; x_wconf 87' lang='lat' dir='ltr'><strong>corpus</strong></span> <span class='ocrx_word' id='word_1_105' title='bbox 746 840 836 880; x_wconf 92' lang='lat' dir='ltr'><strong>illud</strong></span> <span class='ocrx_word' id='word_1_106' title='bbox 863 841 959 894; x_wconf 93' lang='lat' dir='ltr'><strong>quod</strong></span> <span class='ocrx_word' id='word_1_107' title='bbox 987 855 1138 895; x_wconf 90' lang='lat' dir='ltr'><strong>passum</strong></span> <span class='ocrx_word' id='word_1_108' title='bbox 1165 849 1246 893; x_wconf 89' lang='lat' dir='ltr'><strong>est,</strong></span> <span class='ocrx_word' id='word_1_109' title='bbox 1289 850 1400 897; x_wconf 85' lang='lat' dir='ltr'><strong>atque</strong></span> <span class='ocrx_word' id='word_1_110' title='bbox 1425 844 1462 883; x_wconf 90' lang='lat' dir='ltr'><strong>in</strong></span> <span class='ocrx_word' id='word_1_111' title='bbox 1487 858 1622 885; x_wconf 89' lang='lat' dir='ltr'><strong>monu-</strong></span> 
     </span>
     <span class='ocr_line' id='line_1_12' title="bbox 105 905 1618 965; baseline 0.003 -18"><span class='ocrx_word' id='word_1_112' title='bbox 105 915 232 948; x_wconf 90' lang='lat' dir='ltr'><strong>mento</strong></span> <span class='ocrx_word' id='word_1_113' title='bbox 256 908 471 962; x_wconf 87' lang='lat' dir='ltr'><strong>sepultum?</strong></span> <span class='ocrx_word' id='word_1_114' title='bbox 529 905 671 948; x_wconf 90' lang='lat' dir='ltr'><strong>Umbra</strong></span> <span class='ocrx_word' id='word_1_115' title='bbox 695 907 811 959; x_wconf 89' lang='lat' dir='ltr'><strong>enim,</strong></span> <span class='ocrx_word' id='word_1_116' title='bbox 844 915 908 948; x_wconf 83' lang='lat' dir='ltr'><strong>aut</strong></span> <span class='ocrx_word' id='word_1_117' title='bbox 928 916 1081 959; x_wconf 91' lang='lat' dir='ltr'><strong>ventus,</strong></span> <span class='ocrx_word' id='word_1_118' title='bbox 1115 917 1181 949; x_wconf 89' lang='lat' dir='ltr'><strong>aut</strong></span> <span class='ocrx_word' id='word_1_119' title='bbox 1202 911 1378 965; x_wconf 86' lang='lat' dir='ltr'><strong>spiritus,</strong></span> <span class='ocrx_word' id='word_1_120' title='bbox 1413 918 1476 951; x_wconf 87' lang='lat' dir='ltr'><strong>aut</strong></span> <span class='ocrx_word' id='word_1_121' title='bbox 1496 911 1618 962; x_wconf 83' lang='lat' dir='ltr'><strong>larva,</strong></span> 
     </span>
     <span class='ocr_line' id='line_1_13' title="bbox 105 975 1592 1033; baseline 0.003 -18"><span class='ocrx_word' id='word_1_122' title='bbox 105 989 227 1029; x_wconf 88' lang='lat' dir='ltr'><strong>neque</strong></span> <span class='ocrx_word' id='word_1_123' title='bbox 261 977 371 1015; x_wconf 87' lang='lat' dir='ltr'><strong>sunus</strong></span> <span class='ocrx_word' id='word_1_124' title='bbox 401 989 445 1014; x_wconf 89' lang='lat' dir='ltr'><strong>ac</strong></span> <span class='ocrx_word' id='word_1_125' title='bbox 474 975 730 1029; x_wconf 72' lang='lat' dir='ltr'><strong>sepulturam,</strong></span> <span class='ocrx_word' id='word_1_126' title='bbox 765 988 835 1015; x_wconf 91' lang='lat' dir='ltr'><strong>nec</strong></span> <span class='ocrx_word' id='word_1_127' title='bbox 865 977 1189 1017; x_wconf 69' lang='lat' dir='ltr'><strong>resurrectionem</strong></span> <span class='ocrx_word' id='word_1_128' title='bbox 1221 992 1358 1033; x_wconf 82' lang='lat' dir='ltr'><strong>capere</strong></span> <span class='ocrx_word' id='word_1_129' title='bbox 1391 979 1592 1033; x_wconf 89' lang='lat' dir='ltr'><strong>potuisset.</strong></span> 
     </span>
    </p>

    <p class='ocr_par' dir='ltr' id='par_1_5' title="bbox 101 1040 1803 1162">
     <span class='ocr_line' id='line_1_14' title="bbox 216 1040 1803 1099; baseline 0.001 -15"><span class='ocrx_word' id='word_1_130' title='bbox 216 1041 348 1084; x_wconf 83' lang='lat' dir='ltr'><strong>Schol.</strong></span> <span class='ocrx_word' id='word_1_131' title='bbox 371 1040 506 1082; x_wconf 87' lang='lat' dir='ltr'>XVII.</span> <span class='ocrx_word' id='word_1_132' title='bbox 554 1046 606 1081; x_wconf 87' lang='lat' dir='ltr'><strong>Et</strong></span> <span class='ocrx_word' id='word_1_133' title='bbox 625 1058 707 1082; x_wconf 80' lang='lat' dir='ltr'><strong>ecce</strong></span> <span class='ocrx_word' id='word_1_134' title='bbox 732 1047 807 1082; x_wconf 75' lang='lat' dir='ltr'><strong>ve&#39;rz&#39;</strong></span> <span class='ocrx_word' id='word_1_135' title='bbox 832 1058 911 1083; x_wconf 80' lang='lat' dir='ltr'><strong>cum</strong></span> <span class='ocrx_word' id='word_1_136' title='bbox 933 1047 997 1083; x_wconf 81' lang='lat' dir='ltr'><strong>illo</strong></span> <span class='ocrx_word' id='word_1_137' title='bbox 1021 1047 1283 1098; x_wconf 72' lang='lat' dir='ltr'><strong>loquebantur,</strong></span> <span class='ocrx_word' id='word_1_138' title='bbox 1327 1049 1433 1085; x_wconf 73' lang='lat' dir='ltr'><strong>Elias</strong></span> <span class='ocrx_word' id='word_1_139' title='bbox 1455 1055 1494 1086; x_wconf 75' lang='lat' dir='ltr'><strong>et</strong></span> <span class='ocrx_word' id='word_1_140' title='bbox 1511 1051 1619 1099; x_wconf 77' lang='lat' dir='ltr'><strong>Moy-</strong></span> <span class='ocrx_word' id='word_1_141' title='bbox 1636 1060 1707 1087; x_wconf 82' lang='lat' dir='ltr'><strong>Luc.</strong></span> <span class='ocrx_word' id='word_1_142' title='bbox 1720 1060 1745 1090; x_wconf 81' lang='grc'><strong>9,</strong></span> <span class='ocrx_word' id='word_1_143' title='bbox 1763 1061 1803 1087; x_wconf 83' lang='lat'><strong>30.</strong></span> 
     </span>
     <span class='ocr_line' id='line_1_15' title="bbox 101 1113 390 1162; baseline -0.003 -13"><span class='ocrx_word' id='word_1_144' title='bbox 101 1127 158 1151; x_wconf 82' lang='lat' dir='ltr'><strong>ses</strong></span> <span class='ocrx_word' id='word_1_145' title='bbox 188 1115 225 1150; x_wconf 86' lang='lat' dir='ltr'><strong>e&#39;n</strong></span> <span class='ocrx_word' id='word_1_146' title='bbox 251 1113 390 1162; x_wconf 78' lang='lat' dir='ltr'><strong>gloria.</strong></span> 
     </span>
    </p>

    <p class='ocr_par' dir='ltr' id='par_1_6' title="bbox 94 1176 1810 2458">
     <span class='ocr_line' id='line_1_16' title="bbox 212 1176 1808 1236; baseline 0.003 -19"><span class='ocrx_word' id='word_1_147' title='bbox 212 1177 345 1218; x_wconf 82' lang='lat' dir='ltr'><strong>Refut.</strong></span> <span class='ocrx_word' id='word_1_148' title='bbox 372 1176 508 1218; x_wconf 85' lang='lat' dir='ltr'>XVII.</span> <span class='ocrx_word' id='word_1_149' title='bbox 556 1176 751 1232; x_wconf 82' lang='lat' dir='ltr'><strong>Quantum</strong></span> <span class='ocrx_word' id='word_1_150' title='bbox 776 1179 948 1233; x_wconf 83' lang='lat' dir='ltr'><strong>equidem</strong></span> <span class='ocrx_word' id='word_1_151' title='bbox 979 1180 1115 1235; x_wconf 85' lang='lat' dir='ltr'><strong>opinor</strong></span> <span class='ocrx_word' id='word_1_152' title='bbox 1145 1181 1250 1222; x_wconf 86' lang='lat' dir='ltr'><strong>hisce</strong></span> <span class='ocrx_word' id='word_1_153' title='bbox 1277 1182 1405 1223; x_wconf 85' lang='lat' dir='ltr'><strong>verbis</strong></span> <span class='ocrx_word' id='word_1_154' title='bbox 1432 1183 1512 1223; x_wconf 83' lang='lat' dir='ltr'><strong>falx</strong></span> <span class='ocrx_word' id='word_1_155' title='bbox 1539 1182 1618 1235; x_wconf 86' lang='lat' dir='ltr'><strong>illa,</strong></span> <span class='ocrx_word' id='word_1_156' title='bbox 1638 1196 1728 1223; x_wconf 78' lang='lat' dir='ltr'><strong>Zach.</strong></span> <span class='ocrx_word' id='word_1_157' title='bbox 1747 1197 1808 1236; x_wconf 61' lang='lat'><strong>⁰2⁵:</strong></span> 
     </span>
     <span class='ocr_line' id='line_1_17' title="bbox 102 1231 1810 1305; baseline 0.005 -20"><span class='ocrx_word' id='word_1_158' title='bbox 102 1261 211 1301; x_wconf 84' lang='lat' dir='ltr'><strong>quam</strong></span> <span class='ocrx_word' id='word_1_159' title='bbox 245 1245 454 1286; x_wconf 83' lang='lat' dir='ltr'><strong>Zacharias</strong></span> <span class='ocrx_word' id='word_1_160' title='bbox 487 1254 782 1296; x_wconf 82' lang='lat' dir='ltr'><strong>commemorat,</strong></span> <span class='ocrx_word' id='word_1_161' title='bbox 828 1248 1030 1288; x_wconf 80' lang='lat' dir='ltr'><strong>adversum</strong></span> <span class='ocrx_word' id='word_1_162' title='bbox 1064 1256 1099 1289; x_wconf 83' lang='lat' dir='ltr'><strong>te</strong></span> <span class='ocrx_word' id='word_1_163' title='bbox 1130 1249 1388 1303; x_wconf 84' lang='lat' dir='ltr'><strong>significatur,</strong></span> <span class='ocrx_word' id='word_1_164' title='bbox 1430 1266 1525 1305; x_wconf 88' lang='lat' dir='ltr'><strong>quae</strong></span> <span class='ocrx_word' id='word_1_165' title='bbox 1558 1259 1620 1292; x_wconf 89' lang='lat' dir='ltr'><strong>tua</strong></span> <span class='ocrx_word' id='word_1_166' title='bbox 1641 1231 1810 1301; x_wconf 51' lang='grc' dir='ltr'><strong>ἯῖῗὲηξῖἒΧ</strong></span> 
     </span>
     <span class='ocr_line' id='line_1_18' title="bbox 101 1304 1746 1374; baseline 0.005 -21"><span class='ocrx_word' id='word_1_167' title='bbox 101 1313 226 1354; x_wconf 84' lang='lat' dir='ltr'><strong>onmia</strong></span> <span class='ocrx_word' id='word_1_168' title='bbox 254 1322 389 1354; x_wconf 87' lang='lat' dir='ltr'><strong>contra</strong></span> <span class='ocrx_word' id='word_1_169' title='bbox 413 1314 535 1369; x_wconf 89' lang='lat' dir='ltr'><strong>legem</strong></span> <span class='ocrx_word' id='word_1_170' title='bbox 568 1329 612 1355; x_wconf 85' lang='lat' dir='ltr'><strong>ac</strong></span> <span class='ocrx_word' id='word_1_171' title='bbox 640 1316 844 1369; x_wconf 90' lang='lat' dir='ltr'><strong>prophetas</strong></span> <span class='ocrx_word' id='word_1_172' title='bbox 872 1317 1069 1357; x_wconf 86' lang='lat' dir='ltr'><strong>mendacia</strong></span> <span class='ocrx_word' id='word_1_173' title='bbox 1097 1318 1282 1357; x_wconf 82' lang='lat' dir='ltr'><strong>succidat.</strong></span> <span class='ocrx_word' id='word_1_174' title='bbox 1346 1317 1501 1359; x_wconf 80' lang='lat' dir='ltr'><strong>Etenim</strong></span> <span class='ocrx_word' id='word_1_175' title='bbox 1529 1333 1620 1374; x_wconf 88' lang='lat' dir='ltr'><strong>quo·</strong></span> <span class='ocrx_word' id='word_1_176' title='bbox 1692 1304 1746 1327; x_wconf 55' lang='lat'><strong>‘⁶⁸&#39;</strong></span> 
     </span>
     <span class='ocr_line' id='line_1_19' title="bbox 100 1383 1620 1441; baseline 0.005 -20"><span class='ocrx_word' id='word_1_177' title='bbox 100 1383 199 1422; x_wconf 91' lang='lat' dir='ltr'><strong>niam</strong></span> <span class='ocrx_word' id='word_1_178' title='bbox 223 1396 443 1422; x_wconf 88' lang='lat' dir='ltr'><strong>emersurus</strong></span> <span class='ocrx_word' id='word_1_179' title='bbox 465 1396 551 1423; x_wconf 88' lang='lat' dir='ltr'><strong>eras</strong></span> <span class='ocrx_word' id='word_1_180' title='bbox 573 1383 797 1437; x_wconf 85' lang='lat' dir='ltr'><strong>aliquando,</strong></span> <span class='ocrx_word' id='word_1_181' title='bbox 840 1384 901 1438; x_wconf 91' lang='lat' dir='ltr'><strong>qui</strong></span> <span class='ocrx_word' id='word_1_182' title='bbox 924 1384 1008 1438; x_wconf 87' lang='lat' dir='ltr'><strong>lege</strong></span> <span class='ocrx_word' id='word_1_183' title='bbox 1036 1385 1303 1439; x_wconf 82' lang='lat' dir='ltr'><strong>prophetisque</strong></span> <span class='ocrx_word' id='word_1_184' title='bbox 1327 1387 1555 1441; x_wconf 87' lang='lat' dir='ltr'><strong>repudiatis,</strong></span> <span class='ocrx_word' id='word_1_185' title='bbox 1599 1402 1620 1428; x_wconf 86' lang='lat' dir='ltr'><strong>a</strong></span> 
     </span>
     <span class='ocr_line' id='line_1_20' title="bbox 99 1450 1618 1505; baseline 0.004 -15"><span class='ocrx_word' id='word_1_186' title='bbox 99 1451 292 1491; x_wconf 83' lang='lat' dir='ltr'><strong>salvatore</strong></span> <span class='ocrx_word' id='word_1_187' title='bbox 315 1450 473 1505; x_wconf 90' lang='lat' dir='ltr'><strong>eiusque</strong></span> <span class='ocrx_word' id='word_1_188' title='bbox 497 1451 621 1504; x_wconf 85' lang='lat' dir='ltr'><strong>gloria</strong></span> <span class='ocrx_word' id='word_1_189' title='bbox 643 1465 686 1490; x_wconf 88' lang='lat' dir='ltr'><strong>ac</strong></span> <span class='ocrx_word' id='word_1_190' title='bbox 711 1452 869 1491; x_wconf 83' lang='lat' dir='ltr'><strong>coelesti</strong></span> <span class='ocrx_word' id='word_1_191' title='bbox 894 1452 1066 1492; x_wconf 86' lang='lat' dir='ltr'><strong>doctrina</strong></span> <span class='ocrx_word' id='word_1_192' title='bbox 1090 1452 1237 1493; x_wconf 87' lang='lat' dir='ltr'><strong>alienos</strong></span> <span class='ocrx_word' id='word_1_193' title='bbox 1261 1467 1328 1494; x_wconf 90' lang='lat' dir='ltr'><strong>eos</strong></span> <span class='ocrx_word' id='word_1_194' title='bbox 1349 1468 1436 1495; x_wconf 90' lang='lat' dir='ltr'><strong>esse</strong></span> <span class='ocrx_word' id='word_1_195' title='bbox 1461 1463 1618 1496; x_wconf 90' lang='lat' dir='ltr'><strong>couten-</strong></span> 
     </span>
     <span class='ocr_line' id='line_1_21' title="bbox 98 1518 1616 1576; baseline 0.004 -18"><span class='ocrx_word' id='word_1_196' title='bbox 98 1519 225 1570; x_wconf 90' lang='lat' dir='ltr'><strong>deres,</strong></span> <span class='ocrx_word' id='word_1_197' title='bbox 258 1525 460 1572; x_wconf 90' lang='lat' dir='ltr'><strong>utrumque</strong></span> <span class='ocrx_word' id='word_1_198' title='bbox 485 1519 529 1559; x_wconf 84' lang='lat' dir='ltr'><strong>ad</strong></span> <span class='ocrx_word' id='word_1_199' title='bbox 553 1518 643 1558; x_wconf 88' lang='lat' dir='ltr'><strong>illud</strong></span> <span class='ocrx_word' id='word_1_200' title='bbox 661 1519 806 1573; x_wconf 86' lang='lat' dir='ltr'><strong>gloriae</strong></span> <span class='ocrx_word' id='word_1_201' title='bbox 827 1533 919 1560; x_wconf 87' lang='lat' dir='ltr'><strong>suae</strong></span> <span class='ocrx_word' id='word_1_202' title='bbox 940 1534 984 1560; x_wconf 89' lang='lat' dir='ltr'><strong>ac</strong></span> <span class='ocrx_word' id='word_1_203' title='bbox 1007 1520 1217 1561; x_wconf 78' lang='lat' dir='ltr'><strong>maiestatis</strong></span> <span class='ocrx_word' id='word_1_204' title='bbox 1241 1523 1407 1576; x_wconf 87' lang='lat' dir='ltr'><strong>speciem</strong></span> <span class='ocrx_word' id='word_1_205' title='bbox 1431 1523 1616 1574; x_wconf 86' lang='lat' dir='ltr'><strong>adhibuit,</strong></span> 
     </span>
     <span class='ocr_line' id='line_1_22' title="bbox 98 1586 1617 1642; baseline 0.003 -16"><span class='ocrx_word' id='word_1_206' title='bbox 98 1601 141 1627; x_wconf 88' lang='lat' dir='ltr'><strong>ac</strong></span> <span class='ocrx_word' id='word_1_207' title='bbox 166 1586 361 1641; x_wconf 87' lang='lat' dir='ltr'><strong>discipulis</strong></span> <span class='ocrx_word' id='word_1_208' title='bbox 383 1586 463 1626; x_wconf 89' lang='lat' dir='ltr'><strong>suis</strong></span> <span class='ocrx_word' id='word_1_209' title='bbox 488 1587 676 1636; x_wconf 83' lang='lat' dir='ltr'><strong>ostendit,</strong></span> <span class='ocrx_word' id='word_1_210' title='bbox 710 1586 883 1642; x_wconf 87' lang='lat' dir='ltr'><strong>discipuli</strong></span> <span class='ocrx_word' id='word_1_211' title='bbox 905 1603 1019 1642; x_wconf 92' lang='lat' dir='ltr'><strong>porro</strong></span> <span class='ocrx_word' id='word_1_212' title='bbox 1043 1588 1174 1639; x_wconf 85' lang='lat' dir='ltr'><strong>nobis,</strong></span> <span class='ocrx_word' id='word_1_213' title='bbox 1209 1603 1252 1629; x_wconf 88' lang='lat' dir='ltr'><strong>ac</strong></span> <span class='ocrx_word' id='word_1_214' title='bbox 1274 1591 1340 1630; x_wconf 88' lang='lat' dir='ltr'><strong>toti</strong></span> <span class='ocrx_word' id='word_1_215' title='bbox 1362 1591 1456 1630; x_wconf 88' lang='lat' dir='ltr'><strong>adeo</strong></span> <span class='ocrx_word' id='word_1_216' title='bbox 1478 1592 1617 1632; x_wconf 90' lang='lat' dir='ltr'><strong>mundo</strong></span> 
     </span>
     <span class='ocr_line' id='line_1_23' title="bbox 98 1654 1617 1710; baseline 0.003 -15"><span class='ocrx_word' id='word_1_217' title='bbox 98 1654 383 1709; x_wconf 81' lang='lat' dir='ltr'><strong>significarunt,</strong></span> <span class='ocrx_word' id='word_1_218' title='bbox 432 1655 501 1694; x_wconf 88' lang='lat' dir='ltr'><strong>hoc</strong></span> <span class='ocrx_word' id='word_1_219' title='bbox 533 1662 592 1694; x_wconf 86' lang='lat' dir='ltr'><strong>est</strong></span> <span class='ocrx_word' id='word_1_220' title='bbox 622 1654 777 1694; x_wconf 88' lang='lat' dir='ltr'><strong>cuilibet</strong></span> <span class='ocrx_word' id='word_1_221' title='bbox 800 1656 942 1695; x_wconf 89' lang='lat' dir='ltr'><strong>homini</strong></span> <span class='ocrx_word' id='word_1_222' title='bbox 974 1656 1035 1710; x_wconf 90' lang='lat' dir='ltr'><strong>qui</strong></span> <span class='ocrx_word' id='word_1_223' title='bbox 1068 1657 1166 1696; x_wconf 83' lang='lat' dir='ltr'><strong>vitae</strong></span> <span class='ocrx_word' id='word_1_224' title='bbox 1193 1671 1237 1697; x_wconf 90' lang='lat' dir='ltr'><strong>ac</strong></span> <span class='ocrx_word' id='word_1_225' title='bbox 1265 1658 1400 1699; x_wconf 84' lang='lat' dir='ltr'><strong>salutis</strong></span> <span class='ocrx_word' id='word_1_226' title='bbox 1426 1659 1617 1700; x_wconf 82' lang='lat' dir='ltr'><strong>desiderio</strong></span> 
     </span>
     <span class='ocr_line' id='line_1_24' title="bbox 98 1720 1618 1777; baseline 0.003 -14"><span class='ocrx_word' id='word_1_227' title='bbox 98 1729 290 1763; x_wconf 86' lang='lat' dir='ltr'><strong>teneatur.</strong></span> <span class='ocrx_word' id='word_1_228' title='bbox 350 1720 542 1763; x_wconf 84' lang='lat' dir='ltr'><strong>Nimirum</strong></span> <span class='ocrx_word' id='word_1_229' title='bbox 566 1730 606 1762; x_wconf 93' lang='lat' dir='ltr'><strong>ut</strong></span> <span class='ocrx_word' id='word_1_230' title='bbox 630 1723 690 1776; x_wconf 87' lang='lat' dir='ltr'><strong>qui</strong></span> <span class='ocrx_word' id='word_1_231' title='bbox 717 1723 835 1777; x_wconf 90' lang='lat' dir='ltr'><strong>primo</strong></span> <span class='ocrx_word' id='word_1_232' title='bbox 860 1723 945 1763; x_wconf 90' lang='lat' dir='ltr'><strong>loco</strong></span> <span class='ocrx_word' id='word_1_233' title='bbox 972 1732 1203 1766; x_wconf 82' lang='lat' dir='ltr'><strong>memoratus</strong></span> <span class='ocrx_word' id='word_1_234' title='bbox 1225 1733 1305 1776; x_wconf 87' lang='lat' dir='ltr'><strong>est,</strong></span> <span class='ocrx_word' id='word_1_235' title='bbox 1338 1727 1466 1767; x_wconf 85' lang='lat' dir='ltr'><strong>asciae</strong></span> <span class='ocrx_word' id='word_1_236' title='bbox 1489 1728 1538 1768; x_wconf 92' lang='lat' dir='ltr'><strong>sit</strong></span> <span class='ocrx_word' id='word_1_237' title='bbox 1560 1727 1618 1767; x_wconf 88' lang='lat' dir='ltr'><strong>in-</strong></span> 
     </span>
     <span class='ocr_line' id='line_1_25' title="bbox 98 1791 1616 1847; baseline 0.004 -17"><span class='ocrx_word' id='word_1_238' title='bbox 98 1798 201 1841; x_wconf 82' lang='lat' dir='ltr'><strong>star,</strong></span> <span class='ocrx_word' id='word_1_239' title='bbox 235 1803 331 1844; x_wconf 84' lang='lat' dir='ltr'><strong>quae</strong></span> <span class='ocrx_word' id='word_1_240' title='bbox 357 1791 506 1830; x_wconf 88' lang='lat' dir='ltr'><strong>radices</strong></span> <span class='ocrx_word' id='word_1_241' title='bbox 534 1798 617 1831; x_wconf 86' lang='lat' dir='ltr'><strong>tuas</strong></span> <span class='ocrx_word' id='word_1_242' title='bbox 643 1791 818 1841; x_wconf 85' lang='lat' dir='ltr'><strong>excidat,</strong></span> <span class='ocrx_word' id='word_1_243' title='bbox 851 1792 947 1831; x_wconf 85' lang='lat' dir='ltr'><strong>alter</strong></span> <span class='ocrx_word' id='word_1_244' title='bbox 972 1793 1027 1832; x_wconf 90' lang='lat' dir='ltr'><strong>sic</strong></span> <span class='ocrx_word' id='word_1_245' title='bbox 1051 1799 1226 1847; x_wconf 82' lang='lat' dir='ltr'><strong>tanquam</strong></span> <span class='ocrx_word' id='word_1_246' title='bbox 1250 1794 1426 1835; x_wconf 85' lang='lat' dir='ltr'><strong>veritatis</strong></span> <span class='ocrx_word' id='word_1_247' title='bbox 1452 1795 1534 1836; x_wconf 81' lang='lat' dir='ltr'><strong>falx</strong></span> <span class='ocrx_word' id='word_1_248' title='bbox 1555 1810 1616 1836; x_wconf 87' lang='lat' dir='ltr'><strong>ra-</strong></span> 
     </span>
     <span class='ocr_line' id='line_1_26' title="bbox 97 1858 1616 1913; baseline 0.005 -16"><span class='ocrx_word' id='word_1_249' title='bbox 97 1872 179 1898; x_wconf 91' lang='lat' dir='ltr'><strong>mos</strong></span> <span class='ocrx_word' id='word_1_250' title='bbox 214 1866 298 1898; x_wconf 92' lang='lat' dir='ltr'><strong>tuos</strong></span> <span class='ocrx_word' id='word_1_251' title='bbox 332 1865 523 1913; x_wconf 89' lang='lat' dir='ltr'><strong>amputet,</strong></span> <span class='ocrx_word' id='word_1_252' title='bbox 570 1872 619 1898; x_wconf 87' lang='lat' dir='ltr'><strong>ex</strong></span> <span class='ocrx_word' id='word_1_253' title='bbox 652 1858 787 1912; x_wconf 89' lang='lat' dir='ltr'><strong>quibus</strong></span> <span class='ocrx_word' id='word_1_254' title='bbox 817 1859 964 1899; x_wconf 87' lang='lat' dir='ltr'><strong>cicutae</strong></span> <span class='ocrx_word' id='word_1_255' title='bbox 995 1860 1129 1900; x_wconf 89' lang='lat' dir='ltr'><strong>similis</strong></span> <span class='ocrx_word' id='word_1_256' title='bbox 1160 1875 1203 1901; x_wconf 87' lang='lat' dir='ltr'><strong>ac</strong></span> <span class='ocrx_word' id='word_1_257' title='bbox 1233 1862 1359 1902; x_wconf 81' lang='lat' dir='ltr'><strong>letifer</strong></span> <span class='ocrx_word' id='word_1_258' title='bbox 1387 1863 1451 1903; x_wconf 90' lang='lat' dir='ltr'><strong>ille</strong></span> <span class='ocrx_word' id='word_1_259' title='bbox 1479 1877 1616 1905; x_wconf 86' lang='lat' dir='ltr'><strong>succus</strong></span> 
     </span>
     <span class='ocr_line' id='line_1_27' title="bbox 95 1926 1616 1987; baseline 0.004 -21"><span class='ocrx_word' id='word_1_260' title='bbox 95 1926 269 1980; x_wconf 86' lang='lat' dir='ltr'><strong>viscique</strong></span> <span class='ocrx_word' id='word_1_261' title='bbox 291 1940 396 1966; x_wconf 88' lang='lat' dir='ltr'><strong>more</strong></span> <span class='ocrx_word' id='word_1_262' title='bbox 419 1926 716 1980; x_wconf 83' lang='lat' dir='ltr'><strong>sequacissimus</strong></span> <span class='ocrx_word' id='word_1_263' title='bbox 739 1927 981 1981; x_wconf 81' lang='lat' dir='ltr'><strong>exprimitur.</strong></span> <span class='ocrx_word' id='word_1_264' title='bbox 1035 1927 1137 1968; x_wconf 90' lang='lat' dir='ltr'><strong>Nam</strong></span> <span class='ocrx_word' id='word_1_265' title='bbox 1158 1929 1189 1969; x_wconf 89' lang='lat' dir='ltr'><strong>si</strong></span> <span class='ocrx_word' id='word_1_266' title='bbox 1211 1930 1357 1970; x_wconf 90' lang='lat' dir='ltr'><strong>alienus</strong></span> <span class='ocrx_word' id='word_1_267' title='bbox 1377 1938 1482 1971; x_wconf 89' lang='lat' dir='ltr'><strong>esset</strong></span> <span class='ocrx_word' id='word_1_268' title='bbox 1500 1930 1616 1987; x_wconf 87' lang='lat' dir='ltr'><strong>Moy-</strong></span> 
     </span>
     <span class='ocr_line' id='line_1_28' title="bbox 96 1992 1616 2052; baseline 0.003 -18"><span class='ocrx_word' id='word_1_269' title='bbox 96 2008 158 2035; x_wconf 90' lang='lat' dir='ltr'><strong>ses</strong></span> <span class='ocrx_word' id='word_1_270' title='bbox 178 1994 257 2046; x_wconf 89' lang='lat' dir='ltr'><strong>ille,</strong></span> <span class='ocrx_word' id='word_1_271' title='bbox 291 1994 349 2034; x_wconf 90' lang='lat' dir='ltr'><strong>cui</strong></span> <span class='ocrx_word' id='word_1_272' title='bbox 373 1994 468 2047; x_wconf 84' lang='lat' dir='ltr'><strong>legis</strong></span> <span class='ocrx_word' id='word_1_273' title='bbox 493 2001 550 2034; x_wconf 92' lang='lat' dir='ltr'><strong>est</strong></span> <span class='ocrx_word' id='word_1_274' title='bbox 572 2009 593 2034; x_wconf 89' lang='lat' dir='ltr'><strong>a</strong></span> <span class='ocrx_word' id='word_1_275' title='bbox 613 1992 769 2035; x_wconf 82' lang='lat' dir='ltr'><strong>Christo</strong></span> <span class='ocrx_word' id='word_1_276' title='bbox 789 1996 976 2049; x_wconf 86' lang='lat' dir='ltr'><strong>quondam</strong></span> <span class='ocrx_word' id='word_1_277' title='bbox 1000 1997 1175 2037; x_wconf 86' lang='lat' dir='ltr'><strong>mandata</strong></span> <span class='ocrx_word' id='word_1_278' title='bbox 1199 1998 1412 2052; x_wconf 86' lang='lat' dir='ltr'><strong>provincia,</strong></span> <span class='ocrx_word' id='word_1_279' title='bbox 1447 1999 1477 2038; x_wconf 88' lang='lat' dir='ltr'><strong>si</strong></span> <span class='ocrx_word' id='word_1_280' title='bbox 1501 1999 1616 2039; x_wconf 88' lang='lat' dir='ltr'><strong>alieni</strong></span> 
     </span>
     <span class='ocr_line' id='line_1_29' title="bbox 95 2062 1613 2120; baseline 0.003 -18"><span class='ocrx_word' id='word_1_281' title='bbox 95 2062 253 2117; x_wconf 89' lang='lat' dir='ltr'><strong>insuper</strong></span> <span class='ocrx_word' id='word_1_282' title='bbox 278 2062 508 2117; x_wconf 84' lang='lat' dir='ltr'><strong>prophetae,</strong></span> <span class='ocrx_word' id='word_1_283' title='bbox 546 2076 735 2116; x_wconf 85' lang='lat' dir='ltr'><strong>nunquam</strong></span> <span class='ocrx_word' id='word_1_284' title='bbox 761 2077 827 2103; x_wconf 90' lang='lat' dir='ltr'><strong>eos</strong></span> <span class='ocrx_word' id='word_1_285' title='bbox 851 2077 980 2104; x_wconf 90' lang='lat' dir='ltr'><strong>secum</strong></span> <span class='ocrx_word' id='word_1_286' title='bbox 1004 2078 1072 2104; x_wconf 90' lang='lat' dir='ltr'><strong>sua</strong></span> <span class='ocrx_word' id='word_1_287' title='bbox 1096 2064 1158 2105; x_wconf 85' lang='lat' dir='ltr'><strong>illa</strong></span> <span class='ocrx_word' id='word_1_288' title='bbox 1181 2065 1217 2105; x_wconf 92' lang='lat' dir='ltr'><strong>iu</strong></span> <span class='ocrx_word' id='word_1_289' title='bbox 1241 2066 1362 2119; x_wconf 82' lang='lat' dir='ltr'><strong>gloria</strong></span> <span class='ocrx_word' id='word_1_290' title='bbox 1388 2081 1613 2120; x_wconf 85' lang='lat' dir='ltr'><strong>repraesen-</strong></span> 
     </span>
     <span class='ocr_line' id='line_1_30' title="bbox 96 2128 1612 2188; baseline 0.004 -19"><span class='ocrx_word' id='word_1_291' title='bbox 96 2137 210 2170; x_wconf 86' lang='lat' dir='ltr'><strong>taret.</strong></span> <span class='ocrx_word' id='word_1_292' title='bbox 273 2128 317 2169; x_wconf 86' lang='lat' dir='ltr'><strong>ln</strong></span> <span class='ocrx_word' id='word_1_293' title='bbox 349 2144 422 2184; x_wconf 89' lang='lat' dir='ltr'><strong>quo</strong></span> <span class='ocrx_word' id='word_1_294' title='bbox 453 2130 539 2183; x_wconf 86' lang='lat' dir='ltr'><strong>quid</strong></span> <span class='ocrx_word' id='word_1_295' title='bbox 571 2130 741 2171; x_wconf 87' lang='lat' dir='ltr'><strong>mirabile</strong></span> <span class='ocrx_word' id='word_1_296' title='bbox 772 2131 976 2185; x_wconf 85' lang='lat' dir='ltr'><strong>contigerit</strong></span> <span class='ocrx_word' id='word_1_297' title='bbox 1003 2133 1281 2173; x_wconf 87' lang='lat' dir='ltr'><strong>animadverte.</strong></span> <span class='ocrx_word' id='word_1_298' title='bbox 1341 2133 1480 2188; x_wconf 89' lang='lat' dir='ltr'><strong>Neque</strong></span> <span class='ocrx_word' id='word_1_299' title='bbox 1511 2135 1612 2175; x_wconf 88' lang='lat' dir='ltr'><strong>enim</strong></span> 
     </span>
     <span class='ocr_line' id='line_1_31' title="bbox 96 2197 1610 2255; baseline 0.004 -18"><span class='ocrx_word' id='word_1_300' title='bbox 96 2212 163 2238; x_wconf 90' lang='lat' dir='ltr'><strong>eos</strong></span> <span class='ocrx_word' id='word_1_301' title='bbox 191 2198 229 2237; x_wconf 89' lang='lat' dir='ltr'><strong>in</strong></span> <span class='ocrx_word' id='word_1_302' title='bbox 261 2197 486 2252; x_wconf 83' lang='lat' dir='ltr'><strong>sepulchrO,</strong></span> <span class='ocrx_word' id='word_1_303' title='bbox 531 2205 598 2238; x_wconf 86' lang='lat' dir='ltr'><strong>aut</strong></span> <span class='ocrx_word' id='word_1_304' title='bbox 625 2199 669 2238; x_wconf 89' lang='lat' dir='ltr'><strong>ad</strong></span> <span class='ocrx_word' id='word_1_305' title='bbox 694 2212 845 2239; x_wconf 86' lang='lat' dir='ltr'><strong>crucem</strong></span> <span class='ocrx_word' id='word_1_306' title='bbox 874 2213 1059 2255; x_wconf 83' lang='lat' dir='ltr'><strong>apparere</strong></span> <span class='ocrx_word' id='word_1_307' title='bbox 1083 2201 1223 2251; x_wconf 85' lang='lat' dir='ltr'><strong>voluit,</strong></span> <span class='ocrx_word' id='word_1_308' title='bbox 1270 2201 1335 2241; x_wconf 86' lang='lat' dir='ltr'><strong>sed</strong></span> <span class='ocrx_word' id='word_1_309' title='bbox 1358 2209 1448 2242; x_wconf 87' lang='lat' dir='ltr'><strong>tunc</strong></span> <span class='ocrx_word' id='word_1_310' title='bbox 1472 2203 1610 2255; x_wconf 89' lang='lat' dir='ltr'><strong>solum,</strong></span> 
     </span>
     <span class='ocr_line' id='line_1_32' title="bbox 95 2265 1612 2325; baseline 0.003 -18"><span class='ocrx_word' id='word_1_311' title='bbox 95 2281 178 2307; x_wconf 88' lang='lat' dir='ltr'><strong>cum</strong></span> <span class='ocrx_word' id='word_1_312' title='bbox 213 2265 428 2321; x_wconf 90' lang='lat' dir='ltr'><strong>splendoris</strong></span> <span class='ocrx_word' id='word_1_313' title='bbox 468 2266 525 2305; x_wconf 90' lang='lat' dir='ltr'><strong>sui</strong></span> <span class='ocrx_word' id='word_1_314' title='bbox 558 2266 779 2320; x_wconf 86' lang='lat' dir='ltr'><strong>particulam</strong></span> <span class='ocrx_word' id='word_1_315' title='bbox 819 2267 928 2308; x_wconf 85' lang='lat' dir='ltr'><strong>nobis</strong></span> <span class='ocrx_word' id='word_1_316' title='bbox 965 2269 1070 2309; x_wconf 89' lang='lat' dir='ltr'><strong>velut</strong></span> <span class='ocrx_word' id='word_1_317' title='bbox 1101 2269 1354 2309; x_wconf 82' lang='lat' dir='ltr'><strong>arrhabonem</strong></span> <span class='ocrx_word' id='word_1_318' title='bbox 1393 2283 1437 2310; x_wconf 87' lang='lat' dir='ltr'><strong>ac</strong></span> <span class='ocrx_word' id='word_1_319' title='bbox 1475 2271 1612 2325; x_wconf 87' lang='lat' dir='ltr'><strong>pignus</strong></span> 
     </span>
     <span class='ocr_line' id='line_1_33' title="bbox 95 2332 1612 2392; baseline 0.003 -18"><span class='ocrx_word' id='word_1_320' title='bbox 95 2341 331 2388; x_wconf 85' lang='lat' dir='ltr'><strong>aspergeret.</strong></span> <span class='ocrx_word' id='word_1_321' title='bbox 394 2333 494 2373; x_wconf 91' lang='lat' dir='ltr'><strong>Tum</strong></span> <span class='ocrx_word' id='word_1_322' title='bbox 523 2332 622 2373; x_wconf 88' lang='lat' dir='ltr'><strong>enim</strong></span> <span class='ocrx_word' id='word_1_323' title='bbox 648 2341 802 2375; x_wconf 84' lang='lat' dir='ltr'><strong>sanctos</strong></span> <span class='ocrx_word' id='word_1_324' title='bbox 825 2335 910 2376; x_wconf 87' lang='lat' dir='ltr'><strong>illos</strong></span> <span class='ocrx_word' id='word_1_325' title='bbox 933 2349 1062 2377; x_wconf 83' lang='lat' dir='ltr'><strong>secum</strong></span> <span class='ocrx_word' id='word_1_326' title='bbox 1087 2335 1255 2392; x_wconf 76' lang='lat' dir='ltr'><strong>Moysen</strong></span> <span class='ocrx_word' id='word_1_327' title='bbox 1284 2344 1321 2377; x_wconf 90' lang='lat' dir='ltr'><strong>et</strong></span> <span class='ocrx_word' id='word_1_328' title='bbox 1348 2336 1470 2377; x_wconf 80' lang='lat' dir='ltr'><strong>Etiam</strong></span> <span class='ocrx_word' id='word_1_329' title='bbox 1495 2339 1612 2379; x_wconf 91' lang='lat' dir='ltr'><strong>addu-</strong></span> 
     </span>
     <span class='ocr_line' id='line_1_34' title="bbox 94 2401 1608 2458; baseline 0.003 -15"><span class='ocrx_word' id='word_1_330' title='bbox 94 2403 174 2452; x_wconf 90' lang='lat' dir='ltr'><strong>xit,</strong></span> <span class='ocrx_word' id='word_1_331' title='bbox 207 2409 249 2442; x_wconf 94' lang='lat' dir='ltr'><strong>ut</strong></span> <span class='ocrx_word' id='word_1_332' title='bbox 278 2401 448 2442; x_wconf 88' lang='lat' dir='ltr'><strong>eiusdem</strong></span> <span class='ocrx_word' id='word_1_333' title='bbox 479 2416 609 2442; x_wconf 86' lang='lat' dir='ltr'><strong>secum</strong></span> <span class='ocrx_word' id='word_1_334' title='bbox 640 2402 746 2456; x_wconf 86' lang='lat' dir='ltr'><strong>regui</strong></span> <span class='ocrx_word' id='word_1_335' title='bbox 779 2403 980 2458; x_wconf 83' lang='lat' dir='ltr'><strong>participes</strong></span> <span class='ocrx_word' id='word_1_336' title='bbox 1011 2419 1055 2445; x_wconf 81' lang='lat' dir='ltr'><strong>ac</strong></span> <span class='ocrx_word' id='word_1_337' title='bbox 1085 2406 1212 2445; x_wconf 88' lang='lat' dir='ltr'><strong>socios</strong></span> <span class='ocrx_word' id='word_1_338' title='bbox 1243 2419 1329 2445; x_wconf 89' lang='lat' dir='ltr'><strong>esse</strong></span> <span class='ocrx_word' id='word_1_339' title='bbox 1361 2413 1608 2448; x_wconf 83' lang='lat' dir='ltr'><strong>monstraret.</strong></span> 
     </span>
    </p>

    <p class='ocr_par' dir='ltr' id='par_1_7' title="bbox 207 2468 1791 2528">
     <span class='ocr_line' id='line_1_35' title="bbox 207 2468 1791 2528; baseline 0.003 -18"><span class='ocrx_word' id='word_1_340' title='bbox 207 2469 340 2511; x_wconf 88' lang='lat' dir='ltr'><strong>Schol.</strong></span> <span class='ocrx_word' id='word_1_341' title='bbox 367 2468 524 2510; x_wconf 85' lang='lat' dir='ltr'><strong>XVIII.</strong></span> <span class='ocrx_word' id='word_1_342' title='bbox 569 2473 604 2508; x_wconf 92' lang='lat' dir='ltr'><em>E</em></span> <span class='ocrx_word' id='word_1_343' title='bbox 631 2471 725 2509; x_wconf 80' lang='lat' dir='ltr'><strong>nube</strong></span> <span class='ocrx_word' id='word_1_344' title='bbox 755 2486 845 2519; x_wconf 77' lang='lat' dir='ltr'><strong>vooe,</strong></span> <span class='ocrx_word' id='word_1_345' title='bbox 880 2475 950 2511; x_wconf 80' lang='lat' dir='ltr'><strong>He‘c</strong></span> <span class='ocrx_word' id='word_1_346' title='bbox 980 2482 1037 2512; x_wconf 72' lang='lat' dir='ltr'><strong>est</strong></span> <span class='ocrx_word' id='word_1_347' title='bbox 1052 2475 1165 2525; x_wconf 78' lang='lat' dir='ltr'><strong>filius</strong></span> <span class='ocrx_word' id='word_1_348' title='bbox 1195 2489 1293 2513; x_wconf 78' lang='lat' dir='ltr'><strong>meus</strong></span> <span class='ocrx_word' id='word_1_349' title='bbox 1321 2476 1489 2513; x_wconf 72' lang='lat' dir='ltr'><strong>dilectus.</strong></span> <span class='ocrx_word' id='word_1_350' title='bbox 1626 2491 1698 2520; x_wconf 70' lang='lat' dir='ltr'><strong>Luc.</strong></span> <span class='ocrx_word' id='word_1_351' title='bbox 1712 2493 1738 2528; x_wconf 75' lang='lat'><strong>9,</strong></span> <span class='ocrx_word' id='word_1_352' title='bbox 1750 2494 1791 2522; x_wconf 84' lang='lat'><strong>35.</strong></span> 
     </span>
    </p>
   </div>
   <div class='ocr_carea' id='block_1_3' title="bbox 95 2604 1609 2869">
    <p class='ocr_par' dir='ltr' id='par_1_8' title="bbox 95 2604 1609 2869">
     <span class='ocr_line' id='line_1_36' title="bbox 203 2604 1609 2666; baseline 0.006 -22"><span class='ocrx_word' id='word_1_353' title='bbox 203 2604 338 2646; x_wconf 87' lang='lat' dir='ltr'><strong>Refut.</strong></span> <span class='ocrx_word' id='word_1_354' title='bbox 362 2604 518 2645; x_wconf 87' lang='lat' dir='ltr'><strong>XVIII.</strong></span> <span class='ocrx_word' id='word_1_355' title='bbox 562 2604 809 2647; x_wconf 83' lang='lat' dir='ltr'><strong>Manifestum</strong></span> <span class='ocrx_word' id='word_1_356' title='bbox 842 2607 962 2648; x_wconf 87' lang='lat' dir='ltr'><strong>cuivis</strong></span> <span class='ocrx_word' id='word_1_357' title='bbox 994 2616 1074 2659; x_wconf 85' lang='lat' dir='ltr'><strong>est,</strong></span> <span class='ocrx_word' id='word_1_358' title='bbox 1119 2609 1275 2663; x_wconf 87' lang='lat' dir='ltr'><strong>opinor,</strong></span> <span class='ocrx_word' id='word_1_359' title='bbox 1320 2610 1457 2651; x_wconf 88' lang='lat' dir='ltr'><strong>nubem</strong></span> <span class='ocrx_word' id='word_1_360' title='bbox 1485 2624 1609 2666; x_wconf 88' lang='lat' dir='ltr'><strong>neque</strong></span> 
     </span>
     <span class='ocr_line' id='line_1_37' title="bbox 95 2673 1609 2729; baseline 0.005 -16"><span class='ocrx_word' id='word_1_361' title='bbox 95 2687 273 2728; x_wconf 85' lang='lat' dir='ltr'><strong>suprema</strong></span> <span class='ocrx_word' id='word_1_362' title='bbox 303 2674 342 2714; x_wconf 89' lang='lat' dir='ltr'><strong>in</strong></span> <span class='ocrx_word' id='word_1_363' title='bbox 372 2673 554 2727; x_wconf 86' lang='lat' dir='ltr'><strong>regione,</strong></span> <span class='ocrx_word' id='word_1_364' title='bbox 600 2687 722 2728; x_wconf 88' lang='lat' dir='ltr'><strong>neque</strong></span> <span class='ocrx_word' id='word_1_365' title='bbox 752 2688 865 2729; x_wconf 88' lang='lat' dir='ltr'><strong>supra</strong></span> <span class='ocrx_word' id='word_1_366' title='bbox 898 2677 1044 2717; x_wconf 89' lang='lat' dir='ltr'><strong>coelum</strong></span> <span class='ocrx_word' id='word_1_367' title='bbox 1077 2691 1186 2727; x_wconf 88' lang='lat' dir='ltr'><strong>esse,</strong></span> <span class='ocrx_word' id='word_1_368' title='bbox 1229 2678 1294 2717; x_wconf 88' lang='lat' dir='ltr'><strong>sed</strong></span> <span class='ocrx_word' id='word_1_369' title='bbox 1324 2678 1361 2718; x_wconf 89' lang='lat' dir='ltr'><strong>in</strong></span> <span class='ocrx_word' id='word_1_370' title='bbox 1387 2678 1455 2719; x_wconf 86' lang='lat' dir='ltr'><strong>hac</strong></span> <span class='ocrx_word' id='word_1_371' title='bbox 1480 2678 1609 2720; x_wconf 86' lang='lat' dir='ltr'><strong>infima</strong></span> 
     </span>
     <span class='ocr_line' id='line_1_38' title="bbox 96 2741 1608 2793; baseline 0.004 -12"><span class='ocrx_word' id='word_1_372' title='bbox 96 2742 330 2782; x_wconf 88' lang='lat' dir='ltr'><strong>conditarum</strong></span> <span class='ocrx_word' id='word_1_373' title='bbox 358 2755 485 2782; x_wconf 87' lang='lat' dir='ltr'><strong>rerum</strong></span> <span class='ocrx_word' id='word_1_374' title='bbox 512 2741 676 2782; x_wconf 86' lang='lat' dir='ltr'><strong>statione</strong></span> <span class='ocrx_word' id='word_1_375' title='bbox 703 2743 873 2793; x_wconf 84' lang='lat' dir='ltr'><strong>versari,</strong></span> <span class='ocrx_word' id='word_1_376' title='bbox 915 2745 1014 2785; x_wconf 90' lang='lat' dir='ltr'><strong>unde</strong></span> <span class='ocrx_word' id='word_1_377' title='bbox 1039 2759 1119 2785; x_wconf 84' lang='lat' dir='ltr'><strong>vox</strong></span> <span class='ocrx_word' id='word_1_378' title='bbox 1142 2753 1200 2784; x_wconf 84' lang='lat' dir='ltr'><strong>est</strong></span> <span class='ocrx_word' id='word_1_379' title='bbox 1222 2745 1267 2785; x_wconf 88' lang='lat' dir='ltr'><strong>ad</strong></span> <span class='ocrx_word' id='word_1_380' title='bbox 1289 2746 1521 2787; x_wconf 82' lang='lat' dir='ltr'><strong>salvatorem</strong></span> <span class='ocrx_word' id='word_1_381' title='bbox 1544 2748 1608 2787; x_wconf 92' lang='lat' dir='ltr'><strong>de-</strong></span> 
     </span>
     <span class='ocr_line' id='line_1_39' title="bbox 95 2808 1608 2869; baseline 0.005 -21"><span class='ocrx_word' id='word_1_382' title='bbox 95 2809 213 2863; x_wconf 86' lang='lat' dir='ltr'><strong>lapsa.</strong></span> <span class='ocrx_word' id='word_1_383' title='bbox 274 2808 394 2864; x_wconf 87' lang='lat' dir='ltr'><strong>Igitur</strong></span> <span class='ocrx_word' id='word_1_384' title='bbox 420 2810 450 2849; x_wconf 90' lang='lat' dir='ltr'><strong>si</strong></span> <span class='ocrx_word' id='word_1_385' title='bbox 479 2810 523 2849; x_wconf 91' lang='lat' dir='ltr'><strong>de</strong></span> <span class='ocrx_word' id='word_1_386' title='bbox 550 2809 648 2850; x_wconf 92' lang='lat' dir='ltr'><strong>nube</strong></span> <span class='ocrx_word' id='word_1_387' title='bbox 674 2810 822 2851; x_wconf 87' lang='lat' dir='ltr'><strong>locutus</strong></span> <span class='ocrx_word' id='word_1_388' title='bbox 849 2819 956 2866; x_wconf 87' lang='lat' dir='ltr'><strong>pater</strong></span> <span class='ocrx_word' id='word_1_389' title='bbox 980 2813 1092 2852; x_wconf 81' lang='lat' dir='ltr'><strong>filium</strong></span> <span class='ocrx_word' id='word_1_390' title='bbox 1121 2827 1228 2852; x_wconf 88' lang='lat' dir='ltr'><strong>suum</strong></span> <span class='ocrx_word' id='word_1_391' title='bbox 1259 2814 1452 2869; x_wconf 89' lang='lat' dir='ltr'><strong>discipulis</strong></span> <span class='ocrx_word' id='word_1_392' title='bbox 1479 2821 1608 2855; x_wconf 91' lang='lat' dir='ltr'><strong>osteu-</strong></span> 
     </span>
    </p>
   </div>
   <div class='ocr_carea' id='block_1_4' title="bbox 91 2958 1183 2999">
    <p class='ocr_par' dir='ltr' id='par_1_9' title="bbox 91 2958 1183 2999">
     <span class='ocr_line' id='line_1_40' title="bbox 91 2958 1183 2999; baseline 0.002 -11"><span class='ocrx_word' id='word_1_393' title='bbox 91 2958 265 2995; x_wconf 80' lang='lat' dir='ltr'><strong>ponendam</strong></span> <span class='ocrx_word' id='word_1_394' title='bbox 286 2959 396 2997; x_wconf 79' lang='lat' dir='ltr'><strong>putavi</strong></span> <span class='ocrx_word' id='word_1_395' title='bbox 418 2967 451 2989; x_wconf 89' lang='lat' dir='ltr'><strong>eo</strong></span> <span class='ocrx_word' id='word_1_396' title='bbox 475 2959 575 2997; x_wconf 68' lang='lat' dir='ltr'><strong>mayis</strong></span> <span class='ocrx_word' id='word_1_397' title='bbox 595 2959 676 2997; x_wconf 82' lang='lat' dir='ltr'><strong>quod</strong></span> <span class='ocrx_word' id='word_1_398' title='bbox 699 2967 767 2990; x_wconf 84' lang='lat' dir='ltr'><strong>eam</strong></span> <span class='ocrx_word' id='word_1_399' title='bbox 789 2968 883 2999; x_wconf 84' lang='lat' dir='ltr'><strong>supra</strong></span> <span class='ocrx_word' id='word_1_400' title='bbox 906 2964 1009 2992; x_wconf 74' lang='lat' dir='ltr'><strong>extare</strong></span> <span class='ocrx_word' id='word_1_401' title='bbox 1032 2961 1183 2992; x_wconf 82' lang='lat' dir='ltr'><strong>videbam.</strong></span> 
     </span>
    </p>
   </div>
  </div>
 </body>
</html>
