2034 3267
188 1199 275 1241 Κεφ.
302 1195 341 1243 β’.

227 1686 292 1714 pag.
308 1677 349 1705 41.

368 173 420 212 96
923 173 1080 206 εΑΝοΤι
1103 173 1324 206 ΕΡΙΡΗΑΝΠ

366 254 519 298 τούτου.
563 254 703 308 Γέγονε
722 250 764 291 δὲ
787 244 900 298 οὗτος
921 267 941 291 ο
964 255 1178 302 ανθρωπος
1198 251 1486 301 πεπλανημένος
1506 250 1572 293 τόν
1590 249 1750 306 τρόπον,
1781 246 1879 291 άπα-

365 322 479 376 τηλὸς
497 339 565 374 την
583 318 750 374 γνώμην,
773 315 849 358 άπο
869 315 1073 358 Ἰουδαίων
1093 314 1319 369 ὁρμώμενος
1337 317 1404 356 καὶ
1420 335 1465 357 τα
1485 317 1692 360 Ἰουδαίων
1710 321 1880 372 φρονῶν,

364 388 463 432 κατά
487 387 610 439 νόμον
634 385 675 426 δὲ
699 383 751 437 μὴ
775 382 1089 436 πολιτευόμενος,
1131 384 1238 436 ἕτερα
1264 383 1305 424 δὲ
1330 381 1419 424 ἄνθ’
1442 385 1578 437 ἑτέρων
1600 387 1880 441 παρειςφέρων,

364 457 430 497 καὶ
452 453 520 506 τήν
546 455 647 494 ἰδίαν
670 450 791 493 αὐτοῦ
814 453 960 506 αἵρεσιν
989 456 1006 480 3
1021 449 1226 503 πλανήσας.
1273 449 1414 500 ”Αλας,
1455 452 1521 492 καὶ
1542 451 1668 505 ὕδωρ,
1708 454 1774 494 καὶ
1797 455 1881 507 γῆν,

364 523 431 563 καὶ
450 519 570 575 ἄρτον
591 520 657 560 καὶ
680 517 869 573 οὐρανόν,
908 519 975 559 καὶ
998 518 1160 572 αἰθέρα,
1199 518 1265 559 καὶ
1292 516 1434 570 ἄνεμον
1452 516 1571 571 ὅρκον
1594 518 1725 569 αὐτοῖς
1746 521 1800 569 εἰς
1819 525 1881 560 λα-

364 590 491 642 τρείαν
517 585 743 641 ὁρισάμενος
771 585 1046 640 παραδέδωκε,
1087 585 1179 626 ποτὲ
1202 585 1243 626 δὲ
1267 586 1383 626 πάλιν
1407 583 1543 633 ἄλλους
1567 585 1762 641 μάρτυρας
1787 584 1883 627 ἑπτά

366 653 610 709 ὁρισάμενος,
639 652 707 695 τὸν
727 651 919 707 οὐρανὸν,
950 653 1072 705 φημὶ,
1101 653 1168 693 καὶ
1191 651 1234 694 vd
1259 651 1379 706 ὕδωρ,
1410 653 1474 693 καὶ
1499 651 1718 705 πνεύματα,
1748 655 1882 706 φησὶν,

365 723 432 763 καὶ
458 719 592 776 άγίους
613 719 703 769 τούς
727 719 909 775 ἀγγέλους
935 723 1002 772 τῆς
1027 722 1256 774 προςευχῆς,
1285 721 1352 761 καὶ
1376 718 1418 761 τό
1448 721 1595 770 ἔλαιον,
1625 721 1690 761 καὶ
1710 720 1752 762 τὸ
1776 721 1882 770 ὃίλας,

364 790 431 830 καὶ
456 788 526 842 τῆν
550 791 630 843 γῆν.
685 786 961 841 Ἀπεχθάνεται
988 787 1029 828 δὲ
1052 790 1098 844 τῇ
1118 789 1333 843 παρθενίᾳ,
1372 792 1475 840 μισεῖ
1494 787 1536 827 δὲ
1556 785 1627 839 τήν
1648 787 1882 842 ἐγκράτειαν,

366 855 569 911 ἀναγκάζει
600 856 642 898 δὲ
668 855 804 910 γάμον.
866 853 1124 906 Φαντασιώδη
1153 855 1195 895 δέ
1217 872 1322 904 τινα,
1364 852 1416 902 ὥς
1439 856 1561 906 δῆθεν
1584 852 1882 906 άποκαλύψεως,

365 924 623 978 παρειςφέρει.
662 921 894 977 Ὑποκριτάς
915 922 956 963 δὲ
976 926 996 950 4
1009 921 1194 972 διδάσκει,
1214 920 1344 974 φήσας
1364 920 1415 974 μή
1440 919 1539 962 εἶναι
1557 919 1746 976 άμαρτίαν
1768 923 1884 963 εἶκαὶ

365 990 623 1046 παρατύχοιεν
641 993 778 1032 εἴδωλα
796 993 1057 1043 προςκυνῆσαι
1076 991 1216 1042 καιροῦ
1238 987 1439 1037 ἐνστάντος
1461 991 1646 1043 διωγμοῦ,
1679 988 1747 1031 ε’άν
1763 987 1885 1042 μόνον

366 1060 407 1101 ἐν
426 1062 473 1116 τῇ
495 1057 710 1110 συνειδήσει
732 1056 784 1110 μή
805 1055 1068 1114 προςκυνῆσῃ,
1098 1057 1166 1098 καὶ
1187 1058 1224 1097 εἴ
1238 1073 1273 1098 τι
1294 1054 1327 1097 δ’
1346 1054 1392 1097 ἂν
1411 1053 1630 1113 ὁμολογήσῃ
1654 1058 1693 1098 έν
1710 1056 1882 1110 στόματι,

366 1127 408 1168 ἐν
440 1126 482 1167 δὲ
509 1128 556 1182 τῇ
583 1127 723 1181 καρδίᾳ
754 1124 817 1177 μή.

479 1191 677 1246 Μάρτυρα
699 1193 740 1233 δέ
760 1209 846 1233 τινα
865 1192 1134 1246 παρειςφέρων
1154 1189 1227 1232 οὐκ
1249 1189 1461 1243 αἰσχύνεται
1485 1187 1506 1231 ὁ
1528 1188 1727 1241 άπατεών,
1766 1193 1885 1246 λέγων

371 1260 507 1308 Φινεές
525 1277 610 1300 τινα
631 1260 733 1312 ἱερέα
753 1262 828 1299 τῶν
850 1257 926 1299 άπό
951 1260 1087 1313 γένους
1108 1261 1209 1299 Λευί
1228 1274 1267 1298 τε
1288 1258 1354 1298 καὶ
1373 1255 1523 1311 Ἀαρών
1544 1259 1611 1298 καὶ
1632 1261 1701 1300 τοῦ
1721 1256 1884 1313 ἅρχαίου

371 1327 506 1374 Φινεὲς
530 1328 569 1368 ἐν
588 1329 634 1382 τῇ
656 1327 857 1378 Βαβυλῶνι
878 1327 941 1367 ε’πὶ
964 1329 1031 1378 τῆς
1052 1327 1309 1378 αἰχμαλωσίας
1328 1323 1644 1378 προςκυνήσαντα
1670 1325 1740 1378 τὴν
1754 1325 1886 1380 ’Ἀρτε-

368 1412 433 1448 μιν
455 1395 496 1435 ε’ν
517 1392 686 1440 Σούσοις
707 1393 1003 1447 διαπεφευγέναι
1026 1391 1191 1447 ὄλεθρον
1211 1392 1389 1433 θανάτου
1411 1393 1476 1433 ε’πὶ
1498 1395 1667 1446 Δαρείου
1690 1396 1759 1434 τοῦ
1779 1396 1887 1446 βασι·

367 1464 481 1510 λέως·
522 1460 615 1509 ὤςτε
638 1458 734 1500 εἶναι
759 1458 879 1501 αὐτοῦ
900 1458 947 1500 τά
970 1458 1096 1501 πάντα
1119 1462 1248 1512 ψευδῆ
1271 1460 1338 1500 καὶ
1360 1458 1512 1512 μάταια.
1574 1455 1699 1508 Οὗτος
1723 1460 1792 1513 μὲν
1815 1455 1888 1502 οὖν

369 1528 448 1570 ἅνω
470 1531 661 1581 συνῆπται
682 1531 727 1585 τῇ
747 1528 1007 1584 προειρημένῃ
1031 1528 1171 1581 αἱρέσει
1191 1530 1236 1584 τῇ
1257 1529 1331 1567 τῶν
1352 1524 1545 1579 Ὀσσηνῶν
1566 1528 1805 1584 καλουμένῃ,
1838 1523 1887 1580 ῆς

369 1599 423 1639 ἔτι
446 1599 611 1648 λείψανα
632 1596 698 1636 καὶ
720 1598 833 1649 δεῦρο
855 1593 1016 1649 ὑπάρχει
1038 1596 1077 1636 ἐν
1095 1598 1142 1651 τῇ
1163 1598 1260 1651 αυτῇ
1286 1596 1539 1647 ιΝαβατίτιδι
1560 1597 1621 1651 γῇ,
1652 1597 1699 1651 τῇ
1719 1596 1786 1636 καὶ
1809 1599 1883 1636 Πε-

1782 1665 1885 1703 Φαν-

369 1731 544 1780 τάζονται
565 1730 606 1771 δὲ
628 1732 752 1782 δῆθεν
776 1735 903 1771 καλεῖν
922 1733 1058 1771 τοῦτον
1083 1729 1260 1782 Δύναμιν
1284 1730 1621 1781 3κεκαλυμμένην,
1653 1728 1718 1770 διά
1739 1728 1781 1770 τό
1806 1728 1887 1783 Ἰῆλ

370 1667 460 1720 ραίᾳ
481 1662 578 1717 πρὸς
598 1666 645 1720 τῇ
665 1665 911 1715 Μωαβίτιδι,
941 1661 1035 1717 ὅπερ
1057 1663 1167 1717 γένος
1187 1663 1276 1703 νυνὶ
1300 1663 1519 1714 2Σεμψέων
1540 1667 1719 1702 καλεῖται.

369 1803 574 1840 καλεῖσθαι
603 1795 786 1849 δύναμιν,
827 1798 904 1841 Ξαῒ
931 1798 972 1838 δὲ
999 1798 1298 1850 κεκαλυμμένον.
1352 1795 1539 1851 Ήλέγχθη
1570 1796 1612 1837 δὲ
1640 1795 1682 1838 τό
1714 1800 1791 1837 πᾶν
1819 1800 1888 1838 τοῦ

372 1863 675 1917 ἐπιτηδεύματος
696 1862 901 1919 φρύαγμα,
939 1865 1007 1905 καὶ
1028 1866 1080 1913 εἰς
1105 1863 1269 1918 μεγάλην
1290 1862 1471 1917 αἰσχύνην
1490 1861 1657 1904 ύπέπεσε
1679 1862 1784 1918 παρά
1806 1870 1887 1912 τοῖς

372 1933 601 1984 δυναμένοις
629 1931 676 1972 τά
699 1930 829 1984 άληθῆ
851 1938 1053 1973 κατανοεῖν
1081 1949 1119 1973 τε
1143 1933 1209 1973 καὶ
1231 1930 1428 1986 άκριβοῦν.
1473 1929 1561 1971 ”En
1582 1930 1655 1985 γάρ
1681 1932 1747 1972 καὶ
1771 1933 1885 1985 δεῦρο

373 1998 451 2041 άπό
473 2003 549 2040 τῶν
571 1997 725 2053 ἡμερῶν
750 2002 1050 2040 4Κωνσταντίου
1080 2016 1118 2040 τε
1147 2000 1212 2040 καὶ
1236 2003 1311 2040 τῶν
1332 2002 1402 2040 νῦν
1422 1999 1607 2052 βασιλέων
1629 2002 1764 2050 σαφῶς
1788 2000 1885 2053 ἐλέγ-

371 2084 510 2120 χονται.
557 2065 663 2114 ΓἘως
689 2066 758 2118 μὲν
784 2064 855 2121 γάρ
881 2069 1151 2108 Κωνσταντίου
1181 2068 1224 2108 ἐκ
1250 2070 1318 2108 τοῦ
1345 2067 1482 2122 γένους
1506 2063 1628 2106 αύτου
1659 2069 1886 2121 5Μαρθοῦς

371 2151 430 2182 τις
458 2134 525 2175 καὶ
546 2131 754 2188 Μαρθάνα
783 2132 855 2175 δύο
878 2131 1042 2185 άδελφαὶ
1068 2135 1108 2175 ἐν
1131 2138 1175 2191 τῇ
1197 2133 1322 2175 αὐτῶν
1343 2132 1447 2189 χώρᾳ
1468 2131 1551 2174 άντὶ
1570 2137 1676 2174 θεῶν
1698 2150 1884 2187 προςεκυ-

373 2204 510 2243 νοῦντο
522 2234 532 2250 ,
564 2199 624 2242 ὅτι
641 2203 764 2254 δῆθεν
784 2203 826 2242 ἐκ
847 2204 918 2242 τοῦ
936 2202 1152 2255 σπέρματος
1171 2205 1240 2243 τοῦ
1259 2201 1535 2255 προειρημένου
1554 2198 1687 2249 Ἠλξαῒ
1702 2197 1885 2254 ύπῆρχον.

381 2270 552 2320 Τέθνηκε
582 2269 624 2309 δὲ
651 2266 678 2321 ῆ
699 2272 900 2322 Μαρθοῦς
930 2267 1006 2322 πρὸ
1031 2267 1159 2323 ὀλίγου
1182 2272 1251 2310 τοῦ
1272 2267 1432 2323 χρόνου,
1470 2267 1675 2322 Μαρθάνα
1695 2268 1736 2308 δὲ
1760 2270 1813 2316 εἰς
1832 2270 1888 2309 ἔτι

375 2338 489 2389 δεῦρο
519 2333 706 2390 ύπῆρχεν,
749 2330 804 2376 ὧν
831 2337 896 2376 καὶ
926 2334 973 2376 τά
993 2335 1194 2388 πτύσματα
1220 2338 1287 2377 καὶ
1312 2335 1359 2377 τά
1380 2334 1470 2376 ἄλλα
1491 2339 1560 2376 τοῦ
1583 2334 1758 2388 σώματος
1781 2336 1886 2389 ῥ’ύπη

375 2400 614 2456 άπεφέροντο
636 2405 675 2444 οἱ
692 2404 973 2456 πεπλανημένοι
996 2405 1180 2457 αἷρετικοὶ
1205 2405 1244 2445 ἐν
1265 2405 1389 2461 ἐκείνῃ
1413 2408 1458 2460 τῇ
1479 2401 1602 2458 χώρᾳ,
1643 2404 1766 2455 δῆθεν
1789 2402 1888 2456 πρὸς

375 2467 549 2523 άλέξησιν
567 2469 807 2524 νοσημάτων.
869 2468 926 2511 Ού
945 2469 1020 2524 μὴν
1041 2470 1240 2526 ἐνήργουν,
1272 2469 1364 2512 άλλοὶ
1390 2469 1431 2513 τὸ
1457 2470 1748 2523 πεπλανημένον
1771 2473 1886 2524 σοβα-

373 2591 501 2628 Ἐσσαί
488 2607 528 2629 ἰο
556 2596 613 2633 (sic
637 2600 809 2628 constanter
831 2598 965 2636 appellat
988 2599 1107 2628 Nicetes

374 2650 448 2680 quos
480 2642 672 2680 Epiphanius
707 2643 849 2682 Ossenos)
891 2639 974 2674 κατὰ
1009 2640 1106 2682 νόμον

373 2682 479 2717 πάντα
499 2685 684 2727 τελοῦντες,
710 2698 756 2724 ως
777 2685 858 2728 ἔφην
878 2682 1013 2723 ἅνωὶῑεν,
1040 2685 1107 2719 ἑτέ-

376 2740 448 2806 ραις
479 2740 563 2771 μετα
595 2728 649 2763 τὸν
682 2729 777 2773 νόμον
802 2730 942 2783 ἐχρῶντο
965 2735 1108 2773 γραφαῖς

451 2798 481 2805 ..
497 2800 503 2806 .
522 2799 528 2806 .
555 2771 699 2815 μώτατοι
721 2773 981 2817 ἐρμηνευόμενοι.
1021 2776 1107 2808 Συν-

373 2816 470 2859 ηφὲῒη
494 2816 531 2851 δὲ
553 2830 678 2856 τουτοις
689 2816 823 2879 ίἶΗλέξαῖ
845 2832 894 2858 τις
926 2822 1107 2862 ψευδοπρο-

375 2873 488 2904 φητης
518 2862 574 2895 καὶ
605 2866 637 2896 δ’.
640 2865 708 2906 αφὶ·
712 2876 805 2905 ορευς
829 2888 924 2898 .....
947 2877 1033 2898 αινετ
1036 2877 1051 2897 ε
1075 2864 1107 2897 ἐν

373 2910 442 2944 τοῖς
461 2905 586 2960 χρόνοις
603 2908 770 2961 βασιλέως
787 2907 962 2951 Ρωμαίων
984 2910 1107 2952 Τραϊα-

376 2952 444 2995 νοῦ,
468 2950 551 2994 μετὰ
572 2963 631 2995 την
649 2952 794 2996 Χριστοῦ
815 2954 1004 2998 παρουσίαν,
1025 2966 1108 2997 παρ-

1153 2598 1191 2630 2-
1179 2596 1259 2630 νίαν
1282 2609 1317 2639 w.
1321 2597 1397 2636 σῶν,
1417 2595 1607 2649 ἐγκράτειαν
1623 2594 1886 2647 βδελυττόμενος,

1152 2654 1209 2674 κιι
1242 2646 1358 2684 μιμεῖ)
1384 2664 1518 2674 ......
1542 2638 1665 2679 Ἠλξαῒ
1692 2637 1799 2683 τοᾶτῳ
1830 2640 1887 2673 καὶ

1153 2684 1212 2720 αδε
1216 2685 1295 2729 λφὸν
1320 2685 1401 2719 εἶναι
1422 2684 1557 2725 Ἰεζαῐον
1581 2682 1797 2726 καλουμενον,
1830 2685 1887 2718 καὶ

1153 2728 1231 2764 ύστε
1236 2743 1269 2772 ρο
1272 2744 1286 2763 ν
1318 2731 1371 2764 ἐπὶ
1403 2732 1466 2764 τῶν
1499 2729 1620 2773 γρόνων
1643 2729 1707 2762 τοῦ
1742 2727 1886 2771 μεγάλου

1153 2776 1397 2809 Κωνσταντίνου
1418 2775 1559 2827 φανῆναι
1578 2774 1635 2807 καὶ
1656 2771 1805 2816 ἀδελφὰς
1828 2774 1888 2808 δύο

1153 2820 1190 2853 ἐκ
1222 2821 1278 2854 τοῦ
1312 2820 1423 2862 γένους
1453 2815 1553 2852 αὐτοῦ
1581 2818 1756 2860 λεγομένας
1785 2817 1887 2852 κατά-

1153 2877 1187 2907 γς
1177 2867 1291 2903 abac,
1316 2863 1445 2907 Μαρὲὠ
1471 2876 1527 2896 και
1549 2861 1749 2905 Μαρῖάνην,
1782 2861 1834 2901 αἷς
1858 2864 1888 2896 οἱ

1152 2922 1216 2943 πετ·
1207 2910 1371 2964 λασμένοι
1391 2908 1594 2951 προςέκειντο
1617 2931 1784 2942 ........
1806 2905 1887 2940 Ἤλ-

1154 2954 1227 2998 ξαῖ,
1261 2950 1300 2994 ὃς
1331 2952 1545 2997 ἑρμηνεύεται
1575 2949 1714 2995 δύναμις
1744 2964 1888 2996 κεκρυμ-
