2034 3267
511 181 692 214 PANAun
717 184 797 216 Lm.
818 185 841 216 Ι.
866 185 971 216 ΤοΜ.
995 185 1032 216 11.
1057 185 1185 216 HAER.
1208 185 1321 216 XXX.
1605 178 1684 218 ‘295

153 274 237 300 nem
258 259 360 301 illam
384 274 471 301 esse
494 260 651 301 vitulam
676 261 880 315 significet,
910 277 1007 316 quae
1027 264 1242 318 nuptiarum
1266 265 1356 318 iugo
1377 265 1565 305 cervicem
1587 279 1683 304 non-

152 329 236 368 dum
263 327 499 368 submiserit.
548 327 693 369 Verum
716 329 803 383 quid
829 330 888 370 hic
911 330 1080 385 pluribus
1103 331 1297 385 disputare
1320 346 1481 373 necesse
1503 333 1587 372 cst?
1618 339 1683 372 aut

149 396 238 436 illud
272 396 394 450 ipsum
429 410 755 448 commemorare,
802 398 898 451 quod
931 398 1000 437 sub
1031 399 1172 438 domini
1205 414 1369 453 persona
1402 400 1498 440 dixit
1530 398 1676 440 Isaias:

149 467 291 515 Accipe
319 472 543 515 segmenlmn
575 467 726 503 chartae
757 468 915 504 recentis
945 480 989 503 ae
1021 469 1201 505 maioris?
1262 465 1331 507 Ubi
1364 469 1551 521 segmenti
1585 483 1675 509 usus
1696 477 1776 505 Esai-
1794 479 1819 513 Β,
1840 479 1862 506 1.

150 537 210 571 cst
235 532 445 581 vocabulo,
489 532 586 585 quod
616 532 686 572 etsi
715 546 734 572 e
760 532 859 572 virili
885 532 1032 572 semine
1060 541 1269 587 propagata
1296 535 1345 574 sit
1368 536 1502 589 virgo,
1546 537 1677 576 eadem

149 606 275 639 tamen
310 599 360 639 sit
392 600 437 639 ab
470 600 632 639 humano
664 599 868 639 concubitu
901 601 1143 653 naturalique
1175 601 1368 641 hominum
1398 603 1675 644 consuetudine

146 667 251 707 velut
283 674 406 707 secta.
469 665 651 707 Universi
687 666 824 720 quippe
859 666 1032 707 homines
1071 682 1091 707 e
1126 668 1228 708 virili
1263 670 1408 710 semine
1447 671 1671 724 gignuntur.

145 734 200 774 At
225 732 368 774 Christi
395 733 594 788 generatio
624 734 676 773 uti
703 733 933 774 naturaliter
962 748 1014 774 ex
1042 735 1225 785 muliere,
1268 734 1395 776 Maria
1424 738 1573 778 scilicet
1596 740 1674 779 vir-

146 802 258 856 gine,
294 809 470 842 naturam
494 801 601 841 duxit
625 801 851 851 humanam,
893 802 944 842 ita
968 810 1121 856 praeter
1146 810 1320 843 naturam
1346 805 1392 844 ab
1421 806 1578 859 originis
1606 807 1673 847 liu-

146 883 283 909 manae
313 868 588 909 consuetudine
617 875 769 908 resecta
796 877 877 921 est,
921 870 955 909 id
986 871 1084 923 quod
1110 869 1272 911 Iacobus
1302 873 1347 911 de
1382 886 1426 912 eo
1453 874 1673 927 pronuntiat

145 937 202 977 his
221 937 371 978 verbis:
392 939 455 976 Ex
468 939 648 987 germine,
663 937 736 987 fill
750 939 811 984 ml,
836 941 1049 977 aseendelste'.
1093 937 1183 978 Non
1204 939 1315 990 dixit,
1338 943 1374 979 Ε
1389 944 1525 980 semine
1542 956 1669 981 ascen·
1691 948 1817 983 Gen-⁴9,
1832 950 1855 977 9.

144 1008 245 1043 disti.
307 1006 435 1057 Atque
465 1003 609 1042 idcirco
636 1002 757 1044 Isaias
790 1005 999 1059 propheta,
1043 1005 1126 1045 sive
1160 1007 1284 1060 potins
1313 1005 1440 1047 isaiae
1477 1008 1668 1059 dominus,

144 1072 242 1112 hunc
264 1072 300 1112 in
322 1071 471 1111 modum
495 1070 644 1111 locutus
670 1078 751 1111 est:
786 1074 897 1111 Sume
916 1074 986 1112 tibi
1006 1075 1159 1113 chartae
1176 1083 1415 1125 segmenmm.
1481 1073 1568 1128 Quo
1589 1076 1671 1130 qui-

143 1141 225 1180 dem
267 1139 442 1179 usitatum
481 1138 697 1179 hominibus
734 1140 926 1180 scribendi
965 1155 1109 1182 morem
1152 1156 1196 1182 ac
1231 1143 1420 1183 rationem
1458 1144 1666 1198 expressit.

143 1207 228 1261 Quo
246 1207 412 1262 pertinet
432 1206 522 1247 illud
548 1220 568 1246 e
591 1207 736 1261 psalmo
756 1204 1063 1249 CXXXVIll.:
1096 1213 1140 1249 In
1162 1211 1257 1249 libro
1280 1219 1341 1250 leco
1362 1227 1484 1251 onmes
1502 1214 1666 1252 scribon·
1709 1218 1826 1281 1133]qu

140 1284 222 1314 tur:
255 1277 331 1314 dies
342 1276 634 1328 formabuntur,
669 1283 706 1314 et
725 1290 828 1314 nemo
851 1279 888 1315 in
910 1280 968 1315 iis.
1031 1276 1133 1317 Nam
1160 1293 1243 1318 cum
1267 1279 1364 1319 libro
1388 1287 1537 1320 uterum
1564 1295 1666 1320 com-
1757 1275 1776 1289 ⁷⁷
1830 1275 1835 1281 ¹

139 1341 302 1397 paravit.
363 1341 592 1397 Propterea,
624 1346 895 1396 anpeaesectum,
932 1345 998 1395 ait,
1031 1360 1147 1385 meam
1172 1350 1345 1386 viderant
1366 1351 1560 1397 0cul2'tm·‚·
1596 1349 1666 1388 hoc

137 1417 195 1451 est
212 1410 510 1464 proseminatum
531 1425 590 1451 me
611 1418 812 1465 antequam
834 1413 999 1467 fingerer
1019 1414 1209 1468 cognosti,
1235 1415 1309 1454 imo
1326 1415 1439 1455 etiam
1460 1423 1664 1470 antequam

137 1478 417 1533 proseminatus
452 1480 587 1519 sorem.

247 1543 326 1587 Sed
363 1545 556 1587 Hebraica
589 1562 666 1589 vox
700 1548 925 1602 expressius
962 1550 1137 1603 quiddam
1175 1557 1302 1591 sonat.
1375 1550 1450 1591 Pro
1484 1566 1529 1592 eo
1561 1552 1661 1592 enim
1720 1550 1797 1607 Cyn·

136 1614 234 1667 quod
267 1614 428 1667 legimus
454 1617 730 1669 Imperfectum,
777 1616 916 1658 habent
946 1617 997 1657 illi
1023 1621 1167 1666 Golme,
1215 1619 1312 1672 quod
1339 1619 1437 1659 idem
1465 1627 1522 1659 est
1549 1627 1662 1674 atque
1688 1596 1820 1628 XXXI.

134 1681 252 1732 alica,
284 1682 368 1722 sive
389 1697 548 1736 granum
573 1683 745 1734 similae,
779 1685 876 1738 quod
902 1685 1078 1725 videlicet
1101 1687 1267 1727 nondum
1293 1688 1330 1727 in
1356 1702 1492 1742 panem
1520 1689 1664 1728 coaluit

134 1764 179 1790 ac
203 1750 401 1791 subactum
431 1758 511 1801 est,
556 1751 622 1791 sed
649 1766 668 1791 e
695 1759 858 1792 contuso
881 1754 1058 1794 frumenti
1084 1769 1204 1807 grano
1232 1755 1337 1795 velut
1359 1755 1521 1796 medulla
1547 1770 1662 1810 quae-

134 1818 216 1858 dam
249 1818 439 1869 crassior,
479 1833 524 1858 ac
556 1819 689 1859 minuti
721 1820 856 1861 calculi
887 1821 1011 1861 instar
1042 1829 1115 1862 est.
1179 1821 1245 1863 Sic
1268 1822 1387 1876 igitur
1411 1838 1455 1863 ea
1483 1838 1579 1864 voce
1605 1824 1660 1864 id-

131 1880 252 1940 ipsum
277 1887 374 1940 quod
397 1885 435 1926 in
461 1887 608 1927 semine
633 1887 795 1928 hominis
818 1889 921 1929 inest
941 1889 1172 1930 simillimum
1200 1891 1417 1931 accuratius
1442 1892 1661 1946 exprimere

131 1953 273 2005 voluit,
320 1968 404 1994 cum
437 1955 534 1994 dixit
563 1958 840 2008 Impelsectemz,
884 1956 919 1996 id
953 1964 1011 2001 est
1041 1958 1205 1998 informe
1236 1958 1312 1998 iam
1345 1965 1420 1999 tum
1451 1974 1502 1999 ex
1531 1967 1657 2011 utero,

129 2021 206 2061 imo
230 2028 319 2062 ante
343 2029 516 2073 uterum,
552 2026 730 2063 Viderunt
755 2027 857 2064 oculi
879 2028 945 2064 teti.
1009 2024 1132 2066 Novit
1154 2026 1254 2066 enim
1283 2028 1408 2067 onmia
1434 2028 1527 2068 deus
1551 2035 1657 2068 ante·
1678 2037 1860 2074 Dan-13,42.

131 2104 241 2144 quam
270 2090 381 2140 fiant,
417 2098 457 2130 ut
482 2098 542 2130 est
569 2092 766 2145 scriptum.
829 2095 887 2132 Ac
910 2093 995 2133 libri
1018 2095 1258 2147 segmentive
1284 2095 1439 2135 nomine
1462 2103 1658 2136 maternus

131 2165 261 2198 uterus
285 2157 488 2198 indicatur.
548 2158 688 2212 Neque
710 2173 803 2199 vero
827 2160 877 2200 ita
899 2161 1049 2202 locutus
1073 2169 1152 2202 est:
1187 2166 1298 2202 Sume
1322 2164 1393 2202 lz'bz'
1413 2165 1560 2211 lt'brum,
1596 2164 1659 2203 vcl

131 2229 241 2265 Smne
263 2227 333 2265 tibi
347 2229 534 2274 chartam,
569 2241 702 2267 verum
730 2236 875 2276 tomam,
912 2229 982 2269 lioc
1008 2236 1067 2270 est
1089 2237 1344 2283 segmentum,
1378 2238 1534 2285 propter
1555 2231 1657 2271 illam

131 2308 228 2348 quae
253 2295 291 2334 in
316 2295 593 2335 consuetudine
622 2295 814 2336 hominum
843 2305 1001 2351 apparet
1024 2298 1325 2338 similitudinem.
1390 2298 1467 2339 Sed
1497 2300 1653 2350 addidit,

132 2365 303 2411 Chartae,
339 2369 380 2402 ut
401 2363 502 2403 illam
525 2364 562 2403 in
586 2370 694 2403 utero
717 2364 821 2404 velut
842 2366 1032 2405 scribendi
1056 2367 1131 2406 vim
1156 2367 1386 2407 declararet.
1432 2365 1653 2418 Postremo,

130 2433 276 2478 Novae,
312 2431 498 2480 subiecit,
533 2431 579 2471 ob
602 2439 795 2472 recentem
821 2432 1120 2487 inviolatumque
1145 2435 1332 2475 castitatis
1357 2435 1393 2475 in
1417 2434 1568 2488 virgine.
1589 2436 1655 2475 Ho-

132 2512 228 2538 rem.
270 2497 413 2552 Magna
439 2499 575 2553 qnippe
597 2513 722 2539 coram
747 2501 818 2540 deo
840 2502 982 2555 pariter
1006 2510 1043 2542 et
1066 2502 1279 2542 hominibus
1299 2501 1425 2543 Maria
1449 2503 1559 2556 virgo
1586 2517 1656 2543 ex·-

131 2567 220 2606 titit.
283 2565 380 2620 Quis
416 2567 516 2606 enim
550 2581 624 2606 non
660 2581 743 2607 eam
778 2582 952 2622 magnam
986 2570 1181 2624 praedicet
1214 2584 1310 2624 quae
1339 2571 1442 2610 illum
1477 2572 1538 2624 qui
1572 2573 1653 2626 capi

132 2635 232 2674 nullo
256 2635 368 2674 modo
393 2642 518 2689 potest
542 2634 708 2689 ceperit,
750 2650 833 2676 eum
862 2637 1015 2691 inquam
1041 2639 1102 2692 qui
1130 2638 1236 2678 coelo
1263 2645 1440 2692 terraque
1465 2639 1653 2679 contineri

133 2703 287 2756 nequit?
347 2701 422 2756 Qui
447 2703 632 2744 eiusmodi
655 2717 738 2743 cum
761 2712 885 2756 esset,
919 2713 1055 2760 sponte
1078 2720 1146 2746 sua
1172 2721 1214 2746 ac
1236 2707 1456 2757 voluntate,
1491 2721 1565 2747 non
1588 2721 1654 2747 ne-

134 2771 313 2811 cessitate
345 2771 613 2825 comprehendi
645 2784 687 2810 se
719 2785 854 2825 passus
885 2781 958 2814 est.
1019 2773 1127 2828 Ergo
1156 2789 1333 2828 magnum
1361 2775 1450 2814 illud
1474 2775 1654 2815 volumen

135 2845 194 2878 est
215 2852 259 2878 ac
282 2853 434 2879 recens.
496 2837 682 2891 Magnum
707 2839 754 2878 ob
774 2840 1012 2891 miraculum,
1041 2856 1177 2882 recens
1200 2842 1285 2896 quia
1309 2843 1418 2896 virgo
1444 2843 1528 2883 fuit.
1574 2842 1655 2883 De·

138 2905 246 2956 inde,
280 2908 430 2954 Scribe,
464 2906 608 2961 inquit,
641 2911 677 2945 ite
703 2922 743 2946 eo
767 2911 863 2960 stylo
888 2912 1056 2949 lzomz'mssv.
1119 2909 1210 2950 Non
1238 2910 1351 2960 dicit,
1385 2912 1534 2950 Scrz'bet
1554 2914 1591 2950 in
1614 2927 1654 2949 eo

136 2976 312 3025 qm'spzzzm
341 2977 497 3014 laome'm‘s
531 2977 648 3026 stylo,
693 2989 836 3030 neque,
883 2980 1032 3018 Scrz'bet
1054 2982 1090 3018 ίη
1121 2994 1159 3017 eo
1185 2980 1311 3026 lzomo,
1357 2992 1404 3019 ne
1431 2993 1540 3033 quam
1567 2979 1653 3023 inde
