2034 3267
470 169 646 202 PANAml
671 170 750 202 Liss.
771 172 795 204 1.
821 171 925 204 ToM.
948 171 1003 203 ιιι.
1029 171 1156 204 HAER.
1176 171 1337 204 xxxiv.
1587 165 1665 204 475

144 247 442 301 redemptionem
474 261 495 288 a
522 246 612 289 lesu
644 249 872 290 obtinendae
903 252 1026 303 gratia
1053 250 1301 304 perfectionis
1325 251 1533 291 invectam.
1594 251 1664 291 At-

144 329 216 368 que
238 315 309 355 hoc
333 328 443 365 esse,
477 317 574 369 quod
601 317 656 356 his
679 318 808 357 verbis
833 324 1010 357 testatum
1037 317 1257 371 reliquerit:
1292 322 1478 370 Buptz'smo
1503 321 1578 357 alio
1600 321 1664 357 lm-
1686 326 1757 353 Luc.
1772 326 1812 359 12,
1827 326 1868 353 5⁰-

145 384 207 421 beo
230 384 429 434 baptizari,
463 392 500 422 et
517 387 567 423 ad
583 387 686 424 illam
707 387 1019 437 onznitmseste'tzo.
1079 383 1160 424 lmo
1184 385 1295 425 etiam
1321 385 1539 426 zebaedaei
1564 386 1664 435 filiis,

144 464 227 490 cum
260 464 392 490 eorum
424 458 545 491 mater
575 466 595 492 a
622 466 665 492 se
692 453 946 507 postulasset,
990 459 1029 492 ut
1054 466 1121 492 eos
1148 466 1277 493 secum
1304 454 1348 493 ad
1374 454 1549 493 dextram
1572 454 1663 493 sini-
1685 460 1794 521 {gatg-

142 526 336 572 stramque
361 533 466 559 suam
491 519 527 559 in
553 534 671 573 regno
697 520 898 560 considere
919 519 1091 569 iuberet,
1127 521 1284 560 eandem
1310 521 1411 560 illam
1435 522 1663 576 redemptio·
1724 516 1732 529 ⁷
1785 513 1793 520 “

142 600 228 626 neni
260 588 506 642 proposuisse
539 587 729 627 dominum
765 593 919 641 putant,
967 586 1023 626 his
1056 587 1208 627 verbis:
1257 591 1412 627 Potestis
1443 590 1658 640 baptismate
1672 597 1868 631 Marc.10‚38.

143 655 350 706 baptizari,
385 670 454 707 qao
477 670 544 706 ego
566 656 810 706 baptizandus
831 659 940 693 sum?
1000 653 1157 694 Paulum
1181 654 1340 708 insuper
1363 656 1664 711 redemptionem

141 722 180 761 in
209 719 366 762 Christo
396 721 485 763 lesu
516 736 700 776 persaepe
725 735 1050 762 commemorasse
1080 722 1325 776 praedicant3
1367 737 1479 777 quam
1507 724 1665 764 eandem

141 789 262 843 ipsam
295 803 381 830 esse
413 790 547 830 volunt
576 790 621 829 de
653 804 725 843 qua
757 789 864 830 varia
894 803 1101 843 secumque
1134 789 1288 830 minime
1316 790 1560 830 cohaerentia
1592 793 1667 832 dis-

142 864 287 912 putant.

252 923 354 965 Nam
381 924 442 964 alii
465 923 692 965 Thalamum
715 924 847 965 nescio
871 938 983 979 quem
1004 932 1254 975 construunt,
1289 939 1432 980 eosque
1459 941 1554 980 quos
1576 941 1665 967 suas
1687 940 1870 982 Cap.XXt.

141 993 186 1033 ad
211 993 449 1033 ceremonias
470 992 670 1043 admittunt
691 992 806 1033 certis
826 992 960 1032 ritibus
984 1007 1027 1033 ac
1050 993 1283 1033 carminibus
1305 994 1471 1045 initiant,
1501 1009 1545 1035 ac
1568 996 1665 1049 quod

141 1061 214 1115 ipsi
240 1067 401 1115 gerunt,
435 1059 626 1114 spiritales
655 1061 805 1115 nuptias
831 1061 1044 1115 appellant,
1079 1061 1124 1101 ad
1153 1062 1375 1102 coelestium
1401 1062 1665 1117 coniugiorum

141 1128 390 1169 imitationem
416 1141 640 1182 expressas.
703 1127 781 1168 Atii
804 1129 848 1168 ad
871 1143 1005 1182 aquam
1030 1129 1235 1184 perductos
1260 1130 1411 1182 tingunt
1435 1130 1503 1170 hac
1528 1131 1667 1171 verbo-

142 1212 223 1237 rum
255 1195 440 1236 formula:
483 1199 527 1235 In
557 1199 700 1235 nomine
728 1200 851 1248 agneti
872 1200 996 1236 Patris
1026 1201 1205 1245 omnium,
1252 1201 1288 1236 itz
1317 1201 1480 1237 Veritate
1509 1203 1664 1238 omnium

140 1268 286 1311 Matre,
320 1267 357 1302 in
382 1278 422 1302 eo
445 1267 512 1316 qui
532 1267 568 1303 z'lz
591 1267 709 1303 Iesum
729 1267 901 1316 delapsus
923 1273 997 1312 est,
1033 1268 1069 1304 e'll
1092 1268 1226 1304 mn’one
1249 1274 1285 1304 et
1306 1269 1552 1318 redemptione
1570 1282 1667 1306 eom-

139 1335 377 1384 munz'oneqne
406 1334 603 1370 Virtutum.
668 1330 769 1372 Sunt
796 1340 834 1372 et
857 1332 918 1386 qui
943 1332 1158 1373 Hebrairas
1183 1347 1300 1374 voces
1327 1335 1545 1387 proferant,
1593 1350 1666 1389 quo

139 1399 325 1440 maiorem
350 1399 509 1439 initiatis
534 1400 735 1440 horrorem
757 1399 945 1450 iniiciant,
981 1400 1051 1440 hoc
1076 1401 1211 1441 modo:
1248 1405 1419 1449 Bas-ema,
1456 1405 1663 1450 Clzamosse,

139 1472 354 1515 Baaenora,
395 1471 595 1515 tlIisladia,
636 1471 808 1516 Rkuada,
846 1471 980 1516 Casta,
1015 1470 1228 1520 Baboplmr,
1265 1471 1495 1509 Halaelzthei.
1561 1469 1667 1524 Quo-

141 1550 224 1576 rum
256 1536 349 1576 haec
383 1543 442 1575 est
474 1536 686 1576 sententia:
731 1540 855 1588 Supra
886 1551 1022 1575 omnem
1052 1539 1230 1576 Virtutem
1255 1540 1379 1576 Patris
1402 1541 1541 1578 Lumen
1572 1542 1670 1591 quod

140 1612 293 1643 vocatur
315 1606 490 1656 imploroe
534 1619 600 1643 nee
623 1620 695 1643 non
725 1612 762 1643 et
786 1607 966 1656 Spiritum
992 1606 1145 1652 bonnm,
1190 1613 1225 1644 el
1250 1608 1388 1652 Vitam,
1431 1610 1600 1658 quoniam
1632 1610 1667 1646 ite

141 1687 294 1724 corpore
322 1675 503 1723 regnasti.
569 1670 732 1725 Quidam
764 1671 816 1712 ita
844 1672 1144 1727 redemptionem
1173 1673 1407 1728 concipiunt.
1471 1674 1666 1715 Arcanum

142 1747 182 1780 et
203 1740 390 1780 occultum
417 1739 462 1780 ab
487 1740 588 1779 omni
613 1740 811 1780 divinitate
833 1740 1104 1794 dominatuque.
1126 1755 1170 1780 ac
1191 1742 1354 1782 veritate
1379 1755 1534 1792 nomen,
1569 1743 1666 1796 quod

141 1805 253 1848 Iesus
277 1805 510 1847 Nazarenus
533 1807 677 1857 induit,
718 1808 755 1847 in
783 1808 873 1848 vitis
897 1808 1048 1848 luminis
1075 1806 1243 1858 Christi,
1287 1807 1458 1860 Christi,
1496 1810 1665 1864 inquam,

140 1875 308 1915 viventis
333 1889 400 1929 per
424 1873 610 1929 Spiritum
635 1882 807 1916 sanctum
824 1907 834 1926 ‚
868 1876 904 1916 in
930 1876 1232 1931 redemptionem
1257 1877 1494 1930 angelicam3
1529 1892 1667 1918 nomen

141 1942 422 1983 restitutionis:
457 1946 635 1990 Messms,
675 1946 866 1995 Cphareg,
900 1946 1241 1996 Namempsaemate,
1284 1948 1509 1993 Chaldaeum,
1544 1948 1668 1985 Moso-

142 2013 309 2058 medaea,
349 2013 595 2062 Acpleranae,
629 2014 770 2058 Psazta,
804 2015 888 2050 Iesu
917 2015 1100 2052 Nazario.
1163 2010 1273 2066 Quae
1305 2013 1376 2054 hoc
1407 2015 1519 2054 modo
1549 2014 1668 2054 iuter-

142 2079 285 2134 pretari
311 2093 535 2134 possumus:
568 2081 653 2118 Non
677 2082 798 2118 divido
822 2082 1023 2131 Spiritum,
1061 2083 1134 2119 Cor
1157 2084 1408 2134 Virtutemque
1431 2085 1530 2121 coelo
1553 2084 1668 2121 subli-

142 2149 305 2194 miorem,
333 2150 627 2186 misericordem:
656 2155 772 2186 macte
788 2150 855 2186 sim
878 2151 1021 2188 nomine
1042 2157 1103 2188 tuo
1124 2151 1301 2189 Salvator·
1323 2153 1511 2189 let-itatis.
1559 2149 1669 2190 Haec

143 2215 228 2255 dum
255 2215 301 2254 ab
327 2214 559 2254 antistitibus
585 2215 731 2269 prolata
757 2223 867 2267 sunt,
902 2223 978 2256 tum
1005 2217 1066 2270 qui
1091 2216 1213 2258 sacris
1238 2217 1410 2257 initiatur
1432 2217 1483 2258 ita
1509 2231 1668 2272 respon-

142 2282 227 2322 det:
265 2284 513 2334 confirmatus
534 2297 612 2321 sum
635 2297 679 2321 {te
699 2286 930 2335 redemptus.-
963 2292 999 2323 et
1018 2288 1140 2324 anima
1156 2300 1233 2324 mea
1256 2286 1302 2324 ab
1323 2288 1391 2324 hoe
1410 2288 1533 2324 secedo
1554 2289 1668 2325 omni-

143 2352 282 2403 busque
310 2365 402 2402 quae
431 2352 477 2389 ab
506 2365 547 2389 eo
576 2359 664 2389 sunt
692 2354 886 2391 redimitur
915 2356 952 2392 in
983 2356 1127 2392 nomine
1151 2357 1235 2400 Iao,
1281 2356 1348 2406 qui
1373 2357 1488 2405 ipsius
1517 2357 1669 2393 redemit

141 2422 299 2458 animam
330 2422 367 2458 in
404 2422 683 2471 redemptionem
725 2422 761 2458 in
801 2422 948 2460 Christo
987 2424 1138 2460 vivente.
1209 2421 1268 2461 Ad
1310 2421 1404 2461 haec
1443 2429 1666 2476 praesentes

143 2500 277 2526 omnes
297 2486 526 2527 subiiciunt:
559 2490 640 2526 Paoe
661 2489 826 2526 omnibus
846 2492 883 2528 in
907 2490 1038 2541 quibus
1059 2504 1187 2528 nomen
1211 2492 1312 2528 z‘stml
1329 2492 1538 2541 requiescit.
1588 2489 1667 2530 Dc-

142 2554 230 2595 iude
252 2554 498 2608 opobalsamo
519 2554 709 2594 initiatum
732 2563 961 2610 perungunt.
1008 2555 1119 2610 Quod
1143 2557 1325 2610 unguenti
1348 2571 1469 2610 genus
1495 2558 1666 2611 fragran-

186 2699 216 2733 6.
242 2699 403 2744 ἐκφραναί
434 2698 547 2741 ῴαοῦα
580 2703 646 2733 cod.
671 2703 771 2733 Paris.
820 2699 880 2736 οἰκ·
972 2704 1001 2738 7.
1029 2703 1147 2736 Christi
1175 2715 1241 2736 non
1265 2703 1378 2735 divido
1401 2703 1572 2747 spiritum,
1613 2716 1667 2736 cor

144 2745 264 2787 φραναί
288 2744 416 2785 ῴευούα
439 2748 506 2778 οοά.
528 2747 654 2786 Βὴεάἰ9.
700 2742 883 2788 οἷκῴαρναι-
927 2753 992 2782 cett.
1017 2752 1126 2790 legitur
1148 2751 1235 2789 apud
1263 2752 1321 2782 Vet.
1343 2752 1545 2789 Interpretem.

144 2787 294 2830 ψεύουσα
311 2793 378 2823 cod.
395 2793 493 2823 Venet.
510 2810 552 2815 —-
575 2793 618 2823 De
637 2794 881 2831 interpretatione
970 2795 1001 2827 8.
1028 2795 1057 2828 οἱ
1079 2797 1178 2827 adieci
1200 2796 1236 2826 de
1260 2797 1440 2826 auctoritate
1463 2796 1551 2827 codd.
1571 2797 1665 2828 vatic.

143 2835 232 2868 huius
251 2837 411 2876 formulae,
435 2839 461 2868 si
476 2839 586 2877 placet,
610 2838 707 2868 adeas
727 2838 882 2870 doctorum
927 2843 964 2871 et.
990 2843 1088 2872 Venet.

144 2880 298 2912 hominum
316 2883 358 2913 ad
378 2884 538 2914 Irenaeum
555 2884 575 2912 l.
594 2883 613 2912 l.
635 2883 794 2914 adnotata.
835 2885 881 2923 Cf.
971 2883 1002 2917 9.
1027 2884 1294 2918 ἐπαναπέπαυται
1317 2886 1383 2917 cod.
1404 2887 1503 2917 Venet.

145 2925 236 2955 etiam
258 2927 341 2966 infra
362 2928 445 2958 haer.
464 2926 518 2966 36,
542 2926 573 2958 2.
595 2929 647 2957 ubi
669 2928 776 2958 eadem
796 2937 881 2968 repe-
974 2929 1025 2964 10.
1047 2927 1112 2964 ἀπὸ
1138 2929 1194 2963 τοῦ
1223 2927 1393 2973 βαλσάμου
1427 2931 1515 2962 codd.
1539 2932 1667 2972 Rhediy.

145 2971 258 3001 tantur.
926 2976 1028 3007 Puris.
