2034 3267
463 202 638 234 PANAnn
666 204 763 234 ADV.
791 203 1010 237 HAERESES
1035 206 1114 237 [ΑΒ.
1139 207 1160 237 1.
1185 208 1288 258 Toni.
1313 210 1335 240 ι.
1609 202 1660 244 97

137 284 450 320 commemorant.
514 279 719 322 Caeterum
755 283 868 323 bomo
898 283 961 324 ille
992 285 1161 326 moribus
1193 287 1361 341 perditus
1391 295 1504 343 atque
1535 290 1656 346 impo-

134 355 218 387 stor
242 348 324 388 fuit.
385 347 488 387 Nam·
512 363 595 388 cum
622 364 766 403 genere
791 365 834 390 ae
861 358 966 391 secta
989 350 1154 394 Iudaeus
1181 361 1306 405 esset,
1349 356 1394 395 ad
1420 356 1517 411 legis
1545 372 1653 412 prae-

135 415 316 469 scriptum
349 415 502 455 minime
531 417 643 455 vitam
678 431 784 457 suam
821 420 1145 470 accommodavit,
1193 422 1261 461 sed
1301 422 1372 463 alia
1405 425 1533 465 omnia
1567 426 1653 467 loco

133 482 215 522 eius
237 482 423 532 obtrusit,
456 497 498 523 ac
522 490 734 523 sectatores
757 497 848 523 suos
870 484 908 523 in
935 491 1197 527 transversum
1216 489 1390 531 abduxit.
1451 490 1559 533 Inter
1579 494 1650 534 alia

132 563 201 604 per
226 550 343 590 salem
372 564 415 590 ac
440 557 603 599 terram,
647 563 805 603 panem,
849 551 1020 599 coelum,
1062 554 1242 603 aethera,
1286 564 1518 613 ventumque
1547 562 1650 602 velut

131 618 285 657 numina
317 617 490 657 deierare
520 617 646 657 iussit.
708 614 900 656 Interdum
927 616 1005 658 Vll
1039 619 1133 659 alios
1169 628 1287 662 testes
1319 624 1462 666 delinit.
1523 627 1650 669 Nimi-

130 699 212 724 rum
235 685 406 735 coelum,
440 698 597 738 aquam,
630 689 670 722 et
690 682 871 736 spiritus,
902 692 1058 725 sanctos
1084 687 1268 728 orationis
1294 692 1474 744 angelos,
1504 696 1645 743 oleum,

130 752 264 799 salem,
298 758 335 791 et
358 758 513 791 terram.
553 748 763 789 Praeterea
783 750 1039 802 virginitatem
1062 753 1154 802 odit,
1180 756 1453 799 continentiam
1477 762 1644 813 damnat,

130 826 168 858 et
192 820 235 858 ad
265 818 448 858 ineundas
473 817 622 870 nuptias
644 816 850 870 compellit.
911 816 1009 858 Tum
1036 833 1131 860 vero
1154 830 1369 863 commenta
1394 829 1577 879 quaedam
1603 846 1646 871 ac

129 886 274 925 somnia
303 893 477 938 tanquam
501 883 766 938 Apocalypses
793 884 872 925 suis
897 885 1064 939 reliquit.
1128 886 1236 940 Quos
1261 890 1376 930 etiam
1402 893 1645 937 simulatores

128 967 215 993 esse
248 952 393 1000 docuit,
435 964 519 990 cum
551 950 667 990 ullum
694 958 852 1005 negaret
877 966 964 992 esse
990 954 1158 1005 crimen,
1202 957 1233 996 si
1258 958 1341 1010 quis
1366 963 1645 1013 persecutionis

130 1027 297 1073 tempore
318 1017 414 1058 idola
439 1024 669 1067 veneretur,
710 1019 912 1059 dummodo
934 1021 1088 1060 minime
1113 1023 1147 1061 id
1175 1037 1225 1063 ex
1249 1025 1375 1065 animo
1400 1028 1536 1078 faciut,
1582 1040 1645 1071 aut

128 1088 159 1127 si
189 1087 272 1141 quid
303 1097 369 1124 ore
399 1091 511 1124 tenus
543 1099 616 1124 non
648 1085 740 1125 item
770 1086 897 1127 animo
928 1088 1164 1141 profiteatur.

230 1208 397 1260 Addueit
422 1226 460 1259 et
484 1219 595 1260 huius
622 1221 680 1261 rei
703 1228 838 1261 testem
864 1229 1062 1264 veterator
1086 1222 1272 1266 Phineem
1297 1230 1485 1281 quendam
1510 1246 1640 1274 saeer-

125 1290 244 1329 dotem
268 1301 287 1326 e
310 1285 488 1328 Levitico
508 1301 668 1339 genere,
701 1289 746 1328 de
767 1290 937 1329 Aaronis
961 1304 1005 1329 ac
1026 1293 1173 1333 veteris
1194 1294 1295 1335 illius
1314 1294 1483 1338 Phinees
1503 1301 1638 1355 stirpe,

123 1355 182 1410 qui
216 1361 399 1408 regnante
433 1353 554 1394 Dario
587 1355 624 1394 in
656 1356 877 1410 captivitate
908 1355 1146 1412 Babylonica
1176 1358 1289 1402 Susis
1322 1364 1479 1405 adorata
1515 1365 1640 1410 Diana

120 1422 325 1478 pericnlum
352 1421 488 1475 capitis
510 1422 653 1476 effugit.
715 1421 774 1463 lta
799 1425 881 1464 eins
904 1425 1032 1464 omnia
1056 1426 1151 1466 falsa
1174 1436 1263 1468 sunt
1284 1443 1328 1469 ac
1349 1431 1508 1474 ridicula
1535 1449 1638 1476 com-

119 1497 260 1530 menta.
315 1487 388 1529 Hic
412 1488 527 1543 igitur
547 1490 634 1529 olim
657 1503 699 1530 se
725 1491 768 1530 ad
795 1488 1034 1531 Ossenorum
1058 1492 1248 1534 baeresim
1269 1497 1458 1539 adiunxit.
1516 1500 1636 1544 Cuius

118 1557 228 1598 bodie
257 1557 296 1596 in
320 1555 549 1596 Nabathaea
579 1564 615 1597 et
638 1555 786 1598 Peraea
808 1556 991 1598 Moabitis
1021 1559 1148 1601 vicina
1178 1563 1338 1616 regione
1363 1566 1547 1621 reliquiae
1572 1585 1636 1611 su-

116 1630 295 1680 persunt,
329 1631 366 1664 et
388 1621 661 1678 Sempscorum
684 1625 799 1679 vulgo
823 1626 927 1665 natio
949 1626 1042 1666 haec
1064 1627 1255 1669 hominnm
1279 1631 1431 1672 dicitur.
1491 1636 1530 1675 A
1554 1639 1636 1691 qui-

116 1693 186 1732 bus
204 1691 315 1731 etiam
339 1691 572 1744 perabsurde
594 1692 682 1732 illud
704 1692 963 1746 excogitatum
984 1701 1058 1745 est,
1084 1702 1126 1735 ut
1147 1696 1193 1736 ab
1211 1699 1362 1739 occulta
1381 1701 1418 1741 vi
1437 1707 1635 1756 cognomi-

116 1767 243 1800 natum
269 1758 484 1798 istiusmodi
507 1759 733 1799 nebulonem
758 1760 970 1814 fingerent,
1010 1769 1214 1817 propterea
1238 1767 1336 1818 quod
1360 1765 1417 1807 Iel
1440 1767 1632 1812 Hebraico

115 1827 214 1878 vim,
246 1824 324 1866 Xai
349 1827 564 1866 abstrusum
588 1827 790 1879 significat.
854 1825 931 1868 Sed
955 1828 1065 1869 buius
1084 1830 1248 1871 instituti
1269 1834 1420 1876 vanitas
1445 1849 1631 1891 arrogan-

114 1894 239 1948 tiaque
264 1894 439 1934 convicta
462 1894 613 1948 penitus
638 1901 717 1943 est,
759 1902 797 1934 et
818 1895 869 1935 ab
886 1895 933 1935 iis
954 1894 1069 1937 irrisa
1091 1912 1324 1953 magnopere
1349 1902 1412 1955 qui
1435 1905 1479 1943 ad
1503 1908 1630 1946 eonsi-

114 1962 320 2002 derandam
349 1961 715 2014 discernendamque
747 1962 947 2002 veritatem
987 1963 1112 2017 aliquo
1149 1966 1290 2007 iudicio
1321 1971 1482 2023 praediti
1523 1983 1625 2014 sunt.

112 2031 242 2085 Atque
273 2038 324 2069 ex
352 2028 445 2082 ipsis
468 2028 652 2082 imprimis
677 2026 894 2069 Constantii
916 2037 1027 2084 atque
1050 2031 1334 2087 insequentium
1355 2036 1627 2092 imperatorum

113 2097 348 2153 temporibus
369 2096 415 2135 ad
437 2096 533 2135 banc
557 2096 654 2135 diem
676 2097 975 2138 efficacissimum
998 2099 1044 2138 ad
1065 2100 1150 2140 illos
1171 2102 1402 2144 refellendos
1425 2119 1629 2160 argumen-

113 2173 191 2206 tum
221 2163 356 2204 eonfici
388 2170 528 2217 potest.
588 2162 690 2204 Nam
717 2164 761 2203 ad
785 2177 905 2218 usque
933 2162 1200 2208 Constantium
1227 2169 1497 2225 imperatorem
1521 2173 1628 2215 Mar-

112 2233 198 2273 thus
222 2231 352 2272 nescio
378 2245 474 2284 quae
497 2245 541 2271 ac
562 2229 768 2271 marthana
790 2243 946 2272 sorores
971 2233 1016 2273 de
1041 2232 1155 2274 Elxai
1178 2235 1297 2290 stirpe
1323 2238 1360 2277 in
1388 2239 1536 2281 illorum
1565 2257 1626 2283 re-

111 2300 224 2354 gione
246 2299 439 2339 numinum
462 2299 583 2339 instar
605 2298 652 2337 ob
679 2311 764 2338 eam
784 2299 943 2353 originis
963 2300 1184 2355 dignitatem
1207 2302 1355 2345 habitae
1379 2315 1482 2348 sunt.
1545 2308 1626 2350 Ha-

110 2381 193 2407 rum
215 2365 392 2407 Marthus
414 2380 489 2407 non
510 2366 559 2405 ita
582 2365 725 2419 pridem
747 2366 918 2407 excessit
939 2380 959 2407 e
981 2368 1082 2418 vita,
1115 2367 1321 2411 Martbana
1347 2372 1385 2412 in
1409 2373 1505 2415 hanc
1525 2377 1623 2418 diem

111 2442 306 2489 superstes
337 2441 410 2474 est.
472 2432 680 2486 Utriusque
711 2446 805 2473 vero
826 2434 888 2474 vel
914 2442 1025 2489 sputa
1054 2436 1135 2490 ipsa
1166 2444 1418 2493 caeterasque
1449 2446 1623 2498 corporis

109 2501 244 2542 sordes
268 2500 368 2541 illius
397 2507 541 2541 tractus
564 2499 746 2540 baeretici
768 2501 1016 2542 circumferre
1043 2503 1220 2544 solebant
1243 2506 1290 2545 ad
1317 2508 1537 2550 morborum
1563 2525 1625 2552 re-

108 2567 246 2609 media.
308 2567 418 2622 Quae
444 2575 569 2608 tamen
597 2566 704 2607 irrita
728 2574 836 2608 eraut
864 2570 1004 2610 omnia.
1068 2569 1147 2611 Sed
1171 2579 1229 2612 est
1250 2572 1530 2617 baereticorum
1557 2591 1625 2632 ge-

109 2667 201 2711 μένη,
224 2663 299 2702 ”Hk
321 2666 383 2711 γὰρ
402 2664 477 2710 παρ’
498 2666 667 2711 Ἑβραίοις
688 2691 839 2702 ........
929 2670 959 2703 3.
984 2673 1066 2703 Libri
1080 2674 1189 2704 habent
1202 2670 1529 2719 οἰποκεκαλυμμένην,
1543 2682 1623 2719 quod

108 2714 354 2755 κεκρυμμένη.“
886 2719 1012 2748 correxi.

150 2757 180 2790 3.
207 2756 336 2795 πλάσας
359 2760 417 2790 los.
438 2759 585 2797 Scaliger.
931 2758 961 2792 4.
986 2763 1105 2800 Repone
1127 2762 1394 2804 Κωνσταντίνου,
1424 2770 1451 2797 et
1472 2768 1519 2799 hic
1543 2773 1569 2799 ec
1592 2772 1624 2801 in

150 2799 182 2834 4.
206 2800 287 2835 εἶναι
308 2803 495 2842 infinitivum
517 2804 669 2833 desiderat
688 2804 842 2835 petavius.
884 2807 982 2837 verbis
1002 2810 1209 2847 sequentibus,
1234 2818 1272 2839 ex
1294 2813 1473 2842 auctoritate
1492 2814 1625 2852 Nicetae,

152 2846 228 2878 Cn.
243 2848 295 2878 ·11.
319 2865 361 2870 —
389 2848 416 2879 1.
441 2846 619 2881 ναυατίτιδι
639 2847 695 2890 γῇ,
719 2848 760 2890 τῇ
785 2847 841 2881 καὶ
885 2852 971 2881 cuius
993 2853 1086 2882 verba
1108 2862 1203 2892 supra
1227 2852 1389 2894 adscripsi.

108 2891 224 2934 περαίᾳ
247 2893 317 2923 edit.
336 2894 432 2931 princ.
928 2896 958 2926 ὁ.
983 2896 1130 2927 Marthus
1153 2907 1260 2929 nomen
1282 2901 1419 2931 mulieris
1442 2904 1528 2941 apud
1550 2904 1625 2942 Epi-

149 2935 180 2966 2.
201 2937 319 2975 Repone
334 2935 535 2978 Σαμῴαίων.
569 2938 625 2969 los.
640 2938 777 2977 Scaliyer
788 2947 840 2969 vo·
882 2940 1032 2979 phanium
1054 2944 1105 2971 est.
1154 2943 1199 2981 Cf.
1222 2944 1306 2974 haer.
1327 2944 1390 2983 53,
1419 2946 1444 2978 l.
1493 2947 1622 2978 Mai-tho

108 2977 185 3010 lebat
205 2979 401 3021 Σεμῴαίων.
424 3000 464 3005 —-
488 2983 520 3011 V.
542 2983 626 3021 infra
647 2981 797 3020 Mer-53,
813 2983 839 3014 1.
883 2988 1009 3016 vocatur
1031 2987 1117 3024 apua
1141 2988 1218 3018 alios
1240 2990 1409 3028 scriptores.

175 3032 287 3067 Corpus
306 3033 481 3061 tiaereseol.
501 3034 538 3061 11.
1332 3049 1354 3084 7

1668 1245 1742 1289 Cap.
1773 1253 1809 1282 Π.
