2034 3267
458 144 637 177 PANARn
661 145 742 178 [ΑΒ.
764 147 787 177 ῐ.
813 147 917 178 ΤΟΜ.
938 147 992 179 ui.
1019 147 1326 180 HAER.xxx1v.
1577 142 1652 180 471

132 223 262 264 tiatum
289 223 490 263 affirmant.
554 221 700 264 Verum
726 225 770 265 de
794 239 943 266 summo
970 225 1035 265 iilo
1059 226 1122 279 qui
1145 226 1266 266 videri
1295 241 1370 267 non
1392 234 1518 282 potest
1539 224 1658 267 Patre

131 304 176 330 ae
199 290 398 331 conditore
421 290 589 331 omnium
611 291 700 332 illud
723 292 844 346 ipsum
867 293 1065 348 usurpari,
1098 296 1214 333 Nemo
1234 297 1369 334 videbit
1386 298 1510 343 deum,
1546 294 1657 335 facile
1671 304 1856 341 Exod.3n‚2o.

130 372 264 398 omnes
294 357 527 411 intelligunt.
591 357 696 399 Idem
728 375 823 400 vero
855 375 930 400 non
963 361 1007 399 ad
1034 362 1236 401 confictum
1264 362 1369 402 illum
1395 363 1441 402 ab
1467 362 1552 403 istis
1578 360 1657 417 By-

131 426 256 475 thum,
290 425 355 465 sed
382 426 426 465 ad
453 440 580 466 rerum
606 427 773 467 omnium
799 428 972 482 opificem
997 429 1227 478 convenire,
1263 444 1424 483 eumque
1449 444 1520 470 nec
1545 444 1657 485 aspe-

129 493 302 534 ctabilem
329 507 415 533 esse
436 494 562 545 deum,
591 509 612 535 a
637 495 747 535 nobis
771 502 902 549 postea
925 495 1264 536 demonstrabitur.
1311 497 1469 537 Addunt
1484 498 1519 537 id
1543 498 1657 538 etiam

127 560 368 615 significasse
395 559 620 612 Danielem,
655 577 738 602 eum
766 562 812 601 ab
843 563 980 615 angelo
1007 562 1271 616 parabolarum
1296 565 1655 619 interpretationem

128 628 232 669 velut
254 628 412 682 ignarus
438 629 619 683 postulat.
673 629 865 683 Angelum
891 643 984 669 vero
1009 644 1184 683 magnum
1205 628 1322 685 Bytlii
1344 633 1568 686 mysterium
1593 647 1656 673 ce-

126 696 206 736 lare
232 696 448 751 cupientem
472 697 524 737 ita
548 697 817 752 respondisse:
854 700 951 735 l'ade
968 700 1126 737 Daniel:
1169 702 1254 750 qece'a
1278 701 1401 738 clause·
1420 708 1509 739 sunt
1527 704 1655 752 segna—
1673 712 1799 747 Dan.12‚
1815 712 1839 739 9.

129 767 228 816 lique
248 779 456 812 sermones,
502 779 689 817 quousque
711 767 960 815 intelligentes
983 767 1218 815 intelligant,
1262 775 1297 804 et
1321 768 1401 805 albi
1422 769 1650 807 dealbentur.
1716 750 1745 774 et
1765 747 1804 774 ω’

128 829 182 872 Se
214 831 313 872 enim
347 832 454 873 albos
484 831 570 872 illos
603 838 640 871 et
669 831 929 885 intelligentes
962 846 1048 872 esse
1079 832 1307 886 gloriantur.

237 967 557 1022 Apocrypharuin
590 973 791 1022 praeterea
824 974 861 1007 et
891 967 1190 1008 adulterinarum
1220 969 1517 1023 scripturarum,
1563 985 1654 1024 quas
1673 980 1855 1022 cap.xlx.

126 1036 276 1091 ipsimet
310 1035 514 1075 commenti
553 1041 667 1084 sunt,
711 1035 894 1075 infinitam
930 1036 1207 1076 multitudinem
1243 1037 1472 1087 obtrudunt,
1519 1038 1654 1092 quibus

125 1103 312 1158 imperitis
351 1117 394 1142 ac
426 1116 697 1156 germanarum
732 1103 1006 1156 scripturarum
1044 1104 1189 1157 ignaris
1222 1112 1418 1159 stuporem
1454 1106 1651 1146 obiiciant.

127 1170 228 1225 Quin
251 1171 341 1211 illud
365 1170 555 1210 scelerate
578 1171 781 1211 confictum
804 1172 1003 1226 proferunt
1028 1172 1065 1212 in
1090 1172 1279 1224 medinm,
1315 1170 1527 1225 Christum,
1561 1188 1656 1229 puer

124 1254 207 1280 eum
234 1245 337 1279 esset
359 1238 566 1292 literasque
591 1238 779 1289 disceret,
812 1239 980 1290 iubenti,
1016 1248 1055 1280 ut
1081 1241 1247 1291 assolet,
1283 1242 1546 1297 praeceptori,
1580 1241 1654 1283 Dic

124 1308 251 1362 alpha,
296 1305 404 1361 alpha
429 1307 693 1361 respondisse.
754 1306 925 1347 Rursum
956 1315 996 1348 ut
1021 1307 1118 1348 fleta
1141 1309 1286 1348 diceret
1312 1309 1562 1364 praecipienti
1591 1325 1653 1351 re-

122 1374 322 1429 spondisse
349 1374 565 1425 dominum,
599 1373 661 1414 Tu
686 1374 774 1414 mihi
800 1375 960 1429 primum
987 1376 1073 1430 quid
1098 1375 1148 1416 sit
1172 1376 1281 1430 alpha
1305 1377 1442 1427 dicito,
1475 1385 1553 1418 tum
1580 1392 1652 1432 ego

123 1442 209 1497 quid
235 1442 285 1482 sit
309 1442 395 1482 beta
418 1442 674 1496 respondebo.
738 1441 850 1496 Quod
884 1443 936 1483 illi
963 1444 1019 1484 sic
1043 1443 1367 1496 interpretantur,
1413 1445 1523 1499 quasi
1547 1446 1652 1486 solus

123 1511 220 1565 quod
245 1517 329 1550 erat
352 1511 522 1563 ignotum
548 1510 804 1563 intelligeret,
848 1511 960 1565 idque
985 1511 1054 1552 sub
1080 1511 1214 1552 literae
1240 1512 1350 1566 alpha
1373 1513 1502 1567 speeie
1526 1513 1653 1554 decla-

123 1592 210 1619 rare
234 1578 365 1619 vellet.
418 1577 618 1618 Nonnulla
643 1593 793 1632 quoque
819 1593 915 1633 quae
937 1579 973 1619 in
998 1579 1197 1633 evangelio
1219 1580 1401 1633 leguntur
1422 1581 1467 1620 ad
1491 1582 1650 1622 eandem

124 1647 286 1687 sormam
308 1646 514 1701 applicant.
578 1645 696 1686 Velut
718 1648 815 1700 quod
839 1647 947 1687 matri
972 1661 1064 1687 suae
1090 1648 1288 1687 duodecim
1311 1655 1422 1688 natus
1446 1662 1566 1689 annos
1590 1663 1652 1690 reu

122 1715 297 1769 spondit:
340 1715 572 1753 Nesciebat&
596 1717 694 1766 quod
715 1719 751 1754 in
776 1718 822 1754 iis
843 1730 936 1767 quae
954 1719 1076 1767 patris
1100 1719 1277 1755 meismet
1299 1725 1443 1768 oportet
1466 1732 1521 1756 me
1544 1723 1651 1757 esse?
1668 1729 1778 1766 hume,
1795 1732 1834 1759 49.

122 1781 247 1836 Quem
280 1783 380 1823 enim
410 1782 655 1832 nesciebant,
697 1782 893 1836 inquiunt,
934 1782 1091 1824 Patrem
1123 1784 1198 1824 illis
1224 1784 1438 1824 nuntiabat.
1502 1783 1646 1838 Quam·
1665 1800 1776 1827 Matth.

121 1850 253 1892 obrem
276 1858 317 1891 nt
335 1851 506 1905 ignotum
532 1851 716 1890 hactenus
737 1849 891 1891 Patrem
917 1852 1207 1906 praedicarent,
1241 1852 1440 1892 duodecim
1462 1853 1508 1893 ad
1528 1853 1649 1894 tribus
1677 1834 1717 1869 ¹⁹³
1739 1835 1779 1862 η’

121 1918 273 1959 misisse
308 1919 413 1958 illum
446 1917 653 1972 discipulos
683 1927 875 1960 asserunt.
936 1918 1096 1960 Deinde
1137 1934 1221 1959 cum
1263 1919 1383 1971 alius,
1430 1924 1651 1973 Praeceptor

122 1988 236 2026 bone!
278 1986 464 2035 dixisset,
509 2000 593 2025 eum
629 1986 691 2039 qui
728 2000 820 2026 vere
854 1987 976 2028 bonus
1010 1994 1069 2028 est
1103 1988 1214 2027 deum
1253 1988 1396 2029 diserte
1428 1990 1650 2029 confessum

123 2054 255 2094 fuisse.
321 2057 417 2104 Quid
439 2069 514 2098 me,
558 2053 701 2108 inquit,
743 2057 835 2094 diois
858 2057 1018 2095 bomem?
1080 2059 1180 2095 Unus
1203 2063 1259 2094 est
1282 2057 1418 2104 bomcs,
1454 2060 1564 2096 Patet·
1587 2061 1655 2110 qui

121 2125 158 2161 in
195 2124 306 2161 coelis
347 2130 415 2161 est.
489 2120 697 2162 Coelorum
730 2136 844 2176 porro
877 2124 1030 2164 nomine
1065 2124 1224 2164 Aeonas
1259 2125 1369 2164 modo
1405 2125 1649 2179 accipiendos

121 2203 223 2230 esse.
287 2188 399 2242 Quod
428 2197 552 2229 autem
582 2190 918 2244 percontantibus,
961 2195 1005 2231 In
1032 2207 1104 2244 qua
1123 2200 1307 2243 potestate
1328 2194 1396 2231 lzoe
1414 2194 1547 2244 sacis?
1587 2207 1647 2232 re·
1666 2207 1833 2242 Luc 2o,2.

119 2258 271 2312 spondit
294 2258 402 2307 nihil,
436 2258 504 2298 sed
529 2257 637 2297 aliam
661 2258 744 2298 eins
768 2260 1031 2312 quaestionem
1054 2260 1267 2314 proposuit,
1302 2260 1535 2300 declaratum
1557 2260 1649 2301 illud

120 2339 167 2365 eo
186 2325 340 2365 silentio
362 2333 496 2380 putant
515 2340 701 2366 summum
720 2324 876 2367 Patrem
898 2328 1009 2368 nullis
1032 2341 1145 2383 posse
1168 2327 1298 2367 verbis
1321 2327 1522 2382 explicari.
1568 2327 1648 2369 Ve-

119 2393 174 2434 lut
198 2393 310 2433 etiam
338 2394 390 2433 ita
416 2407 500 2433 cum
525 2393 675 2433 locutus
699 2401 778 2434 est:
812 2397 930 2447 Saepe
951 2411 1018 2448 ego
1041 2399 1251 2435 desideravi
1273 2410 1383 2434 metim
1404 2411 1451 2434 επ
1472 2398 1548 2435 illis
1569 2411 1647 2435 ser-

119 2463 285 2500 monibus
306 2465 450 2509 amlire,
485 2476 550 2500 nee
570 2465 637 2513 qui
652 2465 792 2501 diceret
809 2465 934 2511 habui,
969 2471 1116 2519 aperte,
1151 2462 1341 2517 inquiunt,
1375 2478 1490 2503 unum
1517 2471 1647 2505 osten-

121 2529 174 2569 dit
196 2543 282 2570 esse
308 2529 442 2580 deum,
487 2543 597 2583 quem
623 2529 777 2570 minime
803 2531 854 2571 illi
878 2538 1129 2586 cognoscent.
1192 2531 1253 2571 Ad
1278 2532 1372 2571 haec
1396 2546 1482 2571 cum
1506 2531 1646 2574 Hieru-

118 2634 190 2664 tom.
206 2633 228 2664 Ι.
251 2642 282 2671 p.
301 2631 350 2664 12.
374 2628 511 2671 cao-18.
903 2635 1004 2666 dentio
1027 2635 1190 2666 delendum
1213 2643 1275 2665 esse
1299 2635 1442 2665 arbitror.

163 2673 194 2708 4.
215 2678 272 2710 τοῦ
300 2678 366 2709 cod.
389 2678 487 2708 Venet.
951 2679 984 2711 7.
1006 2690 1104 2722 φασιν
1127 2675 1208 2712 εἶναι
1227 2676 1262 2711 τὸ
1285 2681 1405 2710 correxi
1422 2688 1474 2719 ego
1493 2682 1583 2720 atque
1600 2690 1647 2712 re-

164 2721 194 2752 5.
217 2719 299 2762 πρός
323 2717 444 2759 αὖτοὺς
466 2723 591 2753 coniecit
614 2723 770 2753 Petavius.
903 2726 993 2763 posui
1015 2734 1072 2763 pro
1098 2734 1131 2755 eo
1155 2725 1237 2763 quod
1260 2725 1329 2754 libri
1351 2727 1448 2755 tenent
1471 2735 1556 2766 φασι
1578 2727 1645 2759 δεῖν

164 2764 195 2797 6.
221 2764 266 2808 μή
286 2769 442 2806 particula
460 2769 541 2798 abest
559 2768 597 2797 ab
614 2768 752 2798 omnibus
765 2769 863 2800 libris.
905 2767 961 2802 διὰ
993 2770 1060 2801 τοῦ.
1118 2770 1206 2808 Quod
1231 2771 1341 2799 vitium
1371 2768 1645 2810 (antiquissimum,

125 2811 184 2841 Vct.
203 2812 371 2851 Interpres:
404 2811 620 2842 inenarrabile
643 2811 742 2853 patris
763 2811 796 2843 in
820 2824 858 2844 eo
903 2816 948 2845 uti
971 2813 1106 2855 videtur)
1135 2815 1249 2853 partim
1280 2816 1375 2845 traxit
1402 2816 1494 2845 etium
1518 2816 1646 2847 Latinus

122 2855 209 2896 quod
241 2867 307 2887 non
343 2855 462 2888 dixerit
492 2867 557 2887 non
583 2855 762 2887 ostendisse
787 2869 859 2889 eum
903 2860 1073 2898 Inter-pres,
1097 2861 1149 2898 qui
1169 2860 1275 2890 vertit:
1300 2858 1365 2890 Sed
1388 2859 1472 2890 etin
1497 2870 1535 2891 eo
1558 2860 1646 2903 qnod

122 2898 378 2942 interpretantur
390 2926 397 2939 ‚
436 2903 488 2933 ubi
520 2904 649 2933 alterum
683 2903 761 2932 illud
793 2913 858 2933 non
905 2903 1023 2934 dixerit
1036 2923 1074 2927 —
1088 2921 1181 2927 ——--
1194 2902 1433 2936 manifestantis
1448 2903 1560 2937 dicunt
1575 2917 1645 2937 esse

124 2947 192 2976 ante
207 2954 272 2977 voc.
287 2945 468 2978 ostendisse
484 2957 553 2978 cum
571 2948 684 2978 Grabio
703 2950 728 2978 ει
743 2948 858 2979 Feuar-
903 2959 961 2991 per
985 2948 1049 2980 hoc
1072 2949 1181 2979 Unum
1205 2951 1270 2980 cett.
