2034 3267
184 1265 269 1307 Κεφ.
297 1262 356 1298 λδ’.

222 1479 285 1506 pag.
303 1471 360 1498 204.

382 159 460 199 378
937 161 1095 194 SANCTI
1120 161 1340 195 EPIPHANH

383 243 468 284 7ἔτι
488 240 548 282 ὅτι
569 240 614 281 τα
638 238 910 293 ἀπεγνωσμένα
932 239 1031 290 ἔθνη
1057 238 1351 293 συγκληρονόμα
1370 241 1434 280 καὶ
1457 239 1641 294 σύσσωμα
1661 242 1728 283 καὶ
1752 240 1891 293 συμμέ-

380 326 470 362 τοχα
489 312 566 348 τῶν
585 305 705 361 ἆγίων
724 308 932 358 πεποίηκεν
953 303 975 346 ὁ
995 304 1088 353 θεὸς
1106 304 1158 357 μή
1178 309 1342 355 σιωπᾶν,
1365 307 1430 347 καὶ
1449 312 1532 356 πῶς
1549 307 1591 350 τὸ
1612 307 1760 362 θνητὸν
1780 311 1892 349 τοῦτο

380 377 538 428 σαρκίον
561 375 757 415 ἐνδύσεται
776 372 1008 423 ἀθανασίαν,
1037 374 1102 414 καὶ
1122 371 1164 414 τό
1186 371 1367 427 φθαρτὸν
1387 371 1624 428 ἀφθαρσίαν,
1651 377 1892 431 διαγγέλλειν,

381 445 463 490 πῶς
483 458 521 482 τε
544 443 641 496 ε’ρεῖ,
680 439 722 481 Ὁ
748 439 794 482 οὗ
816 439 908 489 λαός
928 439 1040 491 λαός,
1078 441 1144 482 καὶ
1164 438 1190 493 ἡ
1212 439 1282 481 οὐκ
1304 438 1529 495 ἠγαπημένη
1548 441 1798 497 ἠγαπημένη,
1827 443 1892 484 καὶ

379 512 462 558 πῶς
489 511 647 550 πλείονα
676 513 744 562 τῆς
775 507 921 563 ε’ρήμου
955 507 1001 549 τα
1029 509 1142 549 τέκνα
1171 512 1312 561 μᾶλλον
1337 507 1364 560 ἢ
1389 513 1457 561 τῆς
1480 508 1640 562 ἐχούσης
1662 510 1730 552 τόν
1757 510 1892 563 ἄνδρα,

379 575 594 631 κηρύσσειν.
650 574 737 617 Ἐπὶ
759 575 907 618 τούτων
935 574 1008 631 γάρ
1038 577 1105 617 καὶ
1128 577 1192 618 ἐπὶ
1215 579 1290 617 τῶν
1314 574 1461 628 ὁμοίων
1486 574 1618 625 αὐτοῖς
1640 577 1847 631 ἐπεβόησεν
1873 576 1894 619 ό

381 643 616 692 ἀπόστολος·
639 639 690 684 Ὦ,
713 643 843 697 βάθος
866 643 1036 685 πλούτου
1057 644 1120 684 καὶ
1142 646 1282 695 σοφίας
1299 644 1365 684 καὶ
1386 642 1562 698 γνώσεως
1581 649 1692 695 θεοῦ,
1719 643 1771 694 ὦς
1790 644 1891 694 ανεξ-

379 711 564 767 ερεύνητα
594 710 638 752 τοὶ
667 715 831 766 κρίματα
862 710 1004 762 αὐτοῦ,
1045 712 1110 752 καὶ
1134 709 1406 764 ἀνεξιχνίαστοι
1439 713 1481 752 αῖ
1505 709 1593 753 ὁδοὶ
1623 710 1759 753 αὐτοῦ·
1801 711 1893 754 ἄλλα

380 779 452 821 οὐκ
471 781 511 821 ἐν
530 784 583 836 τῷ
602 777 698 834 ’ὑπὲρ
718 778 786 821 τόν
807 782 960 832 κτίστην
980 779 1046 820 καὶ
1066 777 1303 833 δημιουργὸν
1323 779 1466 832 μητέρα
1485 778 1632 820 τούτων
1651 780 1718 820 καὶ
1743 783 1761 807 ⁸
1774 778 1893 822 αὐτοῦ

376 846 614 901 Ἐνθύμησιν
637 849 793 896 Αἰῶνος
815 847 1107 899 πεπλανημένον
1127 852 1394 902 παρεπινοεῖν,
1424 848 1490 888 καὶ
1512 849 1566 896 εἰς
1583 851 1768 889 τοσοῦτον
1786 847 1895 900 ἥκειν

379 918 624 969 βλασφημίας
646 913 736 957 οὐδὲ
754 914 797 956 τό
817 913 915 968 ὑπὲρ
938 913 1080 967 ταύτην
1103 913 1218 955 πάλιν
1242 913 1445 969 Πλήρωμα
1472 919 1488 943 9
1502 913 1586 956 τότε
1608 915 1676 967 μὲν
1697 916 1782 965 ἕνα,
1825 919 1896 956 νῦν

380 985 421 1026 δὲ
446 982 668 1037 οἷνήριθμον
692 987 815 1035 φῦλον
840 981 1006 1024 Αἰώνων
1033 981 1336 1034 ἐπιψεύδεσθαι,
1378 981 1513 1031 καθώς
1535 983 1709 1037 λέγουσιν
1729 977 1836 1024 οὗτοι
1859 984 1899 1024 οἱ

379 1051 538 1105 ἀληθῶς
557 1053 692 1106 ἔρημοι
715 1054 824 1099 θείας
844 1051 1029 1098 συνέσεως
1049 1049 1283 1102 διδάσκαλοι,
1314 1055 1383 1102 τῆς
1403 1049 1523 1103 οὔσης
1542 1051 1740 1103 ἐκκλησίας
1762 1055 1808 1080 ¹⁰
1821 1049 1893 1092 πά-

381 1135 450 1173 σης
471 1122 564 1172 μίαν
586 1120 653 1160 καὶ
675 1117 743 1172 τὴν
766 1116 888 1172 αὐτὴν
910 1121 1037 1159 πίστιν
1058 1116 1218 1170 ἐχούσης
1241 1119 1294 1166 εἰς
1314 1116 1441 1159 πάντα
1462 1116 1528 1159 τὸν
1549 1117 1717 1171 κόσμον,
1757 1118 1895 1168 καθώς

382 1188 616 1243 προέφαμεν.

479 1253 642 1307 ’Ίδωμεν
672 1259 741 1295 νῦν
769 1255 835 1295 καὶ
862 1254 930 1306 τήν
954 1252 1100 1295 τούτων
1123 1252 1288 1294 ἄστατον
1310 1252 1467 1308 γνώμην
1494 1253 1565 1295 δύο
1590 1271 1667 1296 που
1691 1256 1757 1296 καὶ
1778 1259 1895 1310 τριῶν

381 1322 516 1373 ὄντων,
546 1327 630 1371 πῶς
649 1323 737 1377 περὶ
760 1326 836 1363 τῶν
855 1320 983 1362 αὐτῶν
1007 1319 1054 1362 οὔ
1075 1319 1121 1361 τα
1142 1319 1239 1361 αὐτοὶ
1255 1321 1443 1375 λέγουσιν,
1473 1320 1564 1363 ἄλλα
1584 1328 1664 1370 τοῖς
1692 1321 1893 1377 ιπράγμα-

379 1407 415 1433 σι
446 1392 511 1432 καὶ
540 1395 620 1438 τοῖς
649 1387 838 1442 ὀνόμασιν
862 1391 1015 1431 ἐναντία
1039 1387 1333 1440 ἀποφαίνονται.
1388 1386 1432 1429 Ὁ
1455 1389 1522 1442 μὲν
1543 1388 1613 1444 γάρ
1636 1394 1790 1445 πρῶτος
1814 1388 1892 1432 «ind

380 1464 446 1512 τῆς
466 1458 668 1513 λεγομένης
690 1462 912 1510 Γνωστικῆς
932 1457 1111 1511 αἷρέσεως
1131 1455 1199 1505 τας
1218 1454 1337 1510 ἆρχας
1356 1458 1408 1505 εἰς
1427 1459 1528 1498 ἰ’διον
1545 1462 1766 1512 χαρακτῆρα
1789 1460 1894 1499 διδα-

379 1529 555 1569 σκαλείου
576 1524 825 1579 μεθαρμόσας
848 1523 1099 1573 Οὕαλεντῖνος
1116 1523 1240 1572 οὕτως
1262 1528 1281 1552 2
1294 1523 1531 1580 έξαφόρισεν,
1555 1523 1781 1579 ὁρισάμενος
1798 1523 1895 1567 εἶναι

382 1594 519 1637 Λυάδα
542 1592 828 1646 ἄνονόμαστον,
868 1588 916 1646 ἧς
945 1591 987 1634 τό
1012 1593 1081 1645 μέν
1103 1610 1139 1633 τι
1162 1597 1363 1633 καλεῖσθαι
1376 1591 1584 1646 ’Ἀρρητον,
1629 1591 1670 1634 τό
1696 1593 1737 1634 δὲ
1759 1592 1892 1648 Σιγήν.

372 1662 529 1705 ’Έπειτα
547 1664 587 1704 ἐκ
608 1660 749 1714 ταύτης
770 1660 927 1709 Δυάδος
946 1661 1128 1713 δευτέραν
1149 1659 1288 1700 Δυάδα
1308 1662 1613 1714 προβεβλῆσθαι,
1636 1655 1685 1713 ἧς
1703 1659 1746 1702 τὸ
1768 1661 1836 1713 μέν
1859 1679 1894 1702 τι

390 1732 546 1785 Πατέρα
568 1728 766 1783 ὀνομάζει,
798 1727 839 1770 τὸ
865 1729 905 1770 δὲ
920 1727 1136 1781 Ἀλήθειαν.
1193 1726 1256 1769 Ἐκ
1279 1728 1318 1769 δὲ
1339 1733 1406 1781 τῆς
1431 1727 1619 1782 Τετράδος
1643 1727 1784 1781 ταύτης
1805 1746 1895 1783 καρ-

382 1803 646 1852 ποφορεῖσθαι
672 1796 806 1852 Λόγον
835 1797 901 1838 καὶ
928 1794 1064 1849 Ζωήν,
1092 1794 1334 1850 ’Ἄνθρωπον
1362 1797 1426 1837 καὶ
1449 1793 1691 1848 Ἐκκλησίαν·
1732 1794 1830 1837 εἷναί
1858 1813 1896 1837 τε

383 1865 525 1918 ταύτην
542 1863 736 1920 Ὀγδοάδα
756 1863 923 1919 πρώτην.
968 1865 1045 1905 Καὶ
1067 1862 1142 1904 α’πό
1166 1864 1234 1916 μὲν
1254 1868 1322 1905 τοῦ
1342 1863 1476 1918 Λόγου
1495 1864 1560 1904 καὶ
1583 1867 1649 1916 τῆς
1671 1868 1784 1916 Ζωῆς
1803 1864 1895 1904 δέκα

385 1932 567 1985 δυνάμεις
589 1934 684 1987 λέγει
709 1935 1024 1987 προβεβλῆσθαι,
1064 1930 1200 1979 καθώς
1221 1930 1522 1985 προειρήκαμεν·
1563 1929 1639 1972 οἷπό
1667 1931 1708 1972 δὲ
1728 1934 1798 1973 τοῦ
1815 1929 1895 1972 'Av-

385 1999 553 2055 θρώπου
582 2002 648 2042 καὶ
677 2005 746 2053 τῆς
765 1998 990 2052 Ἐκκλησίας
1012 1998 1183 2049 δώδεκα,
1225 1994 1277 2039 ὧν
1298 2001 1389 2051 μίαν
1411 1997 1632 2039 ἀποστᾶσαν
1653 2000 1719 2039 καὶ
1741 1996 1897 2054 ὑστερή-

385 2084 505 2111 σασαν
535 2067 604 2121 τήν
633 2067 771 2121 λοιπὴν
800 2070 1061 2122 πραγματείαν
1090 2071 1338 2119 πεποιῆσθαι.
1385 2065 1532 2120 ’Όρους
1554 2083 1591 2107 τε
1616 2065 1687 2107 δύο
1714 2064 1896 2116 ὑπέθετο,

385 2140 452 2179 ἕνα
483 2138 551 2190 μὲν
582 2134 719 2189 μεταξύ
747 2140 817 2177 τοῦ
845 2139 984 2176 Βυθοῦ
1010 2136 1074 2175 καὶ
1099 2138 1168 2175 τοῦ
1191 2139 1328 2175 λοιποῦ
1355 2132 1641 2189 Πληρώματος,
1683 2136 1897 2188 διορίζοντα

385 2204 476 2254 τούς
498 2203 679 2260 γενητοῦς
699 2205 858 2251 Αἰῶνας
879 2200 954 2243 ἀπὸ
981 2207 1049 2243 τοῦ
1073 2200 1258 2256 ἅγενήτου
1285 2200 1459 2256 Πατρός,
1501 2203 1626 2255 ἕτερον
1649 2201 1689 2242 δὲ
1711 2199 1778 2242 τόν
1800 2199 1897 2254 ἄφο-

387 2276 537 2327 ρίζοντα
563 2277 579 2300 3
594 2270 721 2313 αὐτῶν
745 2270 814 2324 τήν
834 2271 1001 2323 Μητέρα
1023 2268 1099 2311 ἀπὸ
1120 2274 1187 2311 τοῦ
1210 2269 1483 2324 Πληρώματος.
1544 2270 1624 2310 Καὶ
1642 2267 1709 2310 τὸν
1732 2268 1899 2323 Χριστὸν

387 2342 428 2383 δὲ
457 2339 529 2383 οὐκ
559 2338 636 2381 <ind
666 2344 744 2380 τῶν
769 2340 809 2380 ἐν
829 2342 879 2395 τῷ
904 2336 1142 2392 Πληρώματι
1164 2336 1330 2379 Αἰώνων
1352 2339 1663 2392 προβεβλῆσθαι,
1703 2334 1795 2377 ἄλλα
1819 2334 1896 2379 ’ὑπὸ

387 2414 454 2463 τῆς
478 2406 645 2463 Μητρὸς
674 2408 745 2456 ἔξω
774 2406 983 2461 γενομένης
1011 2404 1108 2446 κατα
1138 2404 1207 2458 τὴν
1229 2404 1386 2460 γνώμην
1410 2410 1485 2447 τῶν
1508 2402 1734 2459 κρειττόνων
1758 2401 1899 2445 α’ποκε-

387 2481 556 2530 κυῆσθαι
583 2473 676 2528 μετὰ
705 2477 815 2522 σκιᾶς
844 2490 956 2522 τινος.
1018 2474 1095 2514 Καὶ
1121 2477 1256 2515 τοῦτον
1283 2473 1370 2526 μὲν,
1411 2472 1475 2514 ἅτε
1499 2471 1641 2527 ἄρρενα
1663 2469 1897 2526 ὑπάρχοντα,

389 2543 648 2596 ἀποκόψαντα
672 2540 740 2594 αφ’
761 2543 898 2583 ἑαυτοῦ
920 2539 989 2594 τήν
1010 2540 1143 2591 σκιάν,
1174 2539 1409 2595 ἀναδραμεῖν
1437 2542 1490 2589 εἰς
1512 2538 1553 2581 τό
1581 2538 1799 2594 Πλήρωμα,
1829 2538 1899 2592 τὴν

390 2613 430 2654 δὲ
454 2612 618 2666 Μητέρα
640 2608 947 2661 ὖπολειφθεῖσαν
969 2607 1062 2661 μετὰ
1086 2613 1154 2661 τῆς
1179 2612 1308 2659 σκιᾶς,
1352 2608 1613 2661 κεκενωμένην
1633 2623 1672 2648 τε
1692 2611 1761 2660 τῆς
1785 2624 1898 2649 πνευ-

391 2684 555 2733 ματικῆς
580 2677 845 2727 ὑποστάσεως,
889 2677 1017 2730 ἕτερον
1048 2674 1134 2717 υἵόν
1160 2678 1520 2731 4προενέγκασθαι,
1560 2675 1624 2716 καὶ
1648 2679 1783 2716 τοῦτον
1805 2672 1902 2716 εἶναι

434 2827 464 2860 7.
489 2826 535 2860 ἔτι
557 2823 609 2860 ὅτι
631 2830 752 2867 reposui
775 2837 812 2859 ex
831 2827 897 2858 cod.
917 2827 1033 2864 Veneto,
1056 2834 1125 2856 cum
1171 2837 1229 2864 eo,
1261 2832 1296 2856 ut
1325 2836 1420 2868 supra
1449 2830 1627 2856 creatorem
1659 2829 1693 2854 et
1722 2822 1903 2855 fabricato-

390 2873 507 2912 vulyali
531 2874 598 2903 libri
622 2876 740 2903 teneant
766 2871 798 2905 τί
820 2867 881 2905 ὅτι.
1171 2882 1239 2902 rem
1259 2876 1396 2901 matrem
1415 2869 1481 2900 eius
1503 2876 1537 2900 et
1554 2868 1696 2905 illorum,
1722 2867 1901 2912 Enthyme-

435 2921 467 2948 ὅ.
492 2913 591 2950 α’,ῗτόν
624 2918 689 2948 cod.
717 2918 787 2948 Ven.
835 2917 880 2955 Cf.
906 2916 1053 2947 Gravium
1085 2916 1127 2946 ad
1173 2915 1221 2946 sin
1246 2914 1365 2946 Aeonis
1388 2913 1522 2946 errantis
1547 2912 1759 2945 adinvenires.

395 2963 454 2993 Vel.
478 2962 690 3001 Inter-pretem,
724 2964 775 3001 qui
800 2962 887 2993 habet
918 2958 981 2990 Sed
1005 2969 1070 2990 non
1093 2958 1125 2991 iu
1217 2958 1248 2992 9.
1272 2959 1347 2993 τότε
1366 2958 1422 3002 μὲν
1443 2958 1498 2992 ἕνα
1517 2960 1583 2991 cod.
1600 2959 1671 2990 Ven.
1716 2956 1752 2991 τὸ
1775 2957 1831 3000 μὲν
1850 2956 1906 2992 ἕνα
