2034 3267
344 158 422 197 572
900 156 1057 189 SANc‘n
1082 156 1303 188 EPIPHANu

348 241 425 281 Καὶ
446 237 543 294 γυνὴ
567 237 752 289 α’ψαμένη
777 233 897 276 αὐτοῦ
923 232 1019 285 ἰάθη
1042 237 1110 274 τοῦ
1136 234 1314 285 αἵματος·
1345 233 1411 273 καὶ
1435 230 1540 275 εἶπεν
1561 232 1582 276 ὁ
1604 233 1763 290 κύριος,
1799 235 1864 282 Τίς

346 324 420 359 μου
440 305 593 359 ἥψατο,
623 305 689 345 καὶ
710 302 837 352 πάλιν,
856 299 1018 354 Ι’Ήψατό
1041 299 1116 353 μού
1139 317 1206 348 τις.
1254 300 1332 340 Καὶ
1351 298 1423 354 γάρ
1443 301 1563 355 ἔγνων
1586 301 1749 355 δύναμιν
1770 303 1862 350 ἔξελ-

344 378 496 416 θοῦσαν
525 371 591 413 ἄπ’
622 373 727 424 ε’μοῦ.

455 442 509 482 ιε’.
551 438 794 492 Ἀναβλέψας
824 439 878 485 εἰς
906 435 974 478 τὸν
1005 434 1174 490 οὐρανὸν
1205 433 1405 489 εὐλόγησεν
1436 433 1493 476 ἐπ’
1523 433 1675 485 αὐτούς.

457 506 513 556 ις’.
557 508 695 562 Λέγων
708 540 717 556 ,
749 511 823 546 Δεῖ
839 503 905 546 τὸν
926 503 1012 546 υἱὸν
1031 508 1101 545 τοῦ
1121 501 1338 557 ἀνθρώπου
1359 501 1478 544 πολλοὶ
1498 509 1654 555 παθεῖν,
1685 505 1751 546 καὶ
1772 502 1866 546 ἄπο-

346 579 585 628 κτανθῆναι,
615 575 682 616 καὶ
713 572 806 626 μετὰ
835 578 935 627 τρεῖς
964 570 1111 626 ἡμέρας
1141 573 1358 625 ἐγερθῆναι.

456 641 511 692 ιζ’.
557 643 632 683 Καὶ
657 640 764 691 ἰδοῦ,
806 639 877 681 δύο
904 639 1040 694 ἄνδρες
1063 637 1293 680 συνελάλουν
1317 636 1420 695 αὐτῷ
1443 636 1571 687 Ἠλίας
1601 639 1664 680 καὶ
1688 643 1867 693 Μωϋσῆς

345 713 384 752 ἐν
415 709 523 767 δόξῃ.

458 777 519 831 ιη’.
561 776 626 818 Ἐκ
648 781 716 830 τῆς
737 776 897 828 νεφέλης
919 774 1051 827 φωνὴ,
1088 770 1213 823 Οὗτός
1238 776 1339 816 ἔστιν
1361 772 1382 815 ὁ
1403 772 1491 822 υἱός
1514 790 1589 826 μου
1614 771 1636 815 ὁ
1658 771 1866 828 ἀγαπητός.

455 844 521 887 ιθ’.
565 843 759 898 Ἐδεήθην
787 848 865 885 τῶν
889 847 1076 896 μαθητῶν
1105 856 1186 884 σου.
1247 840 1339 895 Εἶχε
1364 842 1404 883 δὲ
1430 839 1535 896 παρα
1561 839 1624 892 τὸ,
1672 839 1754 882 Οὐκ
1775 839 1866 894 ἠδυ-

344 912 523 967 νήθησαν
550 914 723 965 ἐκβαλεῖν
749 910 863 964 αὐτὸ,
897 911 974 952 Καὶ
999 909 1096 966 πρὸς
1121 909 1281 960 αὐτούς,
1316 905 1368 949 ³52
1391 908 1499 964 γενεὰ
1521 907 1700 959 ἄπιστος,
1738 912 1780 937 ¹¹
1797 911 1868 958 ἕως

348 981 530 1034 ἀνέξομαι
558 979 680 1034 ὑμῶν.

459 1048 502 1091 κ’.
543 1047 586 1089 Ὁ
615 1047 686 1103 γὰρ
718 1047 803 1096 υἱὸς
834 1050 904 1089 τοῦ
935 1045 1156 1101 ἀνθρώπου
1187 1047 1307 1099 μέλλει
1337 1047 1626 1101 παραδίδοσθαι
1660 1047 1713 1094 εἰς
1741 1051 1869 1100 χεῖρας

347 1116 581 1173 ἀνθρώπων.

455 1184 525 1226 κοί.
571 1182 672 1226 Οὐδὲ
702 1187 813 1225 τοῦτο
841 1181 1046 1237 α’νέγνωτε,
1089 1185 1123 1223 τί
1147 1183 1302 1234 ἐποίησε
1329 1183 1475 1234 Δαβίδ·
1522 1183 1698 1235 εἰςῆλθεν
1726 1182 1778 1230 εἰς
1801 1179 1870 1223 τόν

349 1251 457 1295 οἶκον
486 1256 554 1294 τοῦ
582 1256 692 1293 θεοῦ.

459 1319 530 1373 κβ’.
573 1318 800 1372 Εὕχαριστῶ
823 1333 903 1368 σοι,
934 1317 1042 1372 κύριε
1065 1321 1133 1359 τοῦ
1158 1315 1341 1371 ούρανοῦ.
1406 1315 1490 1358 Οὔκ
1514 1315 1585 1370 εἶχε
1607 1318 1668 1368 δὲ,
1701 1319 1780 1358 Καὶ
1802 1321 1870 1370 τῆς

348 1393 427 1443 γῆς,
460 1386 547 1430 οὔτε
571 1386 700 1441 Πάτερ
721 1384 827 1439 εἶχεν.
883 1384 1091 1440 Ἐλέγχεται
1113 1386 1172 1426 δέ·
1203 1384 1306 1426 κάτω
1327 1383 1400 1440 γάρ
1421 1382 1529 1438 εἶχεν,
1564 1387 1658 1435 Ναὶ,
1690 1383 1868 1439 ὁπατήρ.

457 1522 526 1578 κγ’.
572 1520 671 1563 Εἷπε
691 1525 742 1579 τῷ
762 1526 909 1578 νομικῷ
922 1556 931 1572 ,
960 1520 1024 1562 Ἐν
1043 1526 1093 1578 τῷ
1111 1520 1219 1578 νόμῳ
1243 1524 1278 1562 τί
1295 1522 1523 1576 γέγραπται,
1556 1522 1621 1562 καὶ
1641 1520 1872 1576 ἆποκριθεὶς

346 1589 437 1644 μετα
461 1589 532 1644 τήν
554 1589 762 1646 απόκρισιν
784 1594 853 1632 τοῦ
876 1593 1040 1643 νομικοῦ
1063 1587 1187 1639 εἶπεν,
1217 1587 1371 1644 Ὀρθῶς
1401 1587 1578 1638 12εἶπες·
1619 1593 1733 1630 τοῦτο
1756 1592 1871 1640 ποίει,

348 1661 411 1701 καὶ
443 1658 550 1715 ζήσῃ.

456 1725 526 1768 κδ’.
570 1728 648 1767 Καὶ
684 1725 785 1776 εἶπε,
833 1730 898 1775 Τίς
931 1728 967 1776 ἐξ
999 1724 1110 1779 ὑμῶν
1143 1728 1214 1775 ἐ’ξει
1245 1728 1380 1777 φίλον,
1423 1726 1489 1765 καὶ
1518 1724 1747 1778 πορεύσεται
1773 1725 1873 1781 πρὸς

349 1793 466 1836 αὐτὸν
485 1797 750 1847 μεσονυκτίου,
782 1796 899 1835 αἰτῶν
919 1800 1019 1848 τρεῖς
1041 1792 1201 1848 ἄρτους,-
1243 1794 1321 1833 Καὶ
1341 1791 1491 1843 λοιπὸν,
1522 1794 1691 1843 Αἰτεῖτε,
1722 1795 1788 1835 καὶ
1809 1796 1871 1836 δο-

348 1862 519 1915 θήσεται.
585 1864 677 1902 Τίνα
704 1861 775 1916 γοὶρ
804 1863 841 1911 ἐξ
865 1860 976 1915 ὑμῶν
997 1860 1064 1903 τὸν
1087 1862 1234 1915 πατέρα
1255 1859 1341 1909 υἱὸς
1364 1859 1509 1913 αἰτήσει
1533 1859 1669 1914 ἰχθύν,
1699 1862 1765 1902 καὶ
1787 1860 1872 1903 ἀντὶ

351 1931 489 1984 ἰχθύος
510 1928 602 1981 ὅφιν
627 1929 806 1970 ἐπιδώσει
829 1929 952 1987 αὐτῷ,
995 1929 1018 1982 ἢ
1045 1927 1129 1970 τῖντὶ
1151 1927 1232 1970 ωὀῦ
1256 1931 1462 1981 σκορπίον,-
1506 1930 1561 1968 Εἰ
1580 1923 1649 1970 οῦν
1670 1927 1780 1982 ὑμεῖς
1802 1946 1871 1972 πο·

351 1999 463 2053 νηροὶ
495 1996 601 2045 ὄντες
631 1999 758 2038 οἴδατε
789 1997 938 2051 δόματα
969 1996 1119 2052 ἀγαθά,
1151 1996 1259 2054 πόσῳ
1293 2001 1434 2049 μᾶλλον
1464 1994 1486 2037 ὁ
1515 1996 1652 2051 πατήρ.

458 2064 522 2106 κε’.
568 2065 855 2119 Περικέκοπται
884 2064 926 2107 τό
960 2067 1047 2119 περὶ
1075 2064 1185 2106 Ἰωνᾶ
1213 2069 1282 2106 τοῦ
1309 2063 1525 2119 προφήτου.
1584 2062 1678 2118 Εἶχε
1701 2064 1794 2120 γᾶρ,
1829 2063 1876 2106 Ἡ

349 2132 458 2189 γενεά
479 2132 596 2185 αὕτη,
628 2139 784 2186 σημεῖον
806 2131 853 2174 οὕ
875 2132 1083 2185 δοθήσεται
1105 2131 1213 2190 αὐτῇ.
1278 2131 1361 2173 Οὔκ
1381 2130 1454 2185 εἶχε
1480 2137 1522 2160 ¹³
1538 2133 1578 2174 δὲ
1599 2134 1687 2188 περὶ
1709 2131 1870 2186 Navem),

352 2203 417 2243 καὶ
446 2204 666 2254 βασιλίσσης
695 2200 834 2251 νότου,
870 2203 935 2243 καὶ
966 2206 1211 2254 Σαλομῶνος.

463 2338 532 2386 7.ςῖ
577 2337 679 2379 Ἀντὶ
702 2343 791 2388 τοῦ,
826 2338 1074 2392 Παρέρχεσθε
1099 2337 1166 2390 τήν
1187 2340 1312 2392 κρίσιν
1335 2341 1406 2377 τοῦ
1429 2341 1548 2387 θεοῦ,
1592 2333 1685 2389 εἶχε,
1719 2337 1870 2392 Παρέρ-

352 2413 464 2460 χεσθε
493 2406 562 2459 τήν
592 2411 724 2459 κλῆσιν
753 2410 822 2447 τοῦ
850 2409 961 2447 θεοῦ.

461 2473 526 2524 κζ’.
573 2472 672 2515 Οὐαὶ
692 2472 804 2527 ύμῖν,
835 2473 894 2515 ὅτι
911 2475 1149 2526 οἰκοδομεῖτε
1173 2472 1218 2514 τοὶ
1241 2472 1419 2527 μνήματα
1440 2477 1516 2513 τῶν
1537 2475 1773 2526 προφητῶν,
1804 2474 1870 2513 καὶ

352 2546 390 2584 οῖ
417 2543 577 2596 πατέρες
604 2540 715 2595 ύμῶν
746 2541 972 2583 ἀπέκτειναν
1002 2540 1154 2590 αὐτούς.

462 2609 533 2663 κη’.
581 2608 662 2651 Οὔκ
689 2608 782 2663 εἶχε,
827 2609 903 2651 Δια
933 2614 1046 2651 τοῦτο
1078 2607 1182 2650 εἶπεν
1211 2607 1236 2662 ἡ
1263 2612 1381 2661 σοφία
1404 2612 1473 2650 τοῦ
1499 2611 1616 2657 θεοῦ,
1658 2605 1869 2650 Ἀποστελῶ

355 2680 407 2726 εἰς
431 2677 574 2726 αὐτούς
595 2680 819 2733 προφήτας·
861 2679 926 2719 καὶ
950 2678 1038 2731 περὶ
1062 2679 1224 2730 αἵματος
1251 2680 1446 2731 Ζαχαρίου
1470 2674 1661 2728 καὶ”Αβελ
1682 2679 1756 2716 τῶν
1777 2693 1870 2730 προ-

194 2765 336 2801 pag.314.
356 2752 511 2799 φητῶν,
543 2746 623 2796 ὅτι,
651 2744 972 2799 Ἐκζητηθήσεται
1003 2746 1043 2786 ἐκ
1075 2750 1142 2798 τῆς
1171 2750 1303 2800 γενεᾶς
1332 2743 1484 2797 ταύτης.

462 2814 539 2855 aff.
580 2815 694 2869 Λέγω
718 2820 800 2862 τοῖς
823 2816 949 2866 φίλοις
971 2831 1064 2866 μου,
1098 2812 1170 2866 Μὴ
1194 2815 1397 2866 φοβηθῆτε
1421 2810 1497 2852 ἀπὸ
1521 2815 1597 2852 τῶν
1622 2809 1869 2853 ἀποκτεινόν-

355 2899 428 2923 των
458 2881 498 2923 τὸ
533 2887 662 2934 σῶμα,
706 2885 913 2934 φοβηθῆτε
942 2881 982 2922 δὲ
1011 2880 1080 2922 τόν
1111 2880 1202 2933 μετα
1226 2879 1267 2922 τὸ
1294 2878 1515 2922 ἀποκτεῖναι
1539 2880 1670 2932 ἔχοντα
1696 2880 1869 2928 ἐξουσίαν

402 2975 450 3006 11.
475 2976 561 3014 Infra
584 2977 666 3006 excat
692 2971 755 3011 ἕως
778 2972 867 3007 πότε,
1185 2972 1233 3004 12.
1257 2974 1343 3013 Infra
1366 2975 1448 3004 extat
1472 2968 1565 3009 εἶπας
1586 2981 1644 3012 pro
1668 2968 1766 3009 εἶπες.
