2034 3267
526 197 702 228 PANARn
726 198 806 230 Lm.
827 199 852 230 1.
878 198 983 230 ToM.
1002 199 1041 230 Π.
1067 198 1193 230 HAER.
1213 198 1329 230 xxx.
1610 193 1680 232 261

167 274 300 323 limus,
334 274 515 325 contulit,
550 275 803 329 comitemque
829 275 941 326 fecit,
975 276 1109 317 iubens
1132 277 1290 330 insuper
1309 284 1349 316 ut
1374 277 1547 330 quicquid
1573 278 1689 317 vellet

168 349 333 395 optaret.
396 340 463 381 llle
491 343 579 382 nihil
607 342 705 382 alind
732 343 802 382 nisi
831 343 901 382 hoc
932 358 1044 382 unum
1074 344 1229 383 maximi
1253 344 1424 383 beneficii
1449 344 1533 384 loeo
1558 352 1688 398 postn-

167 408 282 457 lavit,
326 408 396 447 sibi
431 417 469 448 ut
501 409 537 449 in
567 408 791 449 ludaeorum
821 409 926 462 pagis
952 410 1127 450 omnibus
1152 417 1190 449 et
1213 411 1359 464 oppidis
1383 412 1683 451 extruendarum

165 475 202 514 in
237 473 380 516 Christi
414 476 595 515 honorem
631 476 881 515 ecclesiarum
916 483 1087 529 potestas
1120 476 1361 530 imperatoris
1400 478 1525 518 edicto
1561 480 1682 520 lieret.

166 541 316 595 Quibus
339 543 374 581 in
396 543 489 582 locis
511 558 623 583 nemo
645 556 805 595 unquam
829 542 1014 582 ecclesias
1035 543 1236 582 aedilirare
1258 551 1450 597 potuerat,
1482 546 1579 599 quod
1602 547 1684 586 nul-

164 609 223 649 lus
247 610 348 649 inter
371 624 437 649 eos
462 624 584 663 neque
607 609 782 662 gentilis,
816 622 938 661 neque
965 608 1256 659 Samaritanus,
1291 624 1414 664 neque
1441 610 1683 653 Christianus

165 676 369 717 habitaret..
431 675 739 728 praesertimque
762 674 987 724 Tiberiade,
1022 674 1323 727 Dim-aesareae,
1358 692 1454 731 quae
1475 686 1512 718 et
1535 679 1684 734 Sephu-

166 744 234 782 rim
261 744 419 795 (licitur,
451 742 658 791 Nazareti,
693 740 1001 795 Capharnwmi,
1044 741 1107 781 ubi
1135 742 1338 795 diligenter
1363 744 1433 784 hoc
1457 747 1681 797 observant,

165 824 276 849 nemo
309 817 348 850 ut
377 811 502 863 gentis
530 809 687 848 alterius
718 808 947 848 domicilium
981 809 1056 848 illic
1089 809 1239 848 habeat.

277 878 330 917 At
356 876 541 930 Iosephus
565 875 732 929 acceptis
757 890 840 914 cnm
868 889 910 914 ea
937 882 1124 929 potestate
1149 889 1194 915 ac
1218 876 1400 928 dignitate
1422 878 1543 918 literis
1565 879 1681 921 Tibe—

166 944 306 984 riadcm
334 943 526 998 perrexit,
569 956 719 995 unaque
745 949 781 980 et
807 942 1012 996 diplomata
1035 956 1164 982 secum
1191 944 1335 994 attulit,
1379 945 1514 998 quibus
1537 947 1681 1000 impen-

165 1026 228 1050 sas
249 1026 268 1051 e
295 1012 387 1050 l'isco
409 1016 582 1064 caperet,
617 1023 699 1048 cum
728 1009 902 1063 privatim
929 1009 1009 1062 ipse
1032 1010 1218 1064 stipendia
1246 1024 1296 1049 ex
1318 1012 1449 1052 eodem
1472 1014 1679 1068 acciperet.

166 1078 286 1131 lgitnr
316 1077 523 1117 Tiberiade
555 1076 756 1116 ecclesiam
789 1077 995 1116 aedificare
1023 1078 1162 1131 coepit.
1225 1077 1323 1119 Erat
1351 1080 1387 1119 in
1423 1081 1554 1120 eadem
1587 1082 1681 1122 urbe

166 1145 340 1198 templum
362 1143 498 1196 ingens
521 1143 609 1182 olim
633 1150 868 1194 extructum,
902 1145 998 1197 qnod
1022 1145 1266 1196 Adrianium‚
1300 1147 1371 1187 nisi
1398 1147 1520 1197 fallor,
1554 1149 1682 1203 appel-

164 1212 302 1251 labant.
364 1208 474 1263 Quod
501 1225 584 1250 cum
610 1211 873 1264 imperfectum
897 1211 1081 1251 hactenus
1105 1213 1333 1263 mansisset,
1367 1215 1541 1269 oppidani
1562 1217 1683 1270 publi-

162 1293 226 1319 cas
260 1279 296 1318 in
325 1278 484 1318 balneas
512 1285 747 1317 commutare
778 1278 996 1318 studebant.
1058 1278 1143 1318 Hoc
1174 1279 1360 1334 Iosephus
1393 1289 1526 1322 nactus
1563 1285 1608 1323 ad
1643 1285 1678 1324 id

161 1346 256 1399 quod
280 1346 406 1385 animo
426 1352 660 1399 conceperat
681 1346 971 1386 accommodare
993 1345 1171 1386 instituit.
1217 1346 1269 1387 Et
1292 1356 1331 1388 nt
1352 1351 1536 1402 quadrato
1557 1350 1680 1405 lapide

160 1419 383 1466 quaternum
410 1413 622 1453 cubitorum
649 1420 790 1452 certam
819 1415 863 1452 ad
890 1413 1126 1453 altitudinem
1152 1423 1320 1454 erectum
1347 1416 1570 1467 invenerat,
1612 1433 1679 1458 ve-

158 1480 228 1520 teri
251 1487 468 1520 structurae
493 1495 629 1520 novam
657 1481 845 1520 ecclesiae
868 1481 1005 1520 molem
1030 1481 1226 1535 imponere
1250 1483 1396 1522 statuit.
1457 1484 1517 1523 Ad
1542 1484 1577 1524 id
1603 1487 1678 1526 cal-

158 1561 201 1587 ce
226 1547 313 1588 viva
342 1562 435 1602 opus
461 1555 564 1598 erat,
606 1548 828 1602 reliquaque
856 1547 957 1587 omni
983 1549 1159 1588 materia.
1219 1547 1341 1603 Igitur
1367 1551 1537 1591 caminos
1565 1560 1678 1593 extra

159 1614 291 1654 urbem
319 1615 404 1655 fieri
431 1629 505 1655 non
530 1630 672 1670 paucos
699 1615 882 1669 imperat,
922 1622 1103 1669 septenos
1125 1616 1301 1668 circiter,
1345 1632 1439 1671 quos
1461 1620 1574 1673 vulgo
1600 1622 1678 1661 l'or-

158 1695 274 1722 naces
299 1683 511 1723 nominant.
572 1682 652 1723 Sub
680 1682 772 1722 haec
800 1680 931 1722 ludaei
958 1683 1003 1722 ad
1031 1684 1204 1724 audenda
1229 1684 1420 1737 quaelibet
1444 1687 1603 1739 proiecti
1631 1689 1676 1728 ad

158 1749 298 1790 usitata
323 1750 356 1789 ei
378 1751 481 1804 genti
505 1750 694 1790 maleficia
717 1749 958 1802 confugiunt.
1018 1748 1172 1790 Etenim
1197 1751 1356 1804 magicis
1377 1753 1609 1794 carminibus
1633 1770 1678 1795 ac

158 1817 374 1872 praestigiis
393 1817 468 1857 vim
490 1817 590 1871 ignis
612 1817 795 1871 impedire
817 1816 962 1870 egregii
985 1817 1156 1857 homines
1175 1819 1350 1872 aggressi
1373 1827 1484 1871 sunt3
1513 1822 1578 1862 sed
1601 1837 1675 1862 non

157 1892 341 1940 perpetuo
363 1892 583 1939 potuerunt.
644 1885 698 1924 At
718 1884 826 1923 initio
846 1891 970 1924 tamen
994 1885 1171 1925 cessabat
1190 1886 1313 1938 ignis,
1347 1887 1512 1941 nihilque
1535 1903 1676 1943 coque·-

156 1953 241 2002 bat,
286 1959 444 1992 naturae
475 1966 566 1992 suae
598 1953 703 1992 velut
732 1952 853 1991 officio
884 1953 1103 2003 destitutus.
1166 1952 1266 1993 Tum
1305 1954 1365 2008 qui
1398 1956 1675 2010 suppeditando

153 2020 233 2072 igni
257 2019 416 2074 pabulo,
449 2019 625 2073 virgultis
647 2019 795 2060 scilicet
816 2033 859 2058 ac
882 2020 1088 2071 fructibus,
1123 2028 1234 2061 erant
1255 2021 1439 2076 appositi,
1473 2037 1558 2063 cum
1581 2025 1674 2064 nihil

154 2101 196 2127 se
223 2087 412 2141 prolicere
439 2087 811 2137 animadverterent,
854 2101 932 2127 rem
957 2088 1001 2127 ad
1030 2086 1231 2142 losephum
1257 2089 1447 2129 deferunt.
1508 2089 1675 2146 Pupugit

154 2169 199 2195 ea
234 2169 297 2195 res
332 2155 543 2204 hominem,
587 2155 790 2208 statimque
821 2155 977 2195 coelesti
1011 2155 1047 2194 in
1079 2155 1271 2196 dominum
1298 2157 1434 2197 ardore
1462 2172 1672 2199 succensus

154 2228 266 2262 extra
290 2222 421 2262 urbem
446 2222 620 2270 advolat,
654 2235 788 2275 aquam
812 2223 997 2276 postulat:
1031 2223 1190 2263 affertur
1214 2224 1251 2263 in
1275 2237 1398 2264 aeneo
1422 2239 1538 2275 vase,
1573 2227 1669 2279 qnod

154 2303 380 2344 campsacen
404 2290 534 2343 vulgo,
566 2290 643 2328 illic
664 2289 860 2329 cacnbium
883 2298 1036 2330 vocant.
1085 2289 1144 2330 Eo
1167 2305 1293 2331 coram
1318 2292 1492 2332 omnibus
1512 2300 1670 2347 accepto

153 2359 258 2407 (nam
286 2357 330 2396 ad
357 2357 428 2396 boc
452 2357 708 2410 spectaculum
735 2355 960 2398 ludaeorum
987 2357 1095 2398 turba
1119 2366 1375 2408 convenerat,
1408 2366 1448 2398 ut
1475 2360 1528 2399 rei
1555 2374 1672 2400 even-

155 2431 256 2473 tum,
290 2438 334 2463 ac
361 2425 447 2478 qnid
473 2428 623 2463 tandem
650 2422 835 2478 losephus
858 2433 992 2480 ageret
1012 2426 1207 2477 viderent)
1232 2425 1357 2465 crucis
1381 2427 1530 2478 signum
1555 2442 1672 2482 super

153 2491 241 2531 illud
266 2492 381 2545 digito
408 2491 530 2538 ducit,
564 2505 607 2530 ac
632 2489 718 2531 lesu
743 2506 878 2532 nomen
903 2493 1089 2533 invocans
1113 2507 1250 2546 magna
1278 2507 1374 2533 voce
1397 2494 1454 2533 sic
1479 2495 1669 2547 loquitur:

152 2562 195 2597 In
217 2562 361 2597 nomine
380 2562 464 2597 Iesu
487 2561 702 2605 Nazareni,
735 2574 836 2611 quem
861 2564 934 2599 mei
948 2564 1095 2612 pariter
1116 2569 1225 2612 atque
1251 2563 1379 2599 horam
1402 2565 1573 2608 omnium,
1607 2567 1674 2614 qui

153 2628 212 2664 ln'e
231 2629 393 2672 adstant,
421 2629 577 2664 maiores
600 2629 636 2663 z'n
657 2641 800 2665 crucem
824 2636 993 2678 egerant,
1016 2631 1105 2667 haec
1123 2642 1219 2680 aqna
1243 2632 1311 2666 vim
1336 2630 1464 2666 habeto
1485 2632 1534 2667 ad
1552 2633 1669 2680 magi-

153 2708 216 2731 cas
239 2701 339 2732 artes
366 2695 618 2744 maqut'ct'aqae
642 2697 761 2732 omnia
783 2698 1065 2746 restinguenda,
1107 2710 1199 2747 quae
1221 2698 1288 2733 iste·
1307 2704 1588 2746 compararunt,
1621 2699 1668 2735 ab

221 2796 306 2825 ,δίο
325 2795 391 2825 cod.
412 2795 538 2833 Rhediy.
559 2797 584 2824 e!
605 2795 702 2825 editus
720 2796 794 2826 liber
808 2799 887 2827 uter·
931 2798 996 2827 cod.
1018 2806 1073 2827 ms.
1098 2798 1196 2827 nescio
1219 2798 1305 2826 cuius
1328 2806 1422 2835 quam
1444 2799 1476 2828 in
1498 2807 1598 2838 marg.
1622 2801 1669 2829 sui

154 2847 219 2876 que.
261 2840 333 2870 Cod.
353 2841 448 2870 Vatic.
470 2834 683 2879 Ῑιαὸεῒῆδητ
686 2837 888 2884 ετραττήτους
931 2843 1254 2880 exemplaristestatus
1273 2844 1314 2871 est
1332 2843 1480 2873 5εήοἰιιιε.
1513 2839 1632 2885 ἀπέχου
1624 2853 1670 2874 ’.ο

156 2883 229 2933 (sic)
246 2882 356 2920 ›62003
377 2882 466 2917 δια
453 2894 486 2907 -
474 2894 575 2935 ε-ρατῑ
579 2883 660 2916 ε’δων
681 2883 779 2916 >Low
800 2885 874 2927 εύρε
879 2911 887 2926 ,
932 2887 978 2917 ed.
1000 2889 1097 2940 princ.
1144 2881 1189 2917 οἱπ
1193 2884 1305 2928 ε”τσχοο
1309 2897 1324 2917 0
1346 2887 1412 2918 cod.
1434 2888 1558 2926 Rheaeiiq

157 2924 219 2963 ἕως
242 2923 347 2965 ῧῴους
369 2939 452 2965 τιςνο
475 2924 532 2960 ἅνε
535 2939 617 2969 γηγε
621 2940 681 2969 ρμε
676 2927 757 2966 ’νους
978 2929 1008 2962 4.
1039 2930 1096 2962 καὶ
1118 2928 1153 2963 τὲ
1178 2932 1244 2961 cod.
1269 2932 1362 2962 tatic.

199 2972 229 3002 ὃ.
254 2968 299 3004 εἷ.-
302 2972 423 3015 εἶχοντο
446 2975 492 3004 ed.
513 2975 629 3011 P‚elav
653 2975 690 3005 de
711 2977 889 3006 auctoritate

1707 893 1783 936 Cap.
1799 897 1872 929 ΧΗ.
