2034 3267
198 716 281 758 Κεφ.
311 714 369 760 ).β’.

244 2092 308 2119 pag.
326 2084 381 2112 20².

395 162 473 201 374
953 166 1113 199 SANCTI
1134 167 1353 200 EPIPHANH

395 244 528 296 ἀκλινῆ
551 245 591 285 ἐν
614 246 737 300 ἐαυτῷ
755 244 944 296 κατέχων,
984 242 1030 284 ὃν
1051 242 1115 284 διά
1138 248 1207 285 τοῦ
1227 246 1489 297 βαπτίσματος
1511 247 1665 300 εἷ’ληφε,
1704 244 1751 287 τά
1773 246 1841 299 μὲν
1861 246 1904 287 ἐκ

395 316 469 352 τῶν
495 315 656 364 γραφῶν
685 309 856 364 ὀνόματα
885 312 949 352 καὶ
979 310 1047 359 τάς
1072 312 1186 360 λέξεις
1209 312 1274 352 καὶ
1301 310 1370 360 τοὶς
1394 313 1616 367 παραβολὰς
1641 312 1902 369 ἐπιγνώσεται,

394 377 462 430 τήν
484 377 524 418 δὲ
547 375 774 431 βλάσφημον
795 376 986 420 ὑπόθεσιν
1009 377 1149 432 ταύτην
1174 377 1244 420 οῦκ
1267 379 1525 434 ἐπιγνώσεται.
1585 383 1664 422 Καὶ
1687 381 1757 436 γοὶρ
1783 382 1816 422 εἰ
1836 379 1904 429 τοὶς

395 447 574 498 ψηφῖδας
602 448 794 500 γνωρίσει,
837 444 928 487 ἀλλά
957 446 1025 499 τήν
1053 445 1231 488 ἀλώπεκα
1259 445 1343 488 ἀντὶ
1367 451 1435 500 τῆς
1459 450 1658 501 βασιλικῆς
1681 447 1830 496 εἰκόνος
1856 445 1903 489 οὐ

394 514 657 567 παραδέξεται·
690 516 733 554 ἓν
759 515 918 555 ἕκαστον
943 514 984 555 δὲ
1006 518 1083 555 τῶν
1108 515 1318 569 εἰρημένων
1342 512 1518 563 ἀποδούς
1540 521 1586 572 τῇ
1609 518 1687 572 ἰδία
1712 514 1811 565 τάξει
1837 515 1902 556 καὶ

395 579 665 635 προςαρμόσας
687 585 737 637 τῷ
757 586 825 634 τῆς
847 580 1033 634 ἀληθείας
1058 586 1099 610 11
1115 585 1292 639 σωματίφ
1314 580 1523 637 γυμνῶσει,
1554 584 1618 624 καὶ
1639 581 1902 624 ἀνυπόστατον

395 650 569 698 ἐπιδείξει
599 646 640 689 τό
671 648 825 702 πλάσμα
855 648 993 691 αὐτῶν.

510 720 523 743 ¹
540 714 694 769 Ἐπειδὴ
714 721 759 774 τῇ
782 722 903 775 σκηνῇ
926 716 1046 774 ,ταύτῃ
1073 719 1220 759 2λείπει
1245 715 1270 770 ἦ
1291 716 1568 772 ἀπολύτρωσις,
1597 719 1662 758 ἵνα
1681 734 1737 765 τις
1758 716 1825 758 τόν
1845 722 1904 769 μῖ-

395 801 466 838 μον
498 782 656 825 3αὐτῶν
681 783 897 839 περαιώσας
926 783 993 826 τόν
1023 782 1328 835 ἀνασκευάζοντα
1354 784 1468 840 λόγον
1502 785 1742 842 4ἐπενέγκῃ,
1779 789 1905 833 καλῶς

396 853 490 904 ἔχειν
510 849 751 905 ὑπελάβομεν
773 853 959 902 ἐπιδεῖξαι
980 851 1167 907 πρότερον
1189 854 1228 894 ἐν
1250 851 1311 901 οἷς
1332 854 1372 894 οἵ
1391 853 1549 905 πατέρες
1571 850 1681 893 αὐτοὶ
1701 854 1815 893 τοῦδε
1835 856 1903 893 τοῦ

399 924 416 948 ⁵
433 918 565 972 μύθου
591 921 840 974 διαφέρονται
861 919 959 975 πρὸς
981 919 1183 973 ἀλλήλους,
1225 918 1277 968 ὥς
1299 922 1340 962 ἐκ
1364 919 1566 974 διαφόρων
1587 918 1815 973 πνευμάτων
1837 924 1905 972 τῆς

396 986 542 1040 πλάνης
568 986 683 1035 ὄντες.
744 989 822 1028 Καὶ
847 989 889 1029 ἐκ
915 987 1055 1029 τούτου
1080 986 1151 1042 γάρ
1180 986 1463 1043 ὅάκριβέστατα
1484 990 1652 1029 συνιδεῖν
1675 988 1798 1038 ἔσται,
1839 987 1905 1028 καὶ

396 1054 471 1109 πρὸ
501 1059 570 1108 τῆς
597 1053 845 1105 ἀποδείξεως,
891 1058 1050 1108 βεβαίαν
1079 1054 1148 1109 τὴν
1180 1053 1255 1097 ὖπὸ
1288 1060 1357 1108 τῆς
1387 1057 1587 1108 ἐκκλησίας
1615 1055 1905 1109 κηρυσσομένην

397 1121 596 1176 ἀλήθειαν,
626 1123 691 1163 καὶ
713 1121 783 1176 τὴν
800 1121 877 1164 ὑπὸ
897 1122 1042 1165 τούτων
1061 1124 1432 1176 παραπεποιημένην
1452 1125 1725 1178 ψευδηγορίαν.
1776 1120 1826 1163 Ἡ
1839 1123 1906 1175 μὲν

396 1189 467 1245 γάρ
489 1192 682 1243 ἐκκλησία,
723 1193 858 1244 καίπερ
882 1189 974 1231 καθ’
997 1189 1088 1243 ὅλης
1108 1195 1176 1243 τῆς
1199 1191 1427 1243 οἰκουμένης
1451 1192 1522 1239 ἕως
1545 1188 1722 1245 περάτων
1744 1194 1815 1243 τῆς
1837 1193 1906 1245 γῆς

397 1259 663 1312 διεσπαρμένῃ,
693 1257 798 1312 παρά
821 1258 862 1299 δὲ
881 1263 958 1299 τῶν
980 1256 1203 1299 ἀποστόλων
1223 1259 1289 1299 καὶ
1309 1262 1385 1299 τῶν
1404 1260 1557 1299 ἐκείνων
1577 1262 1766 1311 μαθητῶν
1784 1275 1906 1312 παρα-

395 1328 565 1378 λαβοῦσα
591 1324 658 1378 τήν
685 1327 737 1373 εἰς
762 1326 829 1366 ἕνα
854 1324 949 1367 θεὸν
974 1326 1120 1380 πατέρα
1145 1324 1458 1379 παντοκράτορα,
1488 1325 1555 1367 τὸν
1579 1324 1816 1378 πεποιηκότα
1840 1324 1907 1367 τὸν

396 1391 562 1447 οὐρανὸν
584 1394 648 1434 καὶ
668 1392 738 1445 τήν
756 1397 827 1447 γῆν
847 1394 911 1434 καὶ
929 1392 998 1441 τάς
1017 1392 1216 1441 θαλάσσας
1235 1394 1300 1434 καὶ
1319 1392 1443 1434 πάντα
1462 1392 1507 1434 τά
1528 1395 1568 1435 ἐν
1590 1391 1734 1443 αὐτοῖς,
1765 1395 1905 1444 πίστιν,

395 1462 459 1502 καὶ
484 1462 536 1509 εἰς
559 1462 624 1502 ἕνα
650 1459 819 1515 Χριστὸν
839 1459 988 1514 Ἰησοῦν
1009 1460 1075 1502 τόν
1101 1460 1188 1502 υἰόν
1208 1466 1277 1502 τοῦ
1298 1465 1417 1512 θεοῦ,
1447 1460 1514 1502 τὸν
1538 1461 1787 1515 σαρκωθέντα
1808 1458 1904 1515 ὑπὲρ

396 1533 463 1581 τῆς
485 1526 669 1583 ἡμετέρας
690 1531 896 1583 σωτηρίας,
940 1529 1004 1569 καὶ
1028 1530 1080 1577 εἰς
1101 1533 1252 1581 πνεῦμα
1277 1528 1404 1583 ἅγιον,
1445 1527 1487 1570 τὸ
1512 1527 1575 1570 διά
1597 1531 1672 1569 τῶν
1693 1533 1906 1582 προφητῶν

398 1595 607 1650 κεκηρυχός
629 1596 696 1644 τάς
716 1598 938 1649 οἰκονομίας
959 1597 1024 1637 καὶ
1048 1595 1147 1649 7τήν
1166 1597 1311 1637 {Aevom
1332 1597 1396 1637 καὶ
1419 1595 1487 1649 τὴν
1513 1597 1583 1637 ὃέκ
1604 1596 1805 1650 παρθένου
1826 1597 1907 1651 γέν-

400 1678 510 1716 νησιν
538 1665 603 1705 καὶ
634 1662 675 1705 τό
712 1663 844 1712 πάθος
868 1665 932 1705 καὶ
958 1662 1025 1716 τὴν
1051 1665 1200 1718 ἔγερσιν
1227 1665 1270 1705 ἐκ
1294 1668 1440 1718 νεκρῶν
1463 1665 1527 1704 καὶ
1551 1662 1620 1716 τήν
1643 1665 1830 1717 ἕνσαρκον
1854 1666 1907 1712 εἰς

401 1730 489 1780 τούς
515 1729 706 1786 οὐρανούς
738 1730 930 1784 ἀνάληψιν
960 1736 1028 1773 τοῦ
1056 1730 1308 1786 ήγαπημένου
1338 1736 1508 1786 Χριστοῦ
1528 1729 1654 1784 Ἰησοῦ
1680 1736 1747 1772 τοῦ
1770 1734 1906 1786 κυρίου

399 1796 527 1851 ἡμῶν,
572 1800 638 1839 καὶ
668 1798 738 1851 τὴν
769 1801 809 1840 ἐκ
839 1804 915 1840 τῶν
949 1797 1124 1853 οὐρανῶν
1153 1800 1193 1840 ἐν
1222 1804 1269 1856 τῇ
1297 1798 1390 1857 δόξῃ
1421 1804 1489 1840 τοῦ
1519 1798 1664 1853 πατρὸς
1693 1802 1908 1853 παρουσίαν

403 1864 540 1916 αὐτοῦ,
584 1867 678 1907 9ἐπὶ
704 1865 746 1907 τὸ
778 1865 1195 1919 ἀνακεφαλαιώσασθαι
1224 1866 1271 1907 τοὶ
1300 1865 1425 1908 πάντα
1453 1869 1519 1908 καὶ
1548 1865 1758 1919 ἀναστῆσαι
1781 1871 1908 1908 πᾶσαν

403 1932 525 1988 σάρκα
555 1933 679 1987 πάσης
703 1932 1025 1988 ἀνθρωπότητος,
1066 1936 1131 1975 ἵνα
1160 1938 1313 1992 Χριστῷ
1337 1932 1462 1988 Ἰησοῦ
1486 1939 1540 1991 τῷ
1563 1937 1684 1990 κυρίῳ
1708 1932 1820 1987 ἡμῶν
1842 1936 1905 1976 καὶ

401 2006 480 2058 θεῷ
499 2002 564 2043 καὶ
585 2006 727 2056 σωτῆρι
744 2003 807 2042 καὶ
829 2004 977 2054 βασιλεῖ
990 2001 1087 2042 κατά
1107 2001 1176 2055 την
1199 2001 1378 2044 εὐδοκίαν
1397 2007 1466 2043 τοῦ
1486 2000 1631 2056 πατρὸς
1648 2006 1718 2043 τοῦ
1739 2000 1906 2057 ἀοράτου

402 2073 479 2110 πᾶν
495 2068 588 2124 γόνυ
609 2068 748 2127 κάμψῃ
768 2071 1008 2123 ἐπουρανίων
1032 2071 1097 2110 καὶ
1118 2072 1295 2125 ἐπιγείων
1320 2071 1385 2112 καὶ
1407 2072 1688 2123 καταχθονίων,
1718 2071 1781 2111 καὶ
1802 2075 1907 2111 πᾶσα

403 2141 552 2192 γλῶσσα
574 2136 894 2191 ἐξομολογήσηται
917 2135 1042 2193 αὐτῷ,
1072 2139 1134 2178 καὶ
1156 2140 1280 2192 κρίσιν
1300 2140 1452 2179 δικαίαν
1474 2138 1514 2179 ἐν
1533 2142 1615 2185 τοῖς
1635 2140 1727 2178 πᾶσι
1748 2137 1906 2191 ποιήση-

404 2223 484 2255 ται,
525 2203 570 2246 τά
596 2205 662 2258 μὲν
687 2203 925 2257 πνευματικοὶ
946 2208 1014 2257 τῆς
1037 2208 1224 2259 πονηρίας
1248 2206 1313 2246 καὶ
1337 2204 1537 2260 ἀγγέλους,
1576 2203 1665 2253 τούς
1689 2208 1905 2259 παραβεβη-

405 2272 518 2321 κότας
543 2274 607 2314 καὶ
632 2274 670 2314 ἐν
693 2271 907 2329 ἀποστασία
932 2271 1151 2327 γεγονότας,
1194 2274 1259 2314 καὶ
1283 2271 1374 2322 τούς
1399 2271 1548 2326 ἀσεβεῖς
1570 2273 1634 2313 καὶ
1661 2271 1820 2321 ἀδίκους
1843 2274 1906 2314 καὶ

406 2339 578 2394 ἀνόμους
606 2341 670 2381 καὶ
693 2339 945 2393 βλασφήμους
973 2343 1047 2381 τῶν
1074 2339 1297 2394 ἀνθρώπων
1327 2342 1380 2389 εἰς
1407 2340 1449 2382 τό
1476 2339 1634 2382 αἰώνιον
1657 2343 1732 2395 πῦρ
1757 2341 1908 2397 πέμψῃ,

406 2414 485 2458 τοῖς
514 2409 555 2450 δὲ
583 2410 742 2457 δικαίοις
770 2409 836 2449 καὶ
865 2405 1003 2457 ὁσίοις,
1044 2409 1109 2448 καὶ
1138 2407 1206 2457 τάς
1235 2407 1389 2456 ἐντολάς
1417 2406 1539 2450 αὐτοῦ
1560 2406 1804 2462 τετηρηκόσι,
1843 2409 1909 2448 καὶ

408 2477 448 2518 ἐν
469 2478 514 2533 τῇ
536 2474 666 2534 ἀγάπῃ
689 2474 810 2517 αὐτοῦ
828 2474 1133 2528 διαμεμενηκόσι,
1163 2482 1243 2524 τοῖς
1263 2474 1327 2517 ἀπ’
1351 2474 1483 2530 ἀρχῆς,
1511 2482 1592 2524 τοῖς
1619 2475 1716 2516 Ῑθδὲ
1737 2476 1779 2516 ἐκ
1800 2491 1909 2527 μετα-

409 2547 524 2595 νοίας,
551 2543 650 2597 ζωήν
667 2542 917 2598 χαρισάμενος
935 2541 1162 2598 ἀφθαρσίαν
1180 2542 1397 2599 δωρήσηται
1413 2545 1480 2586 καὶ
1498 2543 1613 2593 δόξαν
1629 2544 1789 2585 αἰωνίαν
1805 2559 1908 2597 περι-

408 2610 563 2668 ποιήσῃ.

452 2738 500 2771 11.
525 2737 681 2782 σωματίῳ
699 2740 806 2779 scripsi
819 2746 887 2770 cum
901 2738 1022 2769 Grabio.
1046 2738 1130 2769 Libri
1218 2738 1249 2770 2.
1273 2737 1369 2781 λείπη
1394 2740 1458 2771 cod.
1480 2740 1549 2770 Ven.

407 2785 514 2815 habent
540 2782 725 2827 σωματείῳ.
1223 2782 1254 2815 3.
1277 2785 1325 2815 lca
1351 2785 1414 2815 cod.
1439 2785 1529 2822 Ven.,
1557 2785 1734 2823 conspirans
1757 2794 1825 2816 cum
1849 2786 1909 2817 Vct.

453 2830 527 2859 Cn.
546 2828 689 2860 XXXII.
708 2846 750 2852 —
772 2829 798 2859 1.
817 2824 957 2868 Ἐπειδὴ
980 2824 1017 2860 δὲ
1037 2829 1134 2859 conie-
1179 2830 1340 2868 Interprete
1360 2831 1411 2869 qui
1429 2829 1515 2860 habet
1533 2827 1686 2871 ipsorum.
1717 2830 1812 2869 Vulgo
1830 2832 1909 2862 enim

409 2876 446 2905 cit
466 2874 592 2913 Billius,
619 2869 717 2905 Ἐπεὶ
739 2871 780 2913 δὴ
806 2875 853 2904 vel
875 2868 972 2904 Ἐπεὶ
995 2869 1030 2905 δὲ
1056 2874 1133 2903 Gra·
1181 2877 1263 2904 extat
1287 2869 1395 2907 αὐτὸν.

408 2921 474 2949 hius
497 2922 522 2949 et
545 2920 722 2950 Massuetus.
779 2920 838 2950 Vet.
862 2919 1007 2956 Interpres
1029 2917 1134 2948 habet:
1223 2915 1256 2949 4.
1277 2920 1324 2950 Ita
1345 2919 1555 2957 corrigendum
1577 2921 1641 2950 erat
1661 2920 1827 2950 secundum
1848 2921 1909 2951 Vet.

410 2963 568 3002 Quoniam
591 2969 697 2995 autem
721 2973 834 2994 scenae
855 2961 929 2994 huic
952 2961 1043 2992 deest
1071 2965 1133 2992 cett.
1178 2963 1316 3002 Inter-pr„
1335 2967 1361 2995 et
1378 2964 1442 2995 cod.
1460 2964 1541 3003 Ven.,
1561 2966 1613 3003 qui
1631 2964 1717 2995 habet
1736 2962 1912 3006 ἐπενέγκει.
