2034 3267
462 200 635 232 PANARn
662 201 743 232 ΜΒ.
763 202 785 232 1.
809 201 914 233 Tou.
932 201 971 234 n.
998 201 1124 233 HAER.
1146 202 1277 233 xxxi.
1548 193 1628 234 369

114 279 267 334 figurari
295 286 331 319 et
354 279 592 319 manifestum
614 280 709 319 fieri.
772 277 882 333 Quod
907 278 1049 320 Paulus
1071 280 1152 335 ipse
1174 287 1351 321 testatur.
1413 283 1537 328 Omne,
1571 280 1629 320 in-
1648 287 1720 325 Eph.
1731 289 1758 324 ⁵,
1772 289 1810 316 1³.

116 347 218 401 quit,
252 349 350 399 quod
372 349 630 399 manifestatur
657 350 774 386 lumen
800 356 866 387 est.
931 347 1061 401 Quare
1086 363 1168 388 cum
1192 347 1394 388 Hominem
1419 355 1531 403 atque
1553 346 1630 389 Ec-

115 414 269 455 clesiam
298 413 387 454 Vita
412 415 636 467 patefecerit
659 429 704 455 ae
727 416 927 468 genuerit,
970 415 1106 455 merito
1132 417 1349 456 eorumdem
1373 417 1441 457 lux
1465 429 1551 458 esse
1575 416 1630 457 di-

115 483 226 522 citur.
281 480 472 536 Quocirca
497 483 696 537 perspicue
718 481 886 522 Ioannes
910 482 967 521 his
993 483 1120 522 verbis
1143 497 1225 523 cum
1252 483 1339 534 alia,
1374 491 1450 524 tum
1469 484 1630 524 alterum

112 550 400 603 quaternionem
424 551 586 604 aperuit,
613 549 784 590 Verbum
805 556 843 589 et
864 547 1010 600 Vitam,
1038 549 1241 590 Hominem
1264 558 1375 604 atque
1396 550 1626 592 Ecclesiam.

110 616 197 658 Nec
220 617 343 657 minus
365 625 488 658 tamen
511 618 678 672 priorem
700 616 991 671 quaternionem
1014 617 1171 657 indicat.
1234 616 1331 658 Cum
1355 619 1455 659 enim
1477 620 1521 659 de
1545 617 1633 660 Sal-

113 692 244 726 vatore
268 685 444 736 disserit,
479 685 680 739 omniaque
705 697 801 738 quae
825 692 934 723 extra
960 683 1136 724 Pleroma
1159 685 1313 725 suntab
1336 686 1417 739 ipso
1440 700 1528 727 esse
1555 688 1633 727 sor-

111 761 211 794 mata
227 754 373 806 scribit,
398 753 514 794 totius
535 753 636 793 illum
654 750 885 792 Pleromatis
907 752 1071 792 fructum
1093 766 1180 792 esse
1202 760 1491 794 commonstrat.
1529 753 1632 795 Nam

111 821 213 862 illum
241 822 361 862 lucem
387 835 472 862 esse
497 820 616 870 dixit,
650 833 744 873 quae
769 819 870 859 lucet
892 818 930 858 in
953 820 1145 870 tenebris,
1179 834 1250 860 nee
1275 821 1320 860 ab
1341 821 1434 876 ipsis
1458 835 1633 876 compre-

111 890 311 940 henditur,
355 904 400 930 eo
428 889 526 943 quod
551 902 634 928 eum
661 887 811 937 omnia,
854 901 950 941 quae
978 901 1029 928 ex
1055 889 1311 929 commotione
1338 897 1462 929 ortum
1491 889 1633 930 habue-

111 965 218 1007 rant,
263 956 561 1012 composuisset,
605 954 651 994 ab
676 955 749 994 illis
774 968 1012 1009 nequaquam
1036 963 1095 996 est
1120 955 1288 1010 agnitus.
1351 954 1429 997 Sed
1456 964 1494 997 et
1517 957 1632 997 filium

111 1026 272 1066 eundem
291 1039 335 1065 ac
357 1023 590 1073 Veritatem,
625 1029 663 1063 et
686 1021 813 1063 Vitam
839 1029 876 1062 et
900 1021 1071 1063 Verbum
1097 1024 1195 1077 quod
1217 1038 1306 1064 caro
1330 1025 1469 1064 factum
1495 1024 1547 1064 sit
1569 1039 1634 1079 ap-

113 1093 240 1147 pellat.
304 1095 428 1139 Cuc‘us,
456 1091 592 1145 inquit,
618 1093 780 1143 gloriam
802 1094 979 1130 vidimus:
1013 1099 1165 1144 eratque
1180 1094 1306 1143 gloria
1328 1096 1406 1131 ee'zcs
1425 1095 1536 1144 quasi
1553 1096 1635 1131 wzz‘-

109 1164 232 1212 geniti
251 1163 362 1199 eidem
387 1174 409 1198 a
433 1162 544 1198 Patre
570 1174 741 1198 concessa
753 1190 763 1207 ,
802 1162 914 1211 plena
935 1163 1086 1211 gratiae
1113 1167 1152 1198 et
1176 1164 1355 1199 veritatis.
1419 1159 1505 1200 Hoc
1534 1160 1635 1200 euim

112 1229 221 1269 modo
245 1227 400 1268 scribit:
442 1230 494 1266 Ec
518 1228 672 1266 Verbum
697 1242 785 1266 earo
801 1229 949 1281 saelum
974 1235 1048 1275 est,
1092 1236 1131 1266 et
1153 1229 1334 1267 habitavit
1363 1231 1400 1268 in
1426 1231 1551 1277 nobis,
1596 1238 1834 1280 etloann.1‚14·

112 1300 263 1336 vidimus
282 1298 444 1347 gloriam
465 1298 563 1342 eius,
594 1298 756 1346 gloriam
780 1299 891 1347 quasi
909 1298 1095 1347 mzegene'le'
1112 1310 1133 1334 α
1155 1299 1285 1343 Patre,
1316 1299 1464 1348 plenum
1483 1301 1634 1349 gratiae

111 1372 149 1403 et
167 1367 344 1403 veritatis.
403 1361 490 1416 Quo
513 1364 550 1403 in
573 1363 657 1403 loco
681 1363 841 1417 primum
866 1363 1157 1418 quaternionem
1180 1364 1468 1405 accuratissime
1489 1365 1633 1406 descri-

112 1431 206 1486 psit,
240 1445 324 1472 cum
347 1429 501 1472 Patrem
523 1431 756 1481 nominavit,
789 1439 826 1471 et
849 1430 1045 1480 Gratiam,
1080 1438 1119 1471 et
1146 1429 1415 1485 Unigenitum,
1450 1446 1495 1473 ac
1520 1431 1634 1474 Veri-

112 1506 242 1540 tatem.
305 1497 363 1540 lta
391 1499 500 1554 plane
530 1497 719 1539 lohannes
747 1499 792 1539 de
819 1499 962 1553 prima,
997 1499 1168 1553 adeoque
1194 1507 1314 1540 matre
1338 1500 1506 1540 omnium
1527 1501 1633 1541 Aeo-

111 1581 199 1607 num
223 1565 408 1622 Ogdoade
429 1567 579 1608 locutus
604 1575 677 1607 est.
741 1565 842 1607 Istos
866 1567 967 1607 enim
990 1567 1212 1607 nominatim
1235 1567 1424 1622 concepit,
1458 1566 1630 1619 Patrem,

112 1633 305 1686 Gratiam,
339 1633 576 1690 Unigenam,
610 1633 846 1685 Veritatem,
881 1633 1077 1686 Verbum,
1111 1633 1265 1686 Vitam,
1301 1634 1521 1687 Hominem,
1557 1634 1633 1676 Ec-

112 1702 281 1743 clesiam.

219 1769 354 1822 Vides,
382 1771 596 1822 carissime,
625 1777 744 1810 artem
768 1769 868 1810 illam
894 1784 936 1811 ac
962 1770 1148 1821 fraudem,
1178 1785 1249 1825 qua
1273 1771 1521 1826 sibimetipsis
1543 1771 1628 1812 illu·
1677 1782 1754 1825 Cap.

110 1838 201 1878 dunt
221 1838 418 1889 haeretiei,
443 1839 531 1879 dum
550 1839 671 1879 sacris
690 1837 810 1878 literis
833 1852 899 1892 per
922 1838 1149 1879 calumniam
1171 1839 1393 1889 abutuntur,
1416 1846 1456 1879 ut
1478 1853 1529 1880 ex
1548 1839 1632 1880 illa·
1655 1828 1773 1860 XXX·

111 1920 192 1946 rum
214 1907 432 1947 testimonio
458 1907 593 1947 fabulis
616 1906 694 1946 suis
716 1906 860 1960 pondus
887 1913 924 1946 et
945 1907 1188 1947 autoritatem
1215 1907 1436 1947 concilient.
1490 1905 1633 1960 Quam-

111 1974 239 2015 obrem
263 1975 437 2016 consulto
463 1976 612 2015 illorum
637 1974 675 2014 in
702 1975 864 2014 medium
893 1975 1009 2015 verba
1035 1975 1195 2029 protuli,
1243 1982 1283 2015 ut
1307 1975 1506 2015 mirificum
1529 1975 1632 2030 ipso—

111 2057 193 2083 rum
227 2043 440 2084 calliditatis
471 2042 669 2083 artificium
703 2049 815 2096 atque
847 2042 990 2082 erroris
1023 2042 1250 2098 pravitatem
1282 2042 1629 2085 animadverteres.

110 2108 279 2151 Primum
304 2111 429 2162 enim,
463 2111 494 2151 si
521 2109 680 2151 lolianni
705 2123 919 2165 supremam
943 2110 1045 2150 illam
1069 2108 1294 2165 Ogdoadem
1321 2111 1517 2152 declarare
1545 2126 1632 2166 pro-

111 2179 273 2233 positum
302 2179 458 2230 fuisset,
504 2178 780 2234 procreationis
806 2179 976 2219 ordinem
1003 2186 1200 2229 servaret,
1247 2193 1291 2219 ac
1315 2179 1482 2233 priorem
1509 2179 1628 2230 illum,

112 2246 163 2287 uti
185 2254 378 2298 asserunt,
412 2247 798 2301 augustissimumque
824 2244 1127 2299 Quaternionem
1150 2247 1187 2286 in
1210 2248 1330 2301 prima
1352 2246 1546 2287 nominum
1568 2261 1630 2287 se—

111 2316 167 2356 rie
191 2315 418 2366 collocaret,
462 2322 539 2355 tum
562 2315 771 2355 secuudum
794 2315 1024 2366 subiiceret,
1068 2322 1108 2355 ut
1135 2329 1203 2369 per
1226 2315 1498 2355 vocabulorum
1526 2313 1630 2354 ordi-

113 2398 197 2424 nem
226 2380 421 2437 Ogdoadis
449 2383 542 2423 ordo
572 2383 923 2433 demonstraretur,
970 2396 1094 2437 neque
1122 2389 1228 2423 tanto
1255 2382 1481 2434 intervallo,
1526 2383 1632 2423 velut

113 2451 251 2492 oblitus
278 2465 321 2492 ac
349 2451 473 2491 denuo
499 2451 746 2501 recordatus,
792 2448 1096 2504 Quaterniouem
1122 2450 1284 2505 primum
1310 2450 1482 2491 ultimum
1511 2450 1549 2490 in
1577 2450 1634 2490 lo-

113 2534 196 2560 cum
229 2519 451 2560 coniiceret.
520 2517 669 2559 Deinde
700 2518 731 2558 si
768 2518 1029 2573 coniugiorum
1066 2518 1299 2559 mentionem
1335 2518 1462 2558 facere
1495 2518 1628 2569 vellet,

115 2601 304 2642 nunquam
337 2585 536 2626 Ecclesiae
569 2599 708 2626 nomeu
741 2587 1078 2640 praetermitteret.
1143 2584 1222 2627 Sed
1255 2586 1316 2625 vel
1346 2586 1486 2626 ceteris
1514 2585 1628 2626 etiam

114 2654 151 2693 in
174 2655 326 2709 paribus
349 2654 597 2694 recensendis
620 2653 726 2694 solos
749 2654 934 2695 duntaxat
954 2668 1080 2695 mares
1109 2653 1359 2703 nominasset,
1395 2667 1479 2694 cum
1503 2660 1540 2694 et
1561 2653 1633 2708 ipsi

116 2721 289 2763 similiter
313 2736 388 2763 una
413 2722 572 2776 intelligi
594 2721 764 2777 possint,
798 2729 836 2762 ut
859 2721 898 2763 in
921 2722 1097 2763 omnibus
1117 2721 1403 2763 similitudinem
1426 2721 1634 2776 aequalita-

161 2821 190 2855 3.
217 2821 413 2866 ἐτετηρήκει
435 2825 500 2857 cod.
524 2825 619 2856 Vatic.
895 2827 971 2857 neto.
1020 2826 1115 2865 Vulgo
1139 2827 1220 2856 extat
1241 2820 1439 2867 ἐπεζεύγβη,

161 2864 195 2898 4.
217 2869 404 2913 προσβολῆς
426 2871 474 2902 εά.
495 2871 593 2909 princ.
940 2869 971 2903 7.
997 2868 1213 2913 δειχῖἤσεται
1236 2870 1303 2901 cod.
1326 2870 1396 2900 Ven.

162 2911 192 2943 5.
215 2911 274 2955 τήν
299 2924 357 2946 om.
380 2916 446 2946 cod.
472 2916 543 2946 Ven.
941 2914 972 2947 ὅ.
997 2915 1060 2955 τῆς
1083 2915 1193 2946 addidi
1215 2923 1252 2945 ex
1272 2915 1338 2946 cod.
1363 2914 1432 2945 Ven.

161 2953 193 2988 6.
217 2958 264 2990 lta
294 2961 506 2999 corrigendum
536 2961 659 3000 putavit
690 2960 754 2990 iam
783 2959 854 2991 olim
943 2957 976 2992 9.
999 2955 1083 2993 ἀλλὰ
1109 2958 1166 2993 καὶ
1189 2960 1255 2991 cod.
1279 2960 1350 2991 Ven.

121 3002 268 3042 Grabius,
292 3007 319 3035 et
340 3013 393 3044 29⁰
413 3014 495 3037 nunc
515 3007 633 3045 corrigo
653 3013 690 3036 ez
710 3004 777 3036 cod.
800 3004 855 3036 Ve-

187 3054 300 3092 Corpus
319 3056 495 3086 Haereseol.
515 3058 552 3086 u.
1309 3065 1359 3103 24
