2034 3267
184 1369 249 1396 pag.
271 1360 326 1386 132.

337 200 416 239 25ss
895 194 1054 226 SANCTI
1078 194 1298 225 EPIPHANH

336 281 415 335 θὴλ
445 281 510 322 καὶ
534 276 703 330 Ἐφραῒμ
729 273 793 314 ἐπὶ
816 269 886 324 τὴν
908 268 1062 324 ὀρεινήν
1086 267 1325 325 ἀνερχομένῳ
1350 268 1427 312 ἀπὸ
1450 276 1518 325 τῆς
1538 270 1743 327 Ἱεριχοῦς,
1782 271 1848 311 καὶ

336 345 598 400 ἀντιβάλλοντι
619 339 718 395 πρὸς
742 336 861 380 αὐτὸν
883 338 971 391 περὶ
992 340 1060 389 τῆς
1082 341 1152 377 τοῦ
1177 340 1347 390 Χριστοῦ
1368 341 1601 391 παρουσίας,
1642 340 1707 380 καὶ
1727 335 1847 379 αὐτοῦ

337 415 390 468 μὴ
413 411 680 464 ἀντιλέγοντος.
743 404 985 458 Θαυμάζοντι
1009 404 1050 444 δέ
1073 421 1159 456 μοι,
1189 404 1255 444 καὶ
1279 404 1467 457 ἐρωτῶντι
1489 403 1607 446 αὐτόν
1629 405 1699 458 τὴν
1722 407 1848 446 αἰτίαν

340 477 402 533 (ἦν
422 477 494 533 γάρ
517 477 582 518 καὶ
601 472 835 528 νομομαθής
851 473 916 514 καὶ
937 470 1152 523 δυνάμενος
1171 468 1387 524 ἀντιλέγειν)
1407 472 1510 518 τίνος
1528 471 1636 525 χάριν
1657 471 1729 514 οὐκ
1750 471 1848 513 (ἐντι-

335 549 453 601 λέγει,
495 542 586 585 ἀλλά
612 544 789 583 πείθεται
812 541 899 594 περὶ
927 542 1097 593 Χριστοῦ
1118 536 1243 590 Ἰησοῦ
1270 542 1339 579 τοῦ
1363 540 1500 591 κυρίου
1528 536 1655 590 ἡμῶν,
1696 538 1851 581 ἀκούων

337 612 384 655 τοὶ
406 616 585 660 τοσαῦτα,
616 607 843 659 ἀπεκάλυψέ
865 624 931 659 μοι
953 607 1017 647 καὶ
1036 600 1151 654 οὗτος
1173 603 1227 653 ὥς
1247 606 1390 658 μέλλων
1408 609 1583 645 τελευτᾶν
1600 604 1741 657 ἤκουσε
1761 603 1851 659 παρ’

338 679 466 723 αὐτῶν
489 680 543 727 εἷς
565 676 687 730 ἀκοὴν
710 674 824 717 αἰτίου
848 676 888 716 ἐν
908 677 1139 729 ψιθυρισμῷ
1161 672 1240 722 ὅτι,
1278 670 1427 724 Ἰησοῦς
1451 670 1619 726 Χριστὸς
1639 670 1662 713 o‘
1683 686 1851 726 σταυρω-

338 749 424 796 θεὶς
443 746 529 795 υἱός
547 750 617 787 τοῦ
637 748 736 785 θεοῦ
757 743 879 795 μέλλει
897 755 939 782 σε
959 743 1112 794 κρίνειν.
1168 738 1277 780 ’Λλλά
1296 737 1415 779 ταῦτα
1436 756 1502 791 μοι
1521 739 1608 792 περὶ
1625 737 1772 780 τούτων
1787 741 1854 780 καὶ

339 814 436 858 κατά
465 818 604 855 τοῦτον
633 811 699 853 τὸν
728 809 842 864 λόγον
867 810 1040 851 ἐνταῦθα
1071 824 1136 860 μοι
1165 808 1203 856 ἐξ
1226 805 1416 859 ἀληθινῆς
1444 804 1566 859 ἀκοῆς
1589 809 1852 860 παρακείσθω.

439 949 526 990 ’Έτι
549 948 589 989 δὲ
612 945 634 988 ὅ
653 944 839 998 Ἰώσηπος
861 945 901 985 ἐν
923 941 1024 999 νόσῳ
1048 937 1117 994 ἧν,
1148 943 1215 983 καὶ
1238 940 1408 989 ἀκούσας
1431 939 1535 995 παρά
1559 944 1627 982 τοῦ
1652 942 1856 996 πρεσβυτέ-

342 1035 434 1073 ρον,
466 1015 518 1065 ὥς
539 1020 744 1070 προεῖπον,
775 1011 867 1065 μετὰ
886 1015 962 1052 τῶν
984 1008 1103 1051 ἄλλων
1123 1009 1192 1060 ὅτι,
1219 1007 1368 1061 Ἰησοῦς
1393 1007 1561 1062 Χριστός
1581 1024 1620 1049 σε
1639 1014 1774 1063 κρινεῖ,
1804 1010 1859 1049 ἔτι

344 1083 603 1138 ἐσκληρύνετο.
659 1079 702 1121 Ὁ
733 1080 774 1120 δὲ
802 1078 938 1133 κύριος
966 1077 1080 1118 πάλιν
1111 1075 1211 1130 πρὸς
1233 1075 1351 1117 αὐτόν
1373 1074 1469 1116 κατά
1492 1074 1561 1128 τήν
1583 1074 1704 1117 αὐτοῦ
1726 1081 1857 1126 φιλαν-

342 1154 526 1207 θρωπίαν
546 1147 594 1191 δι’
616 1147 810 1202 ὁράματος
830 1147 1026 1194 ἐνυπνίου,
1054 1142 1167 1194 Ἰδού,
1191 1145 1324 1197 φησὶν,
1356 1145 1472 1196 ἰῶμαί
1495 1158 1548 1193 σε,
1579 1141 1670 1183 ἀλλά
1693 1141 1859 1191 ἀναστάς

345 1223 507 1261 πίστευε.
550 1213 734 1263 Ἀναστάς
756 1214 796 1255 δὲ
815 1213 928 1254 πάλιν
945 1211 1023 1252 ἀπὸ
1042 1216 1110 1263 τῆς
1130 1210 1248 1251 νόσου
1268 1209 1339 1251 οὐκ
1360 1212 1586 1251 ἐπίστευσεν.
1630 1208 1860 1264 Ὑγιαίνοντι

346 1288 387 1329 δὲ
409 1284 512 1342 αὐτῷ
531 1286 708 1335 φαίνεται
728 1279 750 1322 ὁ
769 1280 905 1333 κύριος
923 1278 1038 1319 πάλιν
1054 1276 1135 1318 κατ’
1155 1276 1264 1329 ὄναρ,
1289 1279 1458 1331 ἐγκαλῶν
1478 1276 1580 1333 αὐτῷ
1598 1275 1646 1318 δι’
1666 1277 1715 1330 ἢν
1735 1279 1860 1318 αἰτίαν

348 1353 419 1396 οὐκ
443 1355 671 1394 ἐπίστευσεν.
728 1346 1015 1401 Ἐπαγγέλλεται
1035 1345 1075 1385 δὲ
1096 1343 1199 1400 αὐτῷ
1222 1345 1341 1398 λέγων
1363 1342 1385 1384 ὁ
1410 1343 1545 1397 κύριος
1565 1343 1641 1396 ὅτι,
1673 1347 1747 1393 Εἰς
1766 1349 1858 1397 πλη-

349 1423 541 1476 ροφορίαν
565 1420 727 1463 πίστεως
753 1416 843 1455 εἴτι
865 1411 998 1467 βούλει
1022 1413 1062 1453 ἐν
1087 1410 1249 1464 ὀνόματί
1271 1428 1343 1464 μου
1366 1410 1598 1463 θεοσήμειον
1621 1412 1861 1466 ἐργάσασθαι

348 1486 591 1535 ἐπικάλεσαι,
631 1481 737 1537 κάγώ
769 1480 930 1533 ποιήσω.
989 1478 1242 1531 Μαινόμενος
1272 1479 1313 1519 δέ
1341 1496 1398 1526 τις
1427 1473 1475 1532 ἦν
1504 1479 1545 1519 ἐν
1572 1483 1618 1535 τῇ
1649 1477 1777 1529 πόλει,
1817 1478 1861 1526 ὃς

347 1553 493 1612 γυμνός
514 1551 583 1605 τήν
606 1550 715 1592 πόλιν
741 1547 907 1605 περιῄει,
950 1548 1050 1600 φημὶ
1076 1547 1117 1588 δὲ
1144 1547 1183 1588 ἐν
1214 1545 1427 1600 Τιβεριάδι,
1468 1546 1534 1587 καὶ
1559 1544 1741 1594 πολλάκις
1763 1547 1861 1587 ἐνδι·

350 1621 587 1673 δυσκόμενος
608 1617 677 1671 τήν
700 1619 846 1669 ἐσθῆτα
870 1614 1137 1670 διερρήγνυεν,
1179 1612 1230 1662 ὥς
1253 1615 1346 1661 ἔθος
1368 1619 1447 1661 τοῖς
1468 1611 1669 1660 τοιούτοις.
1725 1611 1768 1653 Ὁ
1792 1609 1863 1654 οὖν

346 1681 531 1741 Ἰώσηπος
549 1684 785 1740 βουλόμενος
806 1685 845 1724 ἐν
864 1686 976 1739 πείρᾳ
997 1683 1175 1737 γενέσθαι
1195 1686 1263 1723 τοῦ
1287 1678 1498 1735 ὁράματος,
1530 1679 1715 1729 διστάζων
1736 1680 1776 1721 δὲ
1795 1682 1862 1731 ἔτι,

351 1760 457 1799 αἰδοῖ
473 1758 671 1807 κατείχετο.
724 1750 1027 1805 Παραλαμβάνει
1046 1754 1140 1804 γοῦν
1160 1753 1296 1790 τοῦτον
1315 1749 1437 1797 ἔνδον,
1459 1749 1523 1788 καὶ
1545 1746 1776 1796 ἀποκλείσας
1793 1746 1864 1800 τήν

350 1823 501 1878 θύραν,
532 1823 637 1874 ὕδωρ
658 1836 696 1860 τε
717 1818 845 1871 λαβών
868 1819 922 1866 εἰς
938 1816 1009 1870 τήν
1031 1823 1156 1870 χεῖρα,
1186 1817 1253 1857 καὶ
1275 1819 1489 1870 σφραγίσας
1518 1813 1639 1856 ῑαῦτὸ
1654 1848 1663 1865 ,
1695 1814 1865 1870 ἐρράντι-

351 1906 416 1933 σεν
440 1891 503 1932 ἐπὶ
525 1887 591 1930 τόν
613 1889 760 1940 ἐμμανῆ
781 1884 1015 1940 ἄνθρωπον,
1047 1884 1194 1936 φήσας,
1222 1881 1286 1924 Ἐν
1311 1881 1466 1936 ὀνόματι
1489 1887 1557 1923 τοῦ
1577 1880 1704 1935 Ἰησοῦ
1727 1887 1862 1932 Ναζω-

353 1961 465 2014 ραίου
485 1961 553 1998 τοῦ
576 1954 868 2008 σταυρωθέντος
889 1954 1017 2001 ἔξελθε
1038 1950 1080 1992 τὸ
1106 1950 1308 2003 δαιμόνιον
1328 1949 1392 1991 ἀπ’
1414 1948 1553 1999 αὐτοῦ,
1583 1951 1649 1991 καὶ
1674 1947 1785 2004 ύγιὴς
1805 1951 1865 2004 γε’-

353 2043 475 2079 νηται.
531 2021 574 2064 Ὁ
604 2023 645 2063 δὲ
672 2021 884 2073 ἅνθρωπος
906 2018 1123 2073 ἀνακράξας
1153 2020 1249 2073 μέγα
1277 2019 1343 2059 καὶ
1368 2018 1484 2071 χαμαὶ
1505 2016 1656 2067 πεσών,
1699 2015 1867 2071 ἀφρίσας

354 2091 473 2134 πολλοὶ
491 2092 556 2132 καὶ
574 2089 826 2144 σπαραχθεὶς,
849 2088 970 2139 ἔμεινε
989 2085 1132 2138 πολλὴν
1154 2086 1258 2138 ὤραν
1279 2083 1470 2138 ἀκίνητος.
1507 2082 1694 2137 Ἰώσηπος
1713 2085 1754 2126 δὲ
1775 2082 1865 2125 ὖπε-

355 2159 469 2213 νόησε
488 2157 556 2200 τὸν
573 2156 787 2212 ἄνθρωπον
806 2152 1008 2195 τεθνάναι·
1035 2150 1056 2194 o‘
1077 2154 1117 2194 δὲ
1135 2152 1226 2206 μετά
1246 2152 1350 2207 ὤραν
1367 2151 1668 2206 διατριψάμενος
1687 2151 1729 2192 τὸ
1748 2151 1864 2204 πρός-

357 2245 464 2269 ωπον
493 2224 651 2278 ἀνέστη,
695 2223 791 2264 2καὶ
815 2219 1013 2274 θεώμενος
1042 2219 1111 2272 τὴν
1142 2222 1243 2261 ἰδίαν
1267 2219 1459 2275 γύμνωσιν
1489 2217 1625 2260 ἑαυτὸν
1659 2220 1866 2273 3ἕκρυπτε,

357 2297 420 2336 καὶ
444 2293 512 2342 τάς
534 2298 661 2347 χεῖρας
682 2292 746 2332 ἐπὶ
768 2294 813 2347 τῇ
838 2287 995 2345 αἰσχύνῃ
1021 2288 1207 2340 ἐπετίθει,
1246 2289 1380 2341 μηκέτι
1401 2288 1531 2341 φέρων
1557 2288 1652 2327 ι’δεῖν
1672 2285 1742 2339 τὴν
1766 2288 1868 2327 ἰδίαν

357 2361 562 2416 γύμνωσιν.
618 2357 784 2412 Ἱμάτιον
807 2357 848 2397 δὲ
871 2353 958 2410 παρ’
983 2352 1102 2395 αὐτοῦ
1125 2359 1192 2396 τοῦ
1212 2353 1420 2408 Ἰωσήπου,
1462 2355 1500 2402 ἐξ
1524 2348 1577 2394 ὧν
1604 2351 1718 2406 εἶχεν,
1759 2355 1867 2394 ἐνδυ-

357 2430 465 2479 θεὶς,
506 2429 559 2475 εἰς
581 2425 813 2467 κατάστασιν
835 2424 1021 2470 συνέσεως
1042 2423 1107 2462 καὶ
1131 2426 1406 2478 σωφρονισμοῦ
1430 2419 1576 2471 ἐλθών,
1614 2425 1666 2477 τῷ
1691 2435 1729 2460 τε
1755 2418 1869 2474 ἀνδρὶ

359 2493 478 2537 πολλοὶ
499 2492 770 2548 εὐχαριστήσας
791 2492 858 2533 καὶ
878 2494 980 2546 θεῷ,
1021 2487 1137 2543 γνούς
1159 2489 1218 2531 ὅτι
1239 2488 1286 2530 δι’
1311 2488 1431 2531 αὐτοῦ
1453 2491 1556 2541 ἔτυχε
1576 2492 1645 2540 τῆς
1664 2490 1866 2541 σωτηρίας,

360 2564 399 2604 ἐν
419 2567 465 2619 τῇ
486 2560 591 2603 πόλει
613 2559 809 2613 διεφήμιζε
831 2557 897 2599 τὸν
918 2556 1058 2610 ἄνδρα,
1088 2558 1154 2597 καὶ
1175 2556 1342 2611 γνωστόν
1364 2558 1508 2611 ἐγένετο
1531 2561 1610 2603 τοῖς
1633 2556 1752 2596 ἐκεῖσε
1773 2553 1868 2595 Ἰου-

361 2633 484 2678 δαίοις
508 2633 617 2670 τοῦτο
642 2627 684 2669 τὸ
708 2632 876 2679 σημεῖον.
937 2622 1107 2678 Θρύλλος
1129 2624 1169 2664 δὲ
1192 2622 1312 2672 πολύς
1328 2622 1594 2676 ἠκολούθησεν
1614 2623 1653 2663 ἐν
1674 2626 1720 2679 τῇ
1746 2620 1868 2673 πόλει,

360 2698 543 2751 λεγόντων
571 2695 649 2746 ὅτι,
686 2693 879 2746 Ἰώσηπος
906 2690 952 2732 τά
976 2690 1238 2745 γαζοφυλάκια
1261 2689 1434 2741 ἀνοίξας,
1472 2691 1539 2732 καὶ
1560 2687 1683 2744 εὖρών
1708 2705 1869 2743 γεγραμ-

537 2761 597 2776 ἱθΙ

362 2764 476 2816 μένον
503 2780 544 2804 το
576 2779 699 2815 ονομα
728 2766 798 2802 τοῦ
824 2764 943 2808 θεοῦ,
982 2758 1048 2799 καὶ
1076 2755 1287 2812 ἀναγνούς,
1327 2764 1464 2811 σημεῖα
1493 2757 1634 2812 μεγάλα
1664 2755 1869 2811 ἐργάζεται.

353 2826 427 2871 ςΗν
458 2830 498 2870 δὲ
530 2828 670 2882 ἀληθὲς
698 2828 740 2870 τὸ
770 2826 835 2869 ὑπ’
865 2825 992 2868 αὐτῶν
1015 2823 1239 2880 λεγόμενον,
1282 2824 1352 2879 οὐχ
1381 2824 1434 2874 ὥς
1458 2825 1498 2866 δὲ
1528 2823 1638 2865 αὐτοὶ
1663 2821 1868 2864 ὑπενόουν.

410 2932 486 2963 CAP.
510 2932 555 2963 X.
578 2950 621 2955 —
661 2931 687 2963 1.
711 2927 791 2965 αὔτὸ
825 2931 889 2962 cod.
910 2930 1036 2968 Rhediy.
1068 2931 1094 2960 el
1184 2928 1214 2960 Q,
1241 2928 1298 2962 καὶ
1320 2925 1465 2966 ἀναστὰς
1487 2926 1544 2960 καὶ
1567 2924 1771 2969 εΔι-ῐασάμενος
1805 2927 1871 2958 cod.

362 2980 434 3011 editi
457 2979 537 3009 libri.
582 2973 619 3009 τὸ
645 2972 734 3018 ὕδωρ
758 2977 845 3007 habet
865 2975 931 3006 cod.
954 2975 1050 3005 Vatic.
1142 2975 1236 3006 Valic.
