2034 3267
450 177 627 210 PANARH
651 178 732 210 [ΑΒ.
754 180 778 210 1.
805 179 911 211 TOM.
934 180 987 211 ιιι.
1009 179 1137 211 HAER.
1158 180 1262 211 xm.
1541 172 1620 212 579

99 260 157 296 dit
173 271 278 296 secus
301 258 447 304 rubum,
477 261 577 296 sicut
593 261 686 296 dicit
701 261 893 297 Dominum
915 261 1018 297 deum
1038 260 1230 298 Abraham
1253 267 1290 297 et
1310 262 1418 298 Isaac
1438 267 1475 298 et
1493 261 1616 298 Iacob.

100 328 199 364 Deus
228 332 347 363 autem
378 332 434 363 est
462 328 644 372 vivorum,
678 341 750 365 non
780 334 1021 364 mortuorum.

212 389 344 432 LVII.
390 390 465 432 Ista
491 406 641 446 quoque
667 393 947 447 praetermisit:
983 395 1076 443 Quia
1101 408 1186 432 vero
1207 403 1409 446 resurgant
1433 399 1574 434 mortui
1589 403 1626 434 et

101 463 249 511 Moyses
267 463 438 507 ostendit,
473 463 597 499 dicens
615 464 730 499 Deum
750 462 943 499 Abraham
963 469 1000 499 et
1018 463 1132 500 Deum
1150 463 1273 508 Iacob,
1310 465 1424 501 Deum
1442 466 1618 502 vivorum.

213 594 363 636 LVIII.
406 593 501 636 Illud
522 595 679 650 Insuper
696 595 847 635 omisit:
873 598 1039 647 Capillus
1055 599 1100 635 de
1115 600 1234 647 capite
1251 605 1371 636 vestro
1388 612 1460 637 non
1473 600 1624 650 peribit.
1644 606 1715 634 Luc.
1728 606 1770 641 21,
1788 606 1827 634 18-

214 730 327 772 LIX.
374 730 516 771 Iterum
544 731 637 770 haec
661 730 893 784 amputavit:
940 734 1040 769 Tunc
1063 735 1186 782 quiin
1210 735 1347 771 Iudaea
1372 735 1630 787 suntsugiant
1647 741 1720 770 lbid.
1738 743 1779 770 21.

102 803 152 839 ad
181 808 318 839 montes
340 808 434 846 etc.‚
479 799 526 838 ob
557 812 601 838 ea
631 811 728 851 quae
757 805 994 851 sequuntur:
1039 802 1162 838 Donec
1187 809 1484 840 consummentur
1509 806 1629 841 omnia

104 882 196 920 quae
223 870 363 918 scriptu
395 874 494 905 sunt.

215 933 309 975 LX.
356 937 519 973 Locutus
549 941 606 971 est
633 947 712 971 cum
744 934 1046 984 magistratibus,
1090 938 1388 986 quemadmodum
1418 939 1522 976 illum
1554 945 1631 976 tra·
1654 946 1787 981 Cap-22,
1807 949 1830 974 4.

104 1007 206 1042 deret
235 1011 305 1042 etc.

216 1068 330 1111 LXI.
373 1072 427 1109 Et
445 1071 545 1107 dioeit
566 1071 675 1107 Petro
699 1076 736 1107 et
757 1071 931 1121 reliquis,
977 1072 1118 1109 Euntes
1137 1079 1382 1122 praeparate,
1417 1081 1460 1111 ut
1479 1076 1628 1113 mandu-
1650 1081 1723 1110 lbid.
1741 1084 1765 1111 8.

106 1153 225 1178 cemus
255 1139 409 1177 Pascha.

217 1203 352 1245 LXII.
394 1207 446 1243 Et
467 1205 657 1251 recubuit,
692 1212 730 1243 et
747 1207 934 1243 duodecim
957 1208 1119 1257 apostoli
1138 1221 1219 1246 cum
1239 1210 1327 1256 2·llo,·
1360 1216 1399 1246 et
1412 1202 1527 1256 'ditia
1562 1213 1635 1249 De·
1654 1218 1728 1247 lbid.
1744 1221 1783 1248 15.

106 1277 243 1313 siderio
273 1275 483 1312 desideravi
508 1274 576 1311 lzoc
599 1274 741 1311 Pascha
771 1275 993 1312 manducare
1022 1274 1226 1323 vobiscum,
1270 1283 1462 1328 antequam
1487 1280 1630 1328 patiar.

220 1407 373 1449 LXIII.
415 1407 628 1448 Praeterea
661 1408 755 1448 haec
781 1408 826 1448 ab
856 1423 903 1449 eo
930 1410 1102 1450 detracta
1129 1417 1239 1451 sunt:
1282 1414 1375 1450 Dico
1399 1415 1493 1451 enim
1516 1414 1632 1461 vobis,
1654 1423 1786 1454 1bid 1fl.

107 1479 192 1516 Non
223 1479 325 1515 edam
357 1478 453 1515 illud
480 1478 638 1528 amplius
668 1479 782 1515 donec
810 1479 1007 1528 impleatur
1036 1481 1072 1516 in
1102 1493 1218 1529 regno
1242 1482 1367 1530 patris
1396 1482 1478 1518 mei.

217 1542 372 1584 LXIV.
419 1542 513 1584 Item
536 1543 649 1583 illud:
685 1546 837 1594 Quando
860 1548 946 1583 misi
962 1560 1038 1592 vos,
1071 1548 1249 1598 numquid
1265 1548 1387 1599 defuit
1402 1548 1531 1586 vobis?
1559 1557 1629 1587 etc.
1657 1560 1785 1590 ibid.35.

110 1609 170 1653 Ob
195 1626 240 1651 ea
263 1626 359 1666 quae
384 1618 618 1666 sequuntur:
663 1614 714 1650 Et
736 1613 805 1650 boc
829 1620 972 1664 oportet
995 1615 1162 1665 impleri:
1206 1621 1245 1652 et
1260 1628 1341 1653 cum
1365 1617 1502 1667 iniquis
1525 1618 1636 1668 depu-

110 1687 209 1718 tatus
239 1688 306 1718 est.

221 1745 357 1787 LXV.
398 1749 566 1786 Avulsus
586 1755 644 1785 est
662 1748 708 1785 ab
729 1749 819 1794 illis,
853 1755 1028 1799 quantum
1052 1752 1171 1788 iactus
1192 1756 1251 1788 est
1269 1752 1417 1801 lapides,
1451 1759 1490 1790 et
1502 1755 1638 1803 positis
1655 1764 1731 1793 Ibid.
1746 1766 1788 1795 41.

107 1816 267 1867 genibus
297 1816 440 1853 orabat.

224 1880 379 1922 LXVI.
421 1885 472 1921 Et
501 1885 677 1929 accessit,
713 1890 753 1920 ut
781 1885 1016 1922 oscularetur
1043 1899 1144 1931 eum,
1179 1893 1217 1923 et
1242 1888 1352 1925 deicit.
1656 1902 1788 1932 1bid.4⁴1.

222 1948 398 1990 LXVII.
443 1949 596 1990 Recidit
618 1950 653 1990 id
679 1951 778 2004 quod
801 1964 821 1990 a
846 1945 966 1992 Petro
985 1959 1135 2005 gestum
1163 1959 1243 2004 est,
1278 1967 1362 1994 cum
1387 1956 1578 2009 percussit
1601 1963 1640 1997 et
1657 1969 1788 2000 Ibid.5⁰.

111 2018 322 2072 amputavit
351 2018 577 2058 auriculam.

222 2083 417 2125 LXVIII.
462 2088 514 2124 Et
533 2088 600 2137 qui
621 2087 809 2134 tenebant,
853 2089 1057 2126 illudebant
1079 2092 1289 2137 caedentes,
1335 2098 1373 2130 et
1388 2094 1636 2142 percutientes
1654 2100 1729 2129 lbid.
1747 2103 1788 2130 63.

113 2155 301 2201 dicebant,
335 2155 559 2205 Prophetiza
588 2156 670 2204 quis
700 2162 755 2192 est
783 2158 850 2206 qui
876 2163 910 2194 te
934 2159 1148 2207 percussit?

225 2219 383 2261 LXIX.
426 2219 521 2261 Post
541 2221 602 2260 illa
620 2238 628 2260 z
662 2224 771 2260 Hunc
790 2225 991 2263 invenimus
1006 2226 1273 2264 subvertentem
1290 2233 1437 2276 gentem
1456 2235 1634 2275 nostram,
1659 2239 1732 2275 Cap.
1750 2240 1792 2275 23,
1814 2239 1839 2267 2.

115 2290 278 2330 addidit:
311 2292 363 2328 Et
392 2292 636 2327 destruentem
668 2291 782 2340 legem
813 2300 852 2329 et
872 2295 1086 2344 propbetas.

224 2355 362 2397 LXX.
408 2356 522 2396 Aliud
554 2370 703 2410 quoque
734 2366 819 2412 post.
849 2359 944 2399 haec
970 2360 1111 2400 verba:
1154 2363 1208 2399 Et
1223 2362 1476 2413 prohibentem
1500 2363 1773 2404 tributa1bid.2.

115 2428 227 2472 dare,
263 2424 449 2474 subiecit,
482 2427 535 2463 Et
561 2432 782 2465 avertentem
814 2441 950 2466 uxores
978 2436 1016 2467 et
1030 2430 1154 2480 filios.

227 2491 384 2533 LXXI.
428 2495 481 2531 Et
500 2496 682 2531 venientes
700 2497 737 2532 in
760 2496 876 2534 locum
898 2499 966 2547 qui
984 2499 1122 2535 dicitur
1145 2499 1339 2536 Calvariae
1360 2500 1462 2536 locus
1475 2528 1485 2545 ,
1518 2502 1641 2538 cruci-
1659 2511 1734 2540 naid.
1748 2514 1790 2541 33.

106 2563 285 2612 fioeerunt
312 2575 414 2607 eum,
449 2568 486 2599 et
515 2563 723 2600 diviserunt
750 2566 982 2611 vestimenta,
1017 2572 1055 2603 et
1083 2565 1301 2603 obscuratus
1330 2573 1388 2603 est
1412 2567 1482 2604 sol.

229 2626 407 2668 LXXII.
453 2627 537 2667 Hoc
568 2627 746 2669 abstulit:
779 2633 897 2670 Hodie
925 2647 1061 2671 mecum
1093 2636 1167 2671 eris
1197 2636 1233 2671 in
1264 2635 1455 2672 Paradiso.
1659 2648 1790 2678 1hid.43.

231 2694 428 2736 LXXIII.
471 2699 525 2735 Et
551 2698 713 2735 clamans
744 2712 828 2736 voce
856 2713 991 2751 magna
1021 2703 1217 2752 expiravit.
1659 2716 1732 2745 [bid.
1749 2718 1790 2746 46.

231 2762 429 2804 LXXIV.
472 2766 526 2802 Et
543 2778 625 2802 ecce
646 2767 704 2802 vir
721 2768 863 2804 nomine
881 2770 1010 2820 Ioseph
1032 2771 1233 2819 depositum
1253 2782 1386 2819 corpus
1407 2771 1571 2817 involvit,
1605 2778 1643 2810 et
1657 2783 1730 2813 [Μὰ.
1749 2786 1790 2814 5⁰.

116 2835 241 2884 posuit
269 2835 306 2871 in
336 2839 564 2871 monumento
594 2834 731 2871 exciso.

231 2897 408 2940 LXXV.
451 2902 505 2938 Et
530 2907 754 2939 revertentes
784 2903 970 2942 siluerunt
996 2904 1148 2943 sabbato
1180 2906 1376 2943 secundum
1412 2908 1634 2946 mandatum.
1658 2920 1789 2950 1bi‹1.5s.

122 2992 191 3022 edit.
208 2991 305 3030 princ.
354 2992 491 3022 Ceterum
512 2991 592 3023 adde
618 2989 755 3030 σινδόνι,
779 2994 860 3031 quod
880 2995 963 3033 infra
985 2997 1142 3034 reperitur.

1276 3042 1370 3082 37*
