2034 3267
212 1985 276 2012 pag.
296 1975 336 2003 63.

349 194 423 237 134
904 200 1062 232 sANcn
1088 200 1307 232 EPJPHANH

350 285 476 336 Συρία
500 277 745 329 κατοικήσας,
776 277 971 316 τουτέστιν
988 273 1196 330 Ἀντιοχείᾳ
1217 279 1264 330 τῇ
1285 275 1384 329 πρὸς
1405 278 1584 333 Δάφνην,
1615 278 1757 332 πολλήν
1778 295 1861 319 τινα

350 350 482 401 τέχνην
500 347 565 387 καὶ
589 345 788 397 ἐμπειρίαν
808 341 957 394 πλάνης
981 346 1034 398 τῷ
1053 340 1185 398 κόσμῳ
1210 341 1489 397 παρειςήνεγκε.
1548 346 1631 387 Δύο
1658 345 1732 401 γάρ
1754 340 1861 387 οὗτοι

353 416 523 469 ἐγένοντο
545 410 815 463 συσχολασταὶ,
847 411 1072 461 Βασιλείδης
1092 425 1130 449 τε
1151 409 1218 449 καὶ
1239 413 1484 463 Σατορνῖλος.
1544 415 1620 454 Καὶ
1647 412 1669 455 o‘
1692 414 1760 466 μὲν
1783 417 1859 452 Βα-

352 482 515 530 σιλείδης
539 476 638 532 πρὸς
666 482 713 534 τῇ
735 475 924 532 Αἰγύπτῳ
947 474 1125 530 χωρήσας
1147 477 1266 517 ἐκεῖσε
1294 474 1341 516 τά
1362 477 1534 518 σκοτεινά
1558 478 1677 521 αὐτοῦ
1701 485 1769 522 τοῦ
1792 478 1862 532 βά-

353 554 456 594 θους
476 550 545 598 τῆς
566 543 713 597 πλάνης
735 542 932 598 ἐκήρυξεν.
988 540 1031 583 ‘O
1056 543 1098 584 δὲ
1119 548 1357 597 Σατορνῖλος
1379 544 1419 584 έν
1442 548 1493 600 τῷ
1515 549 1776 604 προειρημένῳ
1798 545 1860 588 τό·

354 631 415 670 πῳ
437 614 644 666 διατρίβων
665 610 810 664 ὁμοίως
834 615 887 667 τῷ
911 609 1135 667 Μενάνδρῳ
1156 609 1223 652 τόν
1247 609 1394 663 κόσμον
1418 608 1483 651 ὑπ’
1504 609 1668 665 ἀγγέλων
1687 619 1861 669 γεγεννῆ·

354 688 452 723 σθαι
471 678 735 734 κατήγγελλεν·
767 680 834 720 ἕνα
855 678 895 718 δὲ
915 675 1012 718 εἶναι
1031 678 1177 732 πατέρα
1195 676 1402 732 ἄγνωστον,
1424 676 1492 719 τόν
1510 676 1629 720 αὐτόν
1647 697 1685 721 τε
1703 698 1863 733 πεποιη-

353 749 460 790 κέναι
482 746 667 799 δυνάμεις
685 747 750 787 καὶ
769 744 888 799 ἀρχάς
907 746 973 786 καὶ
994 747 1179 795 ἐξουσίας,
1208 745 1300 793 τούς
1321 745 1361 786 δὲ
1383 743 1565 799 ἀγγέλους
1584 746 1776 788 διεστάναι
1796 753 1865 800 τῆς

354 815 436 857 ἅνω
458 813 670 867 δυνάμεως,
700 811 796 854 ἕπτά
818 813 859 854 δέ
879 829 984 861 τινας
1002 811 1070 854 τὸν
1087 811 1234 865 κόσμον
1255 813 1505 865 πεποιηκέναι
1524 815 1590 854 καὶ
1609 812 1655 854 τά
1679 815 1719 855 ἒν
1743 813 1862 871 αὐτῷ·

355 882 424 925 τόν
440 881 586 935 κόσμον
603 881 643 922 δὲ
663 879 761 922 κατά
777 882 964 934 μεριτείαν
981 878 1128 936 ἓκάστῳ
1146 878 1288 936 ἀγγέλῳ
1306 884 1584 934 κεκληρῶσθαι,
1602 878 1701 933 ὁμοῦ
1718 881 1759 922 δὲ
1775 895 1862 922 συν-

355 949 541 998 ελθόντας
558 948 650 997 τούς
667 946 810 997 αὐτούς
826 946 1010 1002 ἀγγέλους
1029 948 1329 1000 ἐντεθυμῆσθαι,
1352 948 1417 988 καὶ
1435 952 1548 1004 κοινῇ
1564 946 1632 989 τόν
1651 946 1865 1002 ἄνθρωπον

356 1017 621 1070 πεποιηκέναι,
650 1014 748 1057 κατά
769 1014 839 1068 τήν
861 1013 1016 1067 μορφὴν
1035 1019 1103 1067 τῆς
1124 1013 1278 1055 ἄνωθεν
1298 1013 1588 1068 παρακυψάσης
1615 1020 1628 1043 1
1645 1019 1866 1067 φωνητικῆς

356 1084 515 1133 εἰκόνος.
547 1083 625 1124 uHv
646 1082 698 1136 μὴ
719 1083 951 1134 δυνηθέντες
969 1080 1262 1136 παρακύψασαν
1278 1086 1487 1134 κατασχεῖν,
1511 1083 1576 1122 καὶ
1596 1081 1660 1122 διά
1678 1081 1720 1123 τὸ
1744 1099 1866 1136 παρα-

355 1157 481 1207 χρῆμα
510 1149 762 1204 ἀναδραμεῖν,
803 1148 1044 1202 μιμήσασθαι
1072 1147 1287 1202 ἠθέλησαν·
1325 1149 1391 1189 καὶ
1424 1148 1677 1190 2πεπλάσθαι
1706 1150 1774 1202 μὲν
1799 1148 1867 1191 τόν

357 1219 572 1273 ἄνθρωπον
600 1215 665 1258 ’ὑπ’
695 1215 841 1267 αὐτῶν,
882 1214 1042 1264 οὐδενός
1070 1217 1181 1257 ἕνεκα
1209 1213 1284 1256 ἀλλ’
1312 1213 1338 1267 ἢ
1367 1212 1431 1255 διά
1452 1214 1634 1268 τοιαύτην
1655 1216 1865 1269 πρόφασιν.

355 1285 509 1338 Ἐπειδὴ
532 1283 627 1339 γάρ,
657 1285 796 1336 φησὶν,
826 1282 980 1324 ἄνωθεν
1000 1282 1042 1323 τό
1065 1281 1159 1323 αὐτὸ
1184 1287 1269 1333 φῶς
1291 1280 1531 1335 παρακύψαν
1553 1283 1761 1336 ἐρεθισμόν
1782 1301 1868 1325 τινα

357 1355 553 1404 ἐνεποίησε
576 1357 657 1399 τοῖς
679 1349 811 1399 αὐτοῖς
834 1349 1027 1404 ἀγγέλοις,
1067 1348 1230 1396 τούτους
1253 1347 1350 1402 πρὸς
1371 1348 1503 1390 πόθον
1524 1354 1594 1391 τοῦ
1619 1349 1699 1391 α’νω
1725 1348 1866 1403 ὁμοιώ-

356 1436 475 1473 ματος
507 1421 743 1471 ἐπιχειρῆσαι
772 1422 841 1458 τοῦ
875 1415 1090 1470 ἀνθρώπου
1121 1415 1164 1457 τὸ
1194 1415 1350 1468 πλάσμα
1375 1421 1553 1469 ποιῆσαι·
1591 1416 1724 1469 ἐπειδὴ
1764 1415 1865 1471 3γάρ

354 1486 587 1541 ἠράσθησαν
606 1489 676 1526 τοῦ
698 1483 778 1526 ἅνω
801 1482 931 1535 φωτός
949 1482 1066 1540 πόθῳ
1088 1487 1141 1540 τῷ
1167 1481 1298 1538 4πρός
1319 1481 1427 1534 αὐτὸ,
1457 1485 1522 1525 καὶ
1545 1482 1667 1542 ἡδονῇ
1688 1498 1868 1536 κατασχε-

354 1556 509 1605 θέντες,
539 1553 727 1604 φανέντος
747 1553 812 1593 καὶ
837 1549 1138 1603 ἀφαντωθέντος
1160 1548 1225 1591 ἀπ’
1250 1548 1393 1602 αὐτῶν,
1425 1552 1661 1604 ἐρασθέντας
1682 1568 1721 1592 τε
1746 1549 1867 1593 αὐτοῦ

356 1623 422 1664 καὶ
445 1619 496 1674 μὴ
519 1621 759 1672 δυνηθέντας
784 1619 1050 1671 ἐμπλησθῆναι
1073 1622 1142 1671 τῆς
1163 1615 1284 1659 αὐτοῦ
1304 1616 1598 1670 έρασμιότητος,
1636 1617 1701 1659 διοὶ
1722 1617 1764 1659 τὸ
1788 1616 1867 1659 find

355 1692 469 1742 θῆξιν
493 1687 707 1739 ἀναπτῆναι
730 1684 772 1727 τό
799 1690 816 1714 5
831 1683 923 1727 αὐτὸ
945 1690 1050 1737 φῶς,
1080 1683 1220 1726 τούτου
1236 1684 1346 1738 χάριν
1365 1686 1555 1739 εἰρηκέναι
1573 1687 1670 1738 φησὶ
1689 1684 1781 1733 τούς
1802 1683 1867 1739 ἀγ-

354 1757 489 1811 γέλους
512 1757 843 1808 6δραματουργῶν
864 1750 886 1794 o‘
903 1751 1020 1800 αὐτὸς
1042 1751 1147 1807 γόης,
1182 1751 1413 1805 Ποιήσωμεν
1432 1751 1646 1806 ἄνθρωπον
1668 1751 1749 1793 κατ’
1769 1752 1867 1794 εἰκό-

355 1841 404 1864 να
423 1823 490 1864 καὶ
511 1819 604 1863 καθ’
627 1819 828 1873 ὁμοίωσιν,
859 1818 1096 1873 παρακόφας
1117 1818 1159 1861 τὸ
1185 1821 1381 1874 εἰρημένον
1401 1821 1442 1860 έν
1465 1824 1511 1876 τῇ
1532 1821 1673 1874 γενέσει
1694 1818 1772 1862 ὖπό
1796 1824 1868 1862 τοῦ

355 1894 455 1932 θεοῦ
473 1888 515 1930 τὸ
536 1887 641 1929 Καθ’
660 1886 862 1941 η’μετέραν·
888 1886 1004 1935 ἐάσας
1023 1887 1064 1928 τὸ
1083 1885 1300 1940 Ἡιιετέραν,
1323 1889 1387 1927 ἵνα
1405 1885 1453 1939 δή
1473 1888 1537 1943 ἔχῃ
1556 1885 1583 1940 ἦ
1603 1886 1725 1940 πλάνη
1746 1886 1868 1928 αὐτοῦ

357 1956 425 2011 τὴν
447 1954 704 2007 πιθανότητα,
737 1953 789 2002 ὥς
812 1957 934 2007 δῆθεν
956 1952 1075 1995 ὄὲλλων
1099 1955 1167 2007 μὲν
1190 1953 1418 2006 ποιούντων,
1449 1953 1579 1995 εἰκόνα
1597 1955 1637 1995 δὲ
1659 1955 1791 2008 ἑτέρου
1809 1955 1867 1995 λέ-

355 2041 435 2080 γειν
454 2029 506 2081 τῷ
519 2057 528 2073 ,
562 2021 793 2075 Ποιήσωμεν
814 2021 1028 2076 ἄνθρωπον
1045 2020 1126 2062 κατ’
1147 2021 1281 2063 εἰκόνα
1300 2022 1365 2062 καὶ
1385 2019 1475 2062 καθ’
1500 2019 1694 2073 ὁμοίωσιν.
1753 2026 1868 2063 Γενο-

358 2093 476 2145 μένου
498 2092 559 2142 δέ,
593 2091 710 2142 φησὶ,
740 2094 811 2130 τοῦ
838 2087 1072 2143 ἀνθρώπου,
1112 2088 1175 2130 διά
1196 2088 1239 2130 τό
1266 2087 1392 2129 αὐτῶν
1414 2086 1574 2142 ἀδρανὲς
1594 2087 1646 2141 μὴ
1671 2087 1867 2130 δύνασθαι

359 2157 478 2200 αὕτὸν
493 2161 780 2210 τελεσφορῆσαι,
800 2163 956 2197 κεῖσθαι
975 2156 1016 2197 δὲ
1032 2157 1096 2197 καὶ
1113 2159 1300 2211 σκαρίζειν
1316 2156 1433 2209 χαμαὶ
1449 2157 1621 2208 κείμενον
1639 2158 1751 2208 δίκην
1769 2155 1866 2197 σκώ-

357 2232 473 2279 ληκος
502 2226 704 2280 ἕρποντος,
747 2223 798 2276 μὴ
823 2222 1017 2264 δύνασθαι
1047 2223 1087 2264 δὲ
1110 2223 1202 2276 μήτε
1229 2222 1523 2277 ἀνορθοῦσθαι,
1567 2221 1659 2274 μήτε
1681 2239 1718 2263 τι
1742 2223 1869 2277 ἕτερον

358 2292 550 2347 πράττειν,
581 2293 654 2340 ἕως
674 2289 700 2343 ἦ
719 2289 798 2332 ἀνω
819 2289 981 2343 δύναμις
1003 2290 1271 2345 παρακύψασα
1289 2292 1356 2332 καὶ
1376 2295 1693 2343 σπλαγχνισθεῐσα
1715 2288 1779 2330 διά
1799 2288 1868 2342 τήν

361 2362 464 2401 ἰδίαν
496 2358 614 2412 αὐτῆς
644 2357 775 2399 εἰκόνα
808 2374 846 2398 τε
873 2359 939 2399 καὶ
970 2359 1074 2398 ἰδέαν
1101 2357 1180 2399 κατ’
1206 2356 1336 2399 οἶκτον
1361 2355 1549 2398 ἀπέστειλε
1574 2361 1777 2411 σπινθῆρα
1800 2363 1869 2410 τῆς

362 2425 482 2479 αὐτῆς
511 2425 710 2479 δυνάμεως
742 2426 806 2466 καὶ
843 2423 890 2466 δι’
918 2423 1038 2466 αὐτοῦ
1069 2423 1279 2479 ἀνώρθωσε
1309 2423 1377 2466 τόν
1407 2423 1620 2476 ἄνθρωπον
1647 2425 1712 2464 καὶ
1743 2423 1869 2472 οὕτως

363 2492 605 2548 ἔζωογόνησε,
636 2495 758 2545 δῆθεν
780 2491 847 2533 τόν
866 2496 1066 2545 σπινθῆρα
1086 2491 1216 2545 ψυχὴν
1235 2491 1303 2545 τήν
1322 2490 1567 2546 ἀνθρωπείαν
1588 2489 1771 2541 φάσκων·
1802 2493 1869 2532 καὶ

362 2561 501 2602 τούτου
523 2562 632 2602 ἕνεκα
651 2558 805 2607 πάντως
822 2562 883 2600 δεῖ
896 2557 964 2600 τόν
983 2564 1181 2613 σπινθῆρα
1198 2564 1388 2612 σωθῆναι,
1410 2556 1451 2600 τό
1473 2558 1513 2599 δὲ
1531 2562 1608 2598 πᾶν
1624 2561 1694 2598 τοῦ
1714 2555 1869 2610 ἀνθρώ-

362 2645 441 2670 που
462 2626 685 2669 ἀπολέσθαι.
745 2625 838 2667 7Ἑν
856 2630 909 2683 τῷ
928 2625 1008 2667 ἅνω
1029 2627 1097 2678 μὲν
1115 2624 1158 2668 vd
1178 2625 1333 2668 ἀνωθεν
1351 2623 1538 2667 κατελθὸν
1557 2623 1871 2677 ἀνακομισθῆναι

408 2718 484 2749 CAP.
510 2719 535 2749 Ι.
559 2737 601 2743 —-
633 2718 662 2751 1.
685 2717 879 2760 φωνητικῆς
902 2716 1025 2754 εἰκόνος
1047 2727 1094 2749 re·
1139 2718 1308 2759 καλλονῆς.
1354 2719 1492 2749 Fabricio
1513 2718 1554 2748 ad
1570 2717 1709 2747 Philoslr.
1733 2726 1801 2755 cap.
1814 2716 1868 2749 31.

360 2766 450 2803 posui
470 2773 507 2794 ex
528 2766 705 2795 auctoritate
725 2765 789 2794 cod.
814 2765 908 2794 Vatic.
932 2766 958 2793 et
981 2764 1095 2794 Irenaei
1136 2773 1211 2802 pay.
1225 2762 1276 2794 62.
1299 2765 1415 2801 placuit
1433 2762 1489 2795 τοῦ
1509 2757 1635 2794 ἄνωθεν
1654 2758 1869 2802 παρακύψαν·

363 2810 397 2848 Ι,
421 2807 495 2847 22„
522 2811 574 2847 qui
595 2810 681 2839 habet
701 2807 864 2845 „lucidam
885 2807 1095 2848 imaginem.“
1139 2816 1193 2844 τος
1216 2806 1337 2848 φωτός.

362 2854 449 2884 Libri
468 2854 558 2891 vulgo
580 2854 721 2891 praebent
738 2852 864 2894 φωνῆς,
884 2862 940 2891 pro
960 2862 1018 2891 quo
1041 2861 1094 2891 ‘³9⁰
1183 2851 1215 2883 2.
1238 2849 1424 2885 πεπλάσὲῐαι
1446 2853 1492 2882 ed.
1509 2853 1614 2882 Petav.
1636 2859 1673 2881 ex
1693 2853 1872 2882 auctoritate

361 2897 553 2929 scribendum
564 2906 738 2928 censueram
749 2897 867 2939 φανῆς.
890 2894 1004 2933 Φανάς
1016 2898 1096 2927 enim
1140 2898 1205 2927 cod.
1231 2898 1344 2935 Vatia,
1374 2898 1426 2936 qui
1447 2897 1534 2927 habet
1550 2892 1788 2927 πεπεπλάσὲἲαι.
1834 2897 1869 2927 In

366 2942 481 2972 Suidas
501 2943 712 2979 interpretatus
734 2945 776 2972 est
799 2937 1001 2983 ἐκλάμῲεις,
1039 2942 1093 2971 hoc
1139 2942 1186 2973 ed.
1200 2943 1297 2980 princ.
1315 2945 1341 2973 et
1354 2942 1419 2972 cod.
1434 2941 1559 2980 Rhediy.
1578 2943 1659 2971 extat
1673 2938 1870 2972 πλασῇέντα.

365 2990 407 3017 εει
431 2984 688 3024 coruscationes3
718 2988 862 3018 Petavius
882 2987 1095 3025 suspicabatur
1184 2984 1215 3018 3.
1235 2983 1297 3027 γὰρ
1315 2987 1459 3018 petavius
1474 2986 1608 3024 primum
1622 2985 1732 3016 adiecit
1749 2986 1786 3016 de
1804 2985 1870 3016 cod.
