2034 3267
491 187 664 219 PANARn
694 187 771 218 ΜΒ.
797 188 817 218 t.
843 189 946 220 Tou.
970 189 1006 219 n.
1032 188 1158 219 mnu.
1179 188 1310 218 xxxi.
1577 179 1656 217 339

139 265 367 306 ostenditur.
431 263 508 305 Sed
539 265 708 306 substitit
737 267 935 318 nimirum,
981 274 1092 320 atque
1125 267 1170 306 ab
1202 280 1248 306 eo
1281 265 1414 306 morbo
1441 266 1650 307 convaluit.

140 331 288 388 Quippe
313 333 434 373 virtus
459 347 480 373 a
504 333 577 373 filio
604 348 830 387 progressa,
875 348 984 388 quem
1009 333 1144 374 Horon
1169 335 1491 388 interpretantur,
1535 334 1653 375 medi-

135 401 258 440 cinam
281 401 405 440 attulit
429 407 467 440 et
489 401 534 440 ab
556 401 657 441 omni
682 402 920 441 incommodo
945 401 1135 442 liberavit.
1197 400 1307 454 Quod
1333 409 1459 442 autem
1484 403 1654 443 salvator

133 468 238 523 ipsc,
273 469 334 522 qui
359 469 404 509 ab
429 469 604 510 omnibus
627 476 750 509 ortum
773 469 940 522 accepit,
975 476 1109 508 natura
1133 469 1299 508 omnium
1326 476 1491 520 constet,
1525 470 1653 524 colligi

135 550 185 576 ex
210 536 266 576 his
291 536 420 577 verbis
445 536 692 577 existimant:
728 540 838 576 Omne
856 539 1095 574 masculinum
1118 539 1334 587 adaperiens
1360 540 1514 576 vulvam.
1579 536 1651 577 Hic
1670 542 1838 578 Luc-²‚2³·

133 605 232 643 enim
258 604 382 643 onmia
407 605 550 658 pariter
567 604 740 644 existens
758 602 1059 657 Enthymeseos,
1089 603 1159 643 hoe
1183 610 1244 643 est
1264 601 1539 656 Cogitationis,
1573 620 1651 646 ma-
1671 588 1851 624 E¹⁰d‘¹³'²'

135 672 267 711 tricem
300 672 471 726 aperuit,
516 672 642 712 affecti
673 671 820 711 scilicet
849 671 1021 720 Aeonis,
1066 677 1105 710 et
1135 685 1153 709 a
1180 669 1398 710 Pleromate
1429 673 1648 728 proscripti,

132 753 242 793 quam
276 747 315 779 et
344 741 550 780 secundam
579 737 800 792 Ogdoadem
828 745 988 788 vocant,
1032 738 1077 777 de
1112 746 1185 791 qua
1217 739 1328 791 paulo
1366 746 1449 791 post
1475 754 1648 793 agemuS.

134 804 221 859 Quo
248 815 285 847 et
309 806 468 847 Paulum
495 807 615 861 ipsum
641 806 841 845 manifeste
866 805 1113 860 respexisse,
1148 820 1230 845 cum
1259 806 1379 855 dixit,
1423 809 1474 845 Et
1498 810 1573 858 epse
1598 817 1653 847 est
1671 814 1784 875 (3301332

133 878 264 922 omm'a,
299 888 542 928 rursumque,
577 877 704 912 Omnia
723 877 760 912 in
783 877 913 924 ipsum,
948 881 986 911 et
1001 888 1048 911 ear
1069 876 1147 924 ipso
1168 877 1310 921 omm'a;
1344 881 1458 927 atque
1485 875 1646 915 iterum:
1665 870 1851 928 nimir-au.

131 946 173 981 In
194 946 271 994 ipso
292 945 433 982 habitat
452 939 566 981 onmis
581 943 772 992 plenitudo
792 943 1008 979 divinitatis.
1058 938 1140 980 lmo
1162 941 1268 990 illud,
1295 944 1514 980 Instaurare
1531 946 1650 981 omnia
1670 938 1850 1009 ἓξὲξ-ᾗῇ·

131 1014 167 1049 in
196 1013 340 1049 Chr-isto
363 1025 432 1062 per
454 1013 580 1056 deum,
626 1009 673 1048 ab
697 1022 742 1048 ea
768 1015 894 1048 mente
922 1008 1062 1048 dictum
1089 1008 1302 1063 accipiunt,
1336 1023 1378 1049 ac
1406 1009 1437 1049 si
1466 1023 1536 1063 qua
1562 1017 1650 1049 suut
1697 992 1712 1018 p
1737 1004 1743 1010 ’
1776 1005 1783 1018 ’
1828 1004 1834 1010 ”

132 1078 243 1119 huius
273 1078 425 1131 generis
456 1077 545 1116 alia.

243 1144 353 1199 Quod
377 1159 469 1185 vero
492 1145 537 1184 ad
562 1143 708 1184 Horum
734 1145 921 1199 pertinet,
956 1158 1065 1198 quem
1092 1144 1261 1199 pluribus
1284 1145 1502 1185 nominibus
1524 1144 1651 1200 appel·
1673 1150 1852 1193 Cap.XV1.

131 1214 229 1263 lant,
263 1213 397 1266 cuique
420 1213 493 1252 duo
513 1212 721 1253 officiorum
744 1226 886 1266 genera
910 1212 1096 1263 tribuunt,
1132 1213 1371 1253 sustentandi
1394 1213 1575 1253 videlieet
1595 1221 1651 1254 at-

132 1295 204 1335 que
229 1280 435 1335 partiendi,
480 1280 532 1320 ita
559 1288 618 1330 ut,
659 1287 847 1334 quatenus
874 1280 979 1320 fulcit
1004 1295 1049 1320 ac
1074 1281 1262 1332 sustinet,
1295 1281 1427 1333 Crux,
1462 1288 1650 1335 quatenus

129 1348 286 1403 partitur
316 1362 360 1388 ac
391 1347 546 1399 dividit,
588 1347 740 1398 Horus,
787 1349 857 1388 hoc
885 1356 944 1388 est
972 1347 1206 1398 Terminus,
1251 1349 1492 1399 nominetur,
1538 1349 1649 1390 liuius

128 1430 218 1470 ergo
244 1416 460 1456 functiones
492 1417 563 1456 hoc
590 1416 701 1456 modo
733 1431 755 1456 a
783 1415 987 1457 Salvatore
1015 1416 1222 1470 significari
1246 1417 1483 1471 praedicant.
1544 1416 1647 1457 Nam

125 1484 226 1524 illam
253 1483 469 1524 stabiliendi
499 1484 753 1538 fulciendique
782 1484 857 1524 vim
889 1482 1028 1525 Crucis
1052 1485 1219 1538 imagine
1247 1484 1524 1534 demonstrari,
1563 1499 1647 1524 cum

126 1551 286 1591 dicitur:
332 1555 405 1602 Qui
422 1567 494 1591 non
523 1554 667 1591 baietlat
686 1567 829 1591 erucem
852 1567 955 1591 snam
982 1561 1018 1591 et
1037 1556 1205 1604 sequitur
1226 1568 1301 1599 me,
1345 1555 1548 1604 discipulus
1569 1567 1648 1591 esse
1666 1561 1737 1589 Luc.
1751 1562 1791 1597 1⁴,
1807 1563 1849 1590 21.

124 1634 222 1659 meus
246 1635 317 1659 mm
340 1628 474 1671 potest,
510 1628 569 1660 et:
607 1623 751 1660 Tollens
773 1635 917 1660 erucem
939 1635 1041 1660 suam
1064 1624 1232 1673 seqnitur
1254 1635 1328 1660 me:
1363 1621 1539 1671 alteram,
1572 1634 1645 1674 qua
1658 1631 1799 1666 Man-mlo,
1809 1631 1849 1658 21.

124 1687 308 1728 discernit
328 1702 372 1727 ac
396 1688 543 1740 dividit,
580 1689 636 1729 his
657 1688 808 1729 verbis:
842 1692 925 1728 Non
946 1692 1031 1728 vem·
1047 1693 1190 1728 mittere
1202 1704 1345 1741 pacem,
1379 1691 1445 1728 secl
1458 1691 1640 1739 gladium.
1664 1694 1775 1755 {4¹1³}ss

126 1753 237 1808 Quod
262 1755 384 1810 ipsum
411 1769 429 1796 a
458 1754 603 1796 Ioanne
629 1756 858 1797 declaratum
886 1771 969 1797 eum
996 1757 1161 1807 diceret,
1197 1758 1447 1796 Ventiluhram
1471 1759 1507 1795 in
1536 1771 1644 1795 mame
1664 1749 1773 1806 miazi
1792 1774 1831 1802 η,

124 1827 221 1872 eins,
266 1832 303 1862 et
323 1825 509 1876 purgabit
534 1839 657 1863 aream
670 1856 680 1872 ,
725 1833 762 1863 et
789 1826 1036 1876 congregabit
1063 1828 1225 1864 triticum
1256 1828 1293 1864 in
1321 1827 1476 1872 horrea,
1516 1827 1647 1876 paleas

123 1900 242 1931 autem
275 1894 465 1932 comburet
492 1896 576 1943 igni
605 1894 896 1944 ineoetingzcibili.
961 1891 1110 1946 Quibus
1145 1893 1336 1948 proprium
1374 1892 1471 1932 Hori
1507 1907 1645 1932 munus

123 1960 366 2014 exprimitur,
405 1959 507 2000 Nam
529 1960 784 2001 ventilabrum
805 1960 895 2000 illud
914 1975 1000 2003 esse
1021 1958 1185 2002 Crucem
1207 1961 1524 2015 interpretantur,
1550 1974 1646 2014 quae

123 2041 254 2068 crassa
279 2029 406 2068 omnia
433 2036 471 2068 et
497 2043 579 2068 cum
607 2028 767 2068 materia
792 2036 995 2079 concreta,
1029 2029 1135 2069 velut
1162 2028 1320 2084 stipulas
1347 2029 1520 2078 flamma,
1555 2042 1645 2067 con-

122 2095 252 2146 sumit,
287 2109 353 2137 eos
377 2111 470 2137 vero
492 2097 554 2150 qui
577 2097 738 2137 salntem
761 2096 1035 2151 adipiscuntur,
1067 2097 1121 2137 uti
1145 2111 1296 2137 vannus
1319 2097 1526 2146 frumenta,
1560 2110 1646 2150 per-

122 2172 272 2217 purgat.
334 2164 395 2204 Ad
428 2165 522 2205 haee
553 2162 711 2204 Paulum
745 2178 894 2218 quoque
926 2165 971 2204 de
1001 2179 1044 2205 ea
1076 2162 1204 2205 Cruee
1238 2164 1471 2205 mentionem
1505 2164 1643 2203 fecisse

121 2231 197 2274 illo,
212 2232 294 2272 loco
319 2240 496 2273 narrant:
540 2235 637 2272 Nam
662 2235 784 2271 crucis
803 2235 1033 2284 praedicatio
1053 2235 1294 2284 pereuntibus
1317 2235 1459 2284 quidem
1481 2233 1845 2274 stulcz‘te‘a1.cor.1‚15.

121 2307 196 2347 esc,
230 2303 276 2338 iis
299 2309 418 2339 atatem
444 2304 511 2353 qui
532 2303 746 2347 salvantur,
781 2308 822 2339 ut
840 2302 964 2348 nobis,
1000 2304 1117 2340 virtus
1141 2304 1211 2340 clei.
1273 2301 1333 2340 Ac
1357 2313 1533 2340 rursum:
1567 2301 1642 2337 Mi·
1656 2308 1758 2336 Galat.
1768 2309 1793 2342 6,
1805 2309 1845 2335 1⁴.

121 2369 164 2405 lez·
182 2382 267 2406 vero
290 2369 390 2407 absit
409 2371 576 2420 gloriari
594 2371 672 2407 nisi
690 2371 727 2406 in
748 2383 857 2407 eruce
879 2372 981 2416 Iesu,
1010 2384 1082 2421 pet·
1103 2384 1206 2421 quem
1230 2371 1323 2407 milti
1343 2370 1497 2406 mundus
1521 2370 1643 2406 cruci-

110 2436 222 2486 fixus
243 2444 316 2484 est,
361 2444 396 2475 et
420 2451 487 2488 ego
512 2439 657 2475 nzecndo.
721 2434 921 2476 Eiusmodi
946 2444 1034 2476 suut
1058 2451 1154 2491 quae
1180 2437 1225 2477 de
1252 2435 1470 2476 Pleromate
1499 2449 1569 2474 suo
1598 2449 1643 2475 ae

121 2503 377 2544 commentitia
404 2504 528 2544 fabula
557 2503 810 2544 communiter
834 2504 880 2544 ab
906 2505 1080 2545 omnibus
1107 2505 1331 2554 traduntur,
1361 2503 1496 2557 quibus
1522 2502 1644 2557 pessi—

165 2672 196 2705 7.
221 2673 277 2707 καὶ
300 2685 360 2706 non
384 2676 471 2706 habet
494 2675 561 2706 cod.
588 2675 656 2705 Ven.
950 2675 1000 2707 11.
1023 2672 1104 2716 ἡμῖν
1130 2684 1188 2705 om.
1214 2675 1281 2705 cod.
1306 2675 1375 2705 ren.
1423 2675 1482 2705 Nec
1506 2675 1641 2714 agnoscit

164 2719 195 2750 8.
219 2714 395 2761 α’ποὲήκας
418 2721 483 2751 eod.
509 2722 578 2751 Ven.
905 2724 962 2751 vet.
986 2722 1104 2752 Irenaei
1126 2722 1284 2759 Interpres.

163 2761 194 2794 9.
219 2763 324 2797 ἐκεῖνο
344 2775 413 2796 cum
430 2768 486 2796 vet.
502 2765 619 2796 Irenaei
636 2766 796 2802 Interprete
812 2773 860 2795 re·
953 2766 1002 2797 12.
1028 2764 1174 2805 Χριστοῦ
1197 2765 1263 2795 cod.
1287 2765 1388 2795 Paris.

118 2810 291 2846 ponendum
304 2819 366 2841 esse
378 2812 478 2841 visum
493 2813 535 2841 est
547 2811 710 2847 Massueto,
723 2810 861 2848 aliisque.
953 2809 1002 2841 13.
1028 2812 1073 2841 lta
1093 2811 1159 2841 cod.
1176 2811 1245 2840 Ven.
1274 2810 1369 2848 Vulgo
1388 2806 1585 2850 ἐφορμίζειν.
1599 2827 1642 2832 -

169 2853 217 2885 10.
248 2856 296 2886 Ita
319 2857 447 2886 restituit
471 2857 576 2886 Petav.
610 2855 646 2884 de
680 2856 861 2884 auctoritate
905 2856 967 2886 Pro
988 2852 1107 2892 πάντες
1126 2858 1183 2885 vet.
1205 2855 1321 2885 Irenaei
1343 2855 1516 2893 Interpretis
1538 2857 1642 2885 aucto-

122 2899 186 2928 cod.
208 2900 305 2931 Vatic.
348 2901 405 2930 Ed.
425 2902 523 2939 princ.
547 2901 625 2930 em'm
647 2898 859 2938 (quemadmo-
905 2902 994 2930 ritate
1009 2898 1135 2932 πάντων
1152 2900 1313 2931 rescribere
1327 2909 1382 2930 nos
1396 2900 1497 2947 iubent
1512 2900 1644 2930 Grabius

122 2943 196 3018 (σῑὲπι
225 2946 316 2975 etiam
338 2946 405 2976 cod.
431 2945 519 2986 Ven.)
549 2946 636 2976 habet
660 2940 859 2986 ἐπιμνῆσκε-
906 2948 932 2976 et
956 2946 1137 2976 Massuetus.

146 2998 209 3019 ,αμ

1276 3046 1369 3087 22*
