2034 3267
384 190 464 228 298
945 192 1104 224 SANCTI
1129 193 1352 231 EplpHANn

382 273 439 314 ὅτι
463 269 694 326 θεραπεύει,
736 267 827 309 άλλοὶ
854 270 920 310 καὶ
944 267 1042 310 κατὰ
1069 268 1141 310 δύο
1166 268 1339 323 τρόπους
1365 272 1479 313 ι’ἅται.
1541 274 1801 329 Παραγγέλλει
1825 271 1899 327 γάρ

381 346 463 387 τοῖς
486 342 744 391 ιάτρευθεῖσιν
769 338 808 377 ε’ν
831 341 883 393 τῷ
909 334 1091 393 σαββάτῳ
1118 337 1242 391 αἴρειν
1264 335 1331 378 τᾶν
1353 337 1593 392 κράββατον,
1632 343 1700 383 καὶ
1722 343 1898 394 βαδίζειν.

379 406 488 448 Ἀλλά
509 407 575 446 καὶ
596 406 636 446 ἐν
658 403 840 461 σαββάτῳ
860 402 982 457 πηλόν
1003 402 1184 458 φυράσας
1205 404 1375 457 ἐπέθηκε
1393 411 1474 454 τοῖς
1491 412 1559 448 τοῦ
1577 413 1726 460 τυφλοῦ
1747 407 1899 461 ὀφθαλ-

380 480 477 527 μοῖς.
525 472 680 528 ’'E9yov
712 474 753 514 δέ
780 474 858 514 ἐστι
889 470 1011 524 πηλόν
1044 470 1228 526 φυράσαι.
1276 471 1403 513 ΓΌθεν
1433 472 1585 526 γνόντες
1616 478 1655 517 οἷ
1683 475 1904 526 ἀπόστολοι,

379 542 437 584 ὅτι
463 542 611 583 λέλυται
642 540 684 583 τὸ
714 539 912 596 σάββατον
942 538 1020 581 άπό
1049 544 1118 592 τῆς
1140 537 1262 581 αὐτοῦ
1287 538 1366 593 ἅμα
1389 538 1523 589 αὐτοῖς
1547 546 1820 599 συνδιατριβῆς
1842 545 1907 585 καὶ

378 612 644 659 διδασκαλίας,
675 611 841 650 τίλλουσι
867 607 1034 661 στάχυας
1059 607 1256 664 σαββάτῳ,
1287 609 1353 649 καὶ
1376 607 1575 661 ψώχουσι,
1605 611 1671 651 καὶ
1695 613 1905 653 ἐσθίουσιν.

370 672 442 718 ῗΗν
461 677 501 718 δὲ
523 676 719 730 σάββατον
741 675 1068 731 δευτερόπρωτον,
1104 674 1157 725 οἷς
1178 678 1249 729 ἔχει
1270 674 1312 717 τό
1335 675 1566 731 εὐαγγέλιον.
1625 676 1812 731 Σάββατα
1833 677 1905 734 γάρ

379 744 552 799 διάφορα
579 744 710 799 ὥριζεν
735 742 756 786 o‘
780 744 922 798 νόμος,
962 743 1005 785 τὸ
1031 744 1098 797 μὲν
1120 742 1219 785 κατά
1245 743 1443 797 ἑβδομάδα
1467 742 1807 798 άνακυκλούμενον
1831 746 1905 798 φύ-

218 834 283 862 pag.
305 826 360 853 15¹³.
381 828 437 855 σει
466 812 682 867 σάββατον,
712 811 754 854 τό
787 813 828 854 δὲ
857 810 921 853 διά
950 811 1018 860 τάς
1046 810 1347 860 ύποπιπτούσας
1371 817 1440 866 τῆς
1464 810 1561 853 κατά
1586 811 1748 866 σελήνην
1770 830 1906 867 νεομη-

377 884 482 932 νίας,
524 883 591 922 καὶ
620 879 689 929 τοὶς
715 883 886 933 καθεξῆς
909 878 1065 935 ἑορτάς,
1108 878 1192 921 οἷον
1216 878 1360 935 ἡμέρας
1382 883 1650 935 σκηνοπηγίας
1672 882 1739 922 καὶ
1763 878 1906 935 ἡμέρας

380 948 589 1002 2πάσχων,
632 948 696 990 ότε
731 948 774 990 τό
811 947 1011 1003 πρόβατον
1047 947 1214 998 θύουσι,
1254 949 1321 989 καὶ
1355 947 1478 1001 άζυμα
1516 946 1654 990 λοιπον
1693 950 1905 990 ἐσθίουσιν.

383 1016 418 1047 ³
419 1016 504 1058 Ἐτι
528 1018 570 1058 δὲ
594 1034 663 1070 την
688 1019 779 1070 μίαν
802 1019 980 1070 νηστείαν
1003 1015 1232 1069 νηστεύουσι
1252 1021 1322 1057 τοῦ
1350 1017 1482 1066 ε’τους,
1522 1034 1592 1069 την
1612 1017 1818 1071 λεγομένην
1840 1034 1901 1070 με·

376 1085 508 1141 γάλην,
539 1086 605 1126 καὶ
625 1083 694 1138 τὴν
717 1083 846 1137 άλλην,
878 1102 928 1137 ην
947 1085 1100 1139 λέγουσι
1121 1082 1274 1139 μικράν.
1305 1083 1427 1125 ΓΌτε
1416 1102 1488 1139 γαρ
1512 1086 1770 1137 ἐμπίπτουσιν
1791 1087 1906 1126 αὑται

376 1173 415 1195 αι
436 1151 588 1208 ημέραι,
614 1151 702 1206 η’τοι
724 1154 763 1194 ἐν
785 1153 945 1208 δευτέρα
967 1151 1230 1205 σαββάτων,
1213 1152 1238 1205 ἠ
1261 1153 1300 1194 ἐν
1318 1154 1438 1209 τρίτῃ,
1469 1151 1495 1205 ἢ
1515 1153 1555 1194 ἐν
1581 1151 1778 1207 4τετράδι,
1811 1151 1903 1206 σάβ-

375 1225 493 1275 βατον
517 1223 583 1263 καὶ
609 1219 703 1262 αὐτὸ
729 1219 862 1268 αὐτοῖς
885 1219 1058 1274 ὁρίζεται.
1118 1218 1191 1261 Ano*
1218 1218 1310 1272 μετά
1331 1218 1401 1272 τὴν
1421 1224 1499 1261 τῶν
1521 1218 1674 1273 άζύμων
1695 1221 1904 1275 γενομένην

376 1288 536 1344 ἡμέραν,
567 1290 632 1330 καὶ
653 1287 881 1343 ὁρισθεῖσαν
903 1286 1051 1342 ἡμέραν
1072 1287 1289 1340 σαββάτου,
1322 1292 1375 1344 τῷ
1397 1287 1578 1346 σαββάτῳ
1598 1287 1714 1340 φύσει
1735 1293 1786 1345 τῷ
1810 1287 1904 1341 μετά

375 1357 443 1411 τὴν
472 1356 620 1410 ἡμέραν
650 1362 727 1398 τῶν
754 1355 909 1408 άζύμων
940 1357 994 1403 εἰς
1020 1355 1219 1408 σάββατον
1244 1357 1534 1410 λελογισμένην,
1578 1354 1798 1411 εὑρέθησαν
1824 1359 1905 1397 δια-

375 1429 572 1479 βαίνοντες
597 1423 662 1466 διά
685 1429 762 1465 τῶν
788 1426 1008 1477 σπορίμων,
1049 1425 1115 1464 καὶ
1140 1424 1281 1464 ἔτιλλον
1302 1422 1488 1476 στάχυας,
1533 1426 1599 1465 καὶ
1619 1426 1796 1478 ἕψωχον,
1838 1425 1904 1465 καὶ

374 1493 539 1547 ἤσθιον,
571 1491 790 1540 δεικνύντες
813 1491 872 1533 ὅτι
891 1492 1043 1532 λέλυται
1066 1489 1089 1532 ὁ
1111 1490 1250 1544 δεσμὸς
1274 1489 1296 1533 ὁ
1321 1493 1361 1533 ἐν
1381 1497 1435 1548 τῷ
1459 1492 1641 1549 σαββάτῳ
1667 1490 1902 1546 ὁριζόμενος,

375 1560 560 1610 ἐλθόντος
582 1565 651 1602 τοῦ
681 1559 845 1616 μεγάλου
871 1558 1090 1615 σαββάτου,
1131 1560 1301 1600 τουτέστι
1327 1563 1520 1611 Χριστοῦ,
1560 1565 1631 1601 τοῦ
1654 1558 1902 1601 άναπαύσαν-

375 1647 441 1678 τος
470 1628 573 1683 ἡμᾶς
605 1628 682 1671 άπὸ
716 1634 794 1670 τῶν
826 1626 1112 1681 ἁμαρτημάτων
1138 1625 1270 1680 ἡμῶν,
1314 1622 1361 1669 οὗ
1392 1626 1511 1677 τύπος
1534 1623 1584 1681 ἦν
1610 1626 1632 1670 ὁ
1662 1633 1774 1678 Νῶε,
1813 1627 1858 1670 ὃν
1883 1626 1905 1669 ὁ

373 1697 500 1751 πατὴρ
525 1696 646 1739 αὐτοῦ
668 1698 882 1752 γενηθέντα
904 1694 1086 1750 ἑωρακώς
1106 1693 1204 1736 κατά
1225 1698 1479 1750 προφητείαν,
1504 1697 1666 1738 ἐπέθετο
1690 1695 1793 1753 αὐτῷ
1817 1695 1903 1738 ὅνο-

374 1784 427 1819 μα
448 1771 560 1816 Νῶε,
595 1766 712 1819 λέγων
743 1764 822 1815 ὅτι,
868 1759 994 1812 Οὗτος
1017 1762 1233 1804 άναπαύσει
1259 1762 1362 1816 ἡμᾶς
1387 1765 1428 1805 ἐκ
1453 1769 1530 1805 τῶν
1555 1763 1754 1819 άμαρτιῶν
1776 1762 1901 1817 ἡμῶν,

378 1833 459 1886 ἤτοι
483 1838 657 1888 σκληρῶν
682 1835 806 1887 ἔργων
829 1830 952 1885 ἡμῶν.
1010 1829 1053 1872 Ὁ
1082 1836 1174 1872 Νῶε
1198 1832 1239 1872 δὲ
1259 1830 1337 1873 άπὸ
1360 1830 1557 1887 άμαρτιῶν
1576 1830 1649 1874 οὐκ
1671 1831 1901 1885 ἀνέπαυσεν,

375 1900 466 1942 ἄλλά
488 1904 540 1950 εἰς
565 1900 735 1956 Χριστὸν
757 1899 1046 1955 προεφήτευσεν
1069 1897 1091 1941 ὁ
1113 1899 1250 1953 Λάμεχ
1268 1898 1338 1953 τήν
1362 1904 1601 1956 προφητείαν
1627 1905 1709 1958 5τῷ
1730 1906 1822 1943 Νῶε
1843 1903 1901 1956 ἕρ-

375 1969 636 2050 μηνευόμενον
663 1970 701 2010 έν
727 1967 902 2024 άληθείςι.
963 1972 1056 2008 Νῶε
1086 1986 1158 2023 γαρ
1185 1966 1404 2016 α’νάπαυσις
1429 1967 1697 2023 ἑρμηνεύεται,
1738 1970 1803 2010 καὶ
1831 1975 1902 2010 Σε-

374 2039 468 2091 βὲθ,
511 2037 604 2092 ὅπερ
628 2035 846 2084 άνάπαυσις
866 2037 932 2076 καὶ
953 2034 1190 2117 σάββατον
1173 2035 1441 2091 ερμηνεύεται,
1483 2035 1504 2077 o'
1528 2037 1606 2078 ἐστι
1634 2035 1822 2118 Χριστός,
1862 2039 1902 2079 ἐν

375 2109 404 2163 93
429 2105 697 2147 ἀναπέπαυται
719 2103 741 2146 ό
760 2102 886 2156 πατὴρ
909 2105 976 2145 καὶ
999 2103 1040 2145 τό
1065 2103 1176 2159 άγιον
1199 2109 1353 2157 πνεῦμα
1374 2102 1516 2154 αὐτοῦ,
1547 2105 1613 2144 καὶ
1636 2103 1777 2153 πάντες
1798 2104 1901 2160 ἅγιοι

376 2173 583 2229 ανθρωποι
605 2175 646 2215 ἐν
666 2171 771 2229 αυτῷ
794 2170 1084 2222 ἀνεπαύσαντο,
1117 2186 1359 2226 παυσάμενοι
1383 2170 1459 2213 άπὸ
1483 2170 1779 2226 αμαρτημάτων.
1825 2175 1901 2214 Οὑ-

375 2242 441 2291 τός
473 2244 551 2284 ἐστι
579 2240 621 2282 τι)
656 2217 754 2295 μέγά
781 2239 977 2295 σάββατον
1005 2240 1071 2280 καὶ
1098 2229 1247 2291 άΐδιον,
1289 2235 1337 2282 οὗ
1361 2239 1483 2289 τύπος
1507 2235 1555 2293 ἦν
1576 2238 1618 2282 τό
1643 2240 1781 2295 μικρὸν
1806 2243 1900 2282 6καὶ

374 2310 611 2366 πρόςκαιρον
629 2308 827 2362 σάββατον
845 2306 1199 2361 ἐξυπηρετούμενον
1218 2307 1306 2363 ἄχρι
1320 2313 1388 2361 τῆς
1403 2307 1523 2350 αὐτοῦ
1539 2311 1767 2362 παρουσίας,
1785 2327 1897 2363 προς-

375 2379 514 2433 ταχθὲν
534 2376 598 2419 ὑπ’
621 2376 741 2418 αὐτοῦ
764 2374 861 2417 κατά
884 2374 951 2416 τόν
975 2374 1118 2428 νόμον,
1148 2378 1215 2418 καὶ
1237 2379 1277 2418 ἐν
1301 2375 1406 2434 αὐτῷ
1431 2376 1571 2427 λυθὲν,
1601 2377 1667 2417 καὶ
1693 2378 1900 2431 πληρωθὲν

375 2449 416 2489 ἐν
445 2450 497 2504 τῷ
529 2444 741 2502 εὐαγγελίῳ.
806 2443 941 2491 Οὕτως
969 2442 1040 2499 γάρ
1072 2442 1195 2496 εἶπεν,
1237 2444 1318 2496 ὅτι,
1360 2444 1510 2500 Κύριός
1540 2446 1640 2486 ἐστιν
1670 2442 1692 2486 ὅ
1721 2444 1807 2493 υἵός
1831 2451 1900 2487 τοῦ

377 2514 595 2570 άνθρώπου
621 2514 687 2555 καὶ
705 2517 776 2554 τοῦ
794 2510 1004 2565 σαββάτου.
1053 2511 1180 2554 ΓΌθεν
1200 2514 1427 2567 ’θαρσαλέως
1448 2515 1488 2555 οἷ
1504 2514 1678 2566 μαθηταὶ
1697 2512 1834 2555 λύουσι
1855 2514 1897 2556 τό

377 2583 595 2636 σάββατον,
627 2579 760 2634 ἐπειδὴ
783 2582 847 2621 καὶ
871 2582 911 2620 οἷ
930 2579 1005 2635 πρὸ
1031 2578 1159 2621 αὐτῶν
1186 2583 1298 2636 ἱερεῖς
1320 2582 1434 2622 ἔλυον
1460 2580 1535 2623 7τό
1561 2579 1756 2634 σάββατον
1777 2581 1897 2624 θύον-

376 2667 455 2702 τες,
488 2652 552 2692 καὶ
573 2655 656 2707 θεῷ
680 2652 822 2698 θυσίας
849 2649 1149 2703 προςφέροντες,
1181 2651 1246 2690 ἵνα
1269 2648 1321 2702 μή
1343 2648 1492 2707 άργήσῃ
1517 2651 1637 2690 θυσία
1656 2647 1683 2702 ἦ
1705 2649 1899 2704 ἐνδελεχὴς

421 2822 451 2854 2.
475 2820 610 2866 πάσχων
630 2824 695 2854 cod.
715 2824 811 2854 Vatic.
841 2822 925 2853 Edili
944 2822 1036 2860 vulqo
1053 2831 1115 2852 πα-
1196 2821 1227 2852 5.
1247 2821 1370 2860 „F0rte
1389 2818 1466 2854 τὸν(
1484 2823 1642 2853 annotavit
1656 2823 1809 2853 Pelavius.
1836 2824 1900 2854 Non

380 2868 488 2923 σχῶν.
1161 2876 1237 2905 opus
1265 2870 1315 2897 est.
1363 2868 1555 2898 Structuram
1573 2868 1707 2898 illustrat
1733 2868 1899 2898 Cornarius

423 2914 454 2946 3.
478 2911 525 2945 ἔτι.
548 2909 620 2946 δὲ
609 2909 666 2945 ἅτε.
690 2910 750 2954 τῆ)
777 2911 851 2954 μίαν
876 2912 941 2943 cod.
963 2912 1059 2941 Valic.
1161 2914 1381 2951 interpretans:
1404 2910 1513 2942 sedin
1534 2911 1697 2942 Christum
1716 2912 1898 2954 propheta-

421 2956 452 2990 4.
473 2953 604 2999 τετράδ
618 2959 664 2989 ed.
680 2938 784 2989 Pefiav.
817 2954 959 2998 τετράδη
976 2957 1040 2987 cod.
1057 2958 1114 2987 la-
1162 2955 1210 2986 vit
1233 2956 1384 2996 Lamech,
1405 2955 1458 2999 qui
1477 2967 1534 2998 per
1554 2957 1627 2987 Noe
1647 2956 1845 2998 significatur
1865 2957 1897 2988 in

378 3007 426 3036 lic.
471 3000 614 3045 τετράδα.
637 3004 702 3034 cod.
722 3004 850 3042 Rhediy.
872 3005 899 3033 et
920 3003 966 3033 ed.
983 3002 1084 3040 princ.
1162 3000 1311 3033 veritate.
