2034 3267
505 166 682 200 PANARu
705 167 787 200 Lm.
807 169 833 200 1.
859 167 965 201 ToM.
987 169 1041 201 111.
1064 168 1193 202 HAER.
1213 169 1318 202 xnn.
1598 164 1676 205 633

267 242 399 285 Schol.
427 243 583 286 LXIX.
631 245 726 288 Post
756 248 849 288 ista:
883 251 990 287 Heme
1015 252 1216 288 invenimus
1238 251 1504 291 subvertentem
1527 260 1672 303 gentem
1694 260 1819 293 Luc·23.
1835 261 1860 287 2.

153 320 336 360 nostram,
370 313 532 363 addidit,
565 318 618 354 Et
644 318 889 355 destruentem
921 318 1035 366 legem
1065 331 1110 355 ae
1133 319 1348 369 prophetas.

265 379 398 420 Refut.
421 379 578 422 LXIX.
624 381 767 423 Nonne
799 383 881 423 vias
913 382 1055 422 domini
1087 392 1313 438 pervertere
1348 387 1513 441 undique
1539 387 1674 442 depre-
1694 397 1808 431 Act-1³,
1823 397 1861 424 1⁰·

153 448 330 488 henderis
353 463 397 489 ac
420 450 690 491 convinceris?
749 449 850 490 Nam
873 464 957 490 cum
981 451 1067 490 liuic
1089 451 1173 491 loco
1197 453 1294 506 quod
1317 453 1471 494 minime
1494 455 1677 510 scriptum

152 522 211 556 est
234 515 365 555 adiicis
386 531 429 556 ac
453 517 696 572 tibimetipsi,
732 531 855 571 neque
879 517 979 557 enim
1005 519 1158 558 domino
1185 519 1346 560 dix'erim
1369 522 1596 563 calumniam
1625 525 1677 563 ta-

152 583 221 634 cis,
255 583 305 623 ita
327 585 526 625 scribens:
560 588 668 624 Hune
689 589 890 624 &menemus
908 594 1125 625 evertentem
1146 590 1260 638 legem
1281 603 1325 627 ae
1337 592 1553 640 prophetas,
1585 606 1676 631 con-

150 652 268 692 traria
296 659 331 692 te
355 652 440 692 liuic
463 653 688 703 salvatoris,
723 654 880 703 insane,
915 653 1100 706 iugulubit
1125 655 1264 695 oratio.
1326 658 1410 695 Non
1433 661 1518 696 veni
1535 661 1677 697 solvere
1691 666 1876 703 Matth.5‚1⁷.

151 723 265 773 legem
292 729 359 759 aut
375 723 596 772 prophetas,
640 723 704 759 sed
726 723 888 772 implere.
951 719 1043 760 Non
1070 722 1185 774 igitur
1213 730 1339 777 potest
1359 724 1458 764 idem
1486 725 1572 776 ille,
1614 727 1675 779 qui

151 802 194 830 se
226 803 301 828 non
335 789 532 829 evertendi
564 789 687 842 gratia
720 788 874 828 venisse
908 795 1090 839 testatur,
1140 790 1314 830 accusari
1347 793 1445 845 quod
1474 794 1672 832 everterit.

148 855 288 911 Neque
319 870 413 896 vero
443 856 494 895 ita
527 856 562 894 in
595 855 799 909 evangelio
825 856 1010 909 legimuS,
1055 858 1121 897 sed
1148 859 1296 912 potius,
1344 863 1450 899 Hunc·
1474 863 1675 900 invenimus

149 926 417 964 subvertentem
443 926 640 975 populum,
675 926 851 962 (libentem
881 938 920 961 se
951 926 1136 964 Christum
1168 940 1305 977 regem.

263 1058 395 1101 Schol.
420 1056 557 1099 LXX.
606 1059 722 1099 Aliud
755 1073 905 1114 quoque
934 1067 1021 1114 post
1048 1060 1140 1101 llaec
1170 1062 1312 1103 verba:
1356 1066 1855 1116 &prohibentem11u0.2³,2.

152 1129 294 1167 tributu
324 1131 433 1175 dure,
468 1127 652 1168 subiecit:
687 1130 739 1166 Et
765 1136 986 1167 avertentem
1018 1144 1154 1168 umores
1185 1145 1229 1169 ae
1260 1132 1408 1170 liberos.

259 1195 393 1236 Refut.
423 1193 560 1236 LXX.
610 1193 707 1248 Quis
743 1196 911 1249 seipsum
949 1197 986 1236 iu
1024 1212 1207 1252 praeceps
1245 1199 1424 1253 impellit,
1471 1200 1675 1255 impletque

148 1264 247 1318 quod
274 1263 456 1318 scriptum
483 1271 563 1304 est:
610 1266 683 1314 Qui
702 1265 776 1302 sibi
795 1279 947 1315 nequam
976 1273 1050 1313 est,
1098 1270 1162 1304 em·
1181 1268 1296 1306 bonus
1318 1271 1419 1306 erit?
1477 1267 1551 1308 Est
1576 1270 1675 1308 enim
1697 1278 1754 1306 Sir.
1772 1280 1810 1314 ιι,
1825 1282 1848 1309 5.

147 1331 218 1371 hoc
245 1331 439 1371 inauditae
462 1331 654 1371 cuiusdam
681 1332 908 1371 teineritatis
936 1346 980 1372 ac
1004 1334 1159 1387 flagitii,
1204 1335 1286 1375 sive
1314 1335 1554 1389 periculosae
1579 1337 1677 1376 sale-

144 1399 359 1453 brosaeque
383 1399 468 1439 viae
495 1400 652 1439 evidens
678 1407 960 1452 argumentum,
994 1401 1123 1441 delere
1149 1416 1246 1455 quae
1269 1403 1409 1458 scripta
1434 1412 1547 1454 sunt,
1582 1419 1677 1459 quae

146 1481 333 1521 nusquam
359 1468 500 1523 scripta
532 1475 641 1507 eraut
667 1468 828 1518 addere,
874 1468 985 1522 idque
1013 1469 1051 1508 in
1078 1470 1282 1522 evangelio
1309 1471 1546 1525 potissimum
1573 1486 1676 1513 com-

146 1535 323 1586 mittere,
370 1536 469 1590 quod
497 1536 534 1575 in
562 1543 760 1575 aeternum
787 1536 923 1576 stabile
952 1550 996 1576 ac
1023 1537 1170 1577 firmum
1199 1552 1286 1578 esse
1312 1547 1503 1593 oporteat.
1565 1541 1675 1580 Adde

146 1604 243 1658 quod
271 1604 331 1643 illa
358 1604 437 1658 ipsa
463 1617 558 1658 quae
581 1611 669 1643 sunt
693 1603 819 1644 addita
845 1618 967 1658 neque
987 1605 1112 1644 locum
1139 1606 1299 1656 liabent,
1335 1621 1458 1660 neque
1481 1609 1676 1663 aenigma-

145 1673 193 1712 tis
228 1672 349 1711 instar
381 1672 519 1726 aliquid
554 1671 786 1725 significant.
850 1670 990 1725 Neque
1022 1673 1122 1712 enim
1152 1672 1332 1715 Christus
1366 1689 1509 1716 uxores
1536 1677 1676 1716 avertit

145 1747 209 1779 aut
234 1739 400 1789 liberos,
435 1754 518 1780 cnm
545 1740 626 1794 ipse
651 1739 806 1789 dixerit,
840 1743 990 1779 Honora
1007 1749 1151 1792 putrem
1177 1751 1214 1781 et
1233 1751 1398 1790 matrem,
1432 1744 1539 1795 item,
1575 1748 1675 1795 Quae
1690 1755 1877 1792 Matth.15,4.

145 1810 232 1847 deus
258 1811 470 1854 eonium-it,
513 1810 616 1846 homo
642 1823 713 1847 non
741 1817 898 1860 separet.
963 1808 1022 1848 Ac
1052 1810 1202 1850 tametsi
1228 1811 1278 1850 ita
1306 1812 1586 1865 pronuntiarit:
1631 1801 1877 1875 Sliffissssffoss'

145 1879 227 1928 quis
248 1891 319 1915 non
337 1879 531 1928 reliquerit
545 1884 689 1927 patrem
709 1884 745 1915 et
761 1885 926 1924 matrem,
952 1879 1161 1931 etfi¹at1·e.5‚
1185 1887 1220 1917 et
1239 1894 1390 1918 umorem
1411 1882 1563 1932 etfile‘os
1581 1889 1668 1928 ete.,
1757 1867 1763 1874 ³
1811 1868 1818 1881 i
1870 1868 1875 1874 ⁴

145 1959 217 1983 non
235 1952 360 1996 potest
382 1959 481 1983 meus
505 1959 582 1982 esse
607 1946 830 1996 discipulus,
877 1959 950 1984 non
971 1946 1063 1985 ‘ideo
1093 1953 1219 1986 tamen
1248 1948 1446 2002 usurpavit
1471 1955 1509 1988 ut
1538 1963 1673 2003 paren-

148 2019 205 2052 tes
230 2012 316 2052 odio
341 2012 534 2052 habendos
557 2012 820 2066 praeciperet,
853 2014 919 2053 sed
946 2020 984 2053 ut
1006 2028 1053 2054 ne
1078 2014 1123 2054 ad
1147 2015 1309 2055 alienam
1335 2016 1444 2055 fidem
1470 2030 1675 2071 capessen-

147 2080 256 2130 dam,
291 2080 533 2134 quidpiamve
557 2080 764 2120 salvatoris
785 2080 1004 2134 disciplinae
1028 2083 1262 2123 contrarium
1289 2091 1488 2138 pareutum
1512 2099 1582 2124 nos
1605 2087 1672 2124 im-

150 2148 296 2204 perium
328 2155 441 2202 atque
474 2149 682 2188 auctoritas
714 2157 956 2203 provocaret.

260 2214 391 2257 Schol.
417 2214 573 2256 LXXI.
621 2219 673 2255 Et
694 2220 875 2256 venientes
900 2220 936 2256 in
963 2220 1102 2266 locum,
1147 2223 1214 2271 qui
1233 2223 1371 2259 (licitur
1396 2223 1589 2260 Culvuriae
1616 2223 1668 2259 lo-
1688 2231 1815 2268 Luc.23‚
1831 2235 1872 2262 33.

147 2300 226 2334 eus,
260 2288 533 2336 eruefirer‘unt
552 2299 645 2331 eum,
681 2293 716 2323 el
735 2288 939 2325 diviserunt
960 2290 1170 2326 vestimentu
1184 2318 1193 2334 ‚
1228 2296 1264 2326 et
1283 2289 1502 2327 obscuratus
1523 2297 1578 2327 est
1597 2292 1667 2328 sol.

256 2419 391 2461 Refut.
418 2418 574 2460 LXXI.
622 2420 776 2462 Gratias
798 2422 1036 2463 misericordi
1059 2423 1146 2473 deo,
1181 2423 1244 2478 qui
1267 2438 1402 2464 currus
1429 2432 1513 2465 tuos
1538 2425 1670 2479 alliga·
1687 2437 1873 2472 Ex0‹t.14‚24.

145 2488 225 2540 vit,
260 2503 281 2528 o
305 2487 457 2528 Pharao
481 2486 654 2538 Marcio,
689 2489 851 2544 illosque
877 2491 961 2531 dum
993 2492 1118 2546 fugam
1146 2492 1290 2532 moliris
1321 2492 1357 2532 iu
1391 2506 1493 2532 mare
1523 2495 1672 2533 demer-

144 2557 208 2598 sit.
268 2555 371 2597 Nam
407 2571 490 2596 cum
523 2570 673 2597 omnem
707 2558 985 2611 tergiversandi
1019 2559 1262 2600 occasionem
1291 2567 1443 2613 captes,
1492 2561 1584 2601 nihil
1611 2562 1672 2602 hic

146 2639 219 2679 quo
250 2632 287 2665 te
312 2639 480 2665 excuses
505 2624 643 2665 afferre
670 2625 828 2679 poteris.
891 2625 1043 2667 Etenim
1077 2628 1138 2681 qui
1164 2642 1278 2668 carue
1305 2642 1380 2668 non
1405 2636 1579 2680 constat,
1624 2645 1671 2670 ne

146 2693 242 2747 affigi
266 2693 415 2747 quidem
440 2693 542 2733 cruci
568 2700 707 2747 potest.
771 2691 973 2746 Quomodo
998 2695 1114 2748 igitur
1133 2703 1207 2736 tam
1230 2696 1415 2736 illustrem
1439 2699 1668 2740 sententiam

144 2849 182 2879 9⁰
210 2843 311 2880 extat,
348 2842 487 2881 quodque
516 2844 693 2880 corruptum
718 2850 777 2873 esse
801 2851 888 2873 nemo
933 2843 1008 2875 fidei
1034 2843 1204 2886 imperium
1227 2843 1463 2883 subducamur,
1489 2851 1543 2876 aut
1566 2857 1583 2877 a
1608 2846 1672 2877 do-

145 2888 187 2916 est
217 2888 269 2925 qni
296 2897 355 2918 non
382 2888 544 2925 intelleyat.
592 2888 719 2917 Petavio
750 2889 888 2918 nonnihil
934 2889 1035 2921 ctrina
1060 2888 1230 2920 salvatoris
1254 2888 1467 2920 discedamus.

145 2931 245 2961 deesse
260 2933 429 2963 videbatur.
464 2933 630 2963 Cornartus
647 2934 811 2963 convertit:
831 2931 888 2963 sed
978 2933 1030 2967 61.
1057 2930 1157 2967 αὐτοῦ
1182 2936 1374 2966 desideratur
1396 2945 1502 2975 supra.

146 2980 184 3005 ut
204 2986 245 3006 ne
265 2987 282 3006 a
298 2976 443 3018 patribus
465 2987 502 3007 ac
519 2976 676 3008 matribus
696 2975 737 3007 ad
756 2975 888 3009 atterius
