2034 3267
478 154 653 185 PANAnn
680 154 760 186 Lm.
780 156 804 186 1.
829 156 933 187 ΤοΜ.
953 156 992 187 n.
1018 156 1146 188 HAER.
1169 155 1326 189 xxvui.
1584 153 1661 192 223

141 239 227 272 ante
250 232 431 272 diximus.
480 233 608 286 Atque
631 232 682 272 illi
707 232 778 287 ipsi
801 240 890 273 sunt
912 248 1008 287 quos
1030 232 1174 275 Paulus
1188 236 1314 288 salsos
1332 239 1516 287 apostolos
1534 246 1660 290 vocat,
1682 251 1797 293 z.cq1·.

142 302 331 352 operarios
360 301 553 346 subdolos,
590 302 895 353 transformantes
924 316 962 339 sc
992 305 1028 340 z'lz
1057 305 1242 353 apostolos
1273 306 1425 343 Christi.
1689 284 1730 318 11,
1749 285 1788 313 1³.

249 364 439 406 Matthaei
469 366 568 406 enim
601 367 802 420 evangelio
835 381 908 406 non
939 367 1114 421 integro,
1159 371 1224 409 sed
1257 383 1308 410 ex
1338 378 1444 424 parte
1475 372 1662 413 duntaxat
1688 381 1764 424 Cap.
1792 382 1829 413 V.

140 441 312 483 utuntur,
346 434 522 473 nimirum
548 441 702 488 propter
723 433 1004 486 genealogiam,
1038 449 1135 488 qnae
1158 436 1240 476 eius
1262 444 1320 477 est
1341 438 1468 478 carnis
1490 440 1659 494 propria,

140 502 237 554 quod
271 500 419 553 quidem
451 501 639 554 evangelii
670 500 926 539 testimoninm
959 500 1146 550 afferunt,
1192 509 1303 556 atque
1337 505 1389 545 ita
1416 506 1658 560 praedicant:

141 569 294 620 Sufficit
317 571 495 618 cle'scepulo
507 598 517 615 ,
550 571 588 606 εί
606 570 658 605 sit
677 569 775 604 sicut
796 569 974 616 magister
996 570 1087 605 eius.
1152 568 1253 621 Quid
1277 570 1416 623 igitur,
1459 572 1659 626 inquiunt?
1678 585 1790 631 Manli.

141 632 403 675 Circumcisus
435 642 494 675 est
521 633 651 674 lesus:
696 640 734 672 tu
763 647 911 686 quoque
939 633 1021 687 ipse
1049 634 1338 676 circumcidere.
1402 636 1580 679 Christus
1609 654 1660 681 ex
1678 621 1722 654 ω’
1740 622 1781 647 ‘³'

139 702 235 755 legis
260 702 495 756 praescripto
522 701 635 740 vitam
660 699 846 739 instituit:
882 706 919 739 tu
946 700 1063 754 igitur
1087 702 1220 741 eadem
1249 705 1379 744 facito.
1444 705 1542 746 Hinc
1565 722 1661 747 non-

140 770 231 809 nulli
257 769 311 808 sic
337 769 382 808 ab
410 769 482 808 illis
510 775 686 819 tanquam
719 767 920 807 venenatis
945 768 1188 821 serpentibus
1213 769 1361 824 abrepti
1387 773 1659 814 verisimilibus

141 837 289 876 illorum
312 835 521 875 rationibus
544 833 827 882 assentiuntur,
862 847 912 873 ex
938 848 983 873 eo
1007 836 1172 874 maxime
1198 837 1295 889 quod
1321 845 1357 877 ct
1381 835 1560 879 Christus
1585 841 1659 880 cir-

140 903 407 943 cumcisionem
437 900 663 952 susceperit.
726 899 837 952 Quod
871 901 915 940 ad
947 899 1109 942 Paulum
1141 903 1327 955 pertinet,
1375 904 1475 944 hunc
1507 908 1659 960 penitus

140 971 371 1025 explodunt,
405 974 608 1022 propterea
630 967 727 1020 quod
761 968 1091 1008 circumcisionem
1115 970 1320 1020 abdicarit,
1356 979 1392 1011 et
1418 975 1580 1013 eundem
1604 975 1658 1015 id-

140 1038 242 1078 circo
267 1035 464 1084 reiiciunt,
507 1035 604 1087 quod
632 1034 731 1074 istud
758 1036 1021 1088 usurpaverit:
1067 1039 1280 1090 Quicunque
1305 1042 1342 1077 iu
1369 1041 1451 1090 leg-e
1476 1043 1656 1081 e‘uste'c'ca-
1675 1055 1777 1083 catat.

140 1108 245 1151 mini,
278 1117 300 1142 α
320 1104 447 1153 gratia
467 1104 682 1140 excldzlstzk:
716 1109 776 1152 et,
810 1106 858 1141 Sz'
878 1106 1212 1153 cercumcidume'm‘,
1249 1108 1419 1145 Christus
1440 1110 1538 1146 ne'lze'l
1556 1110 1656 1148 vobis
1674 1089 1699 1123 δ’
1713 1090 1775 1117 ²⁴⁴⁶

132 1173 310 1223 proderit.

245 1236 307 1277 Ad
333 1235 427 1275 haec
452 1233 660 1276 Cerinthus
686 1236 796 1276 homo
821 1237 1004 1288 stolidus,
1039 1253 1083 1278 ac
1108 1239 1331 1281 stolidorum
1359 1242 1565 1295 magister,
1599 1243 1654 1283 di-
1679 1247 1756 1291 Cap.
1779 1250 1834 1281 w.

136 1317 222 1344 cere
244 1303 337 1343 nihil
361 1310 421 1342 est
440 1303 610 1353 veritus,
652 1318 805 1358 passum
830 1305 980 1358 quidem
1006 1319 1050 1345 ae
1074 1307 1298 1348 crucifixum
1323 1322 1410 1349 esse
1439 1307 1653 1362 Christum,

135 1371 298 1411 nondum
324 1377 447 1410 tamen
476 1384 498 1410 a
526 1371 684 1410 mortuis
708 1372 940 1422 excitatum,
975 1386 1018 1412 ac
1045 1379 1122 1412 tum
1145 1374 1294 1414 demum
1320 1390 1403 1415 cum
1429 1378 1567 1417 mortui
1593 1392 1655 1418 re-

133 1445 292 1492 surgent
313 1452 447 1477 omnes
473 1438 733 1478 excitandum.
774 1437 908 1492 ltaque
928 1439 1114 1479 eiusmodi
1137 1441 1287 1482 illorum
1313 1450 1350 1482 et
1376 1443 1475 1483 dicta
1501 1451 1540 1484 et
1563 1446 1655 1499 dog-

134 1512 232 1546 mata
262 1505 471 1545 cohaerere
503 1506 604 1545 nullo
637 1506 748 1545 modo
785 1513 959 1560 possunt.
1027 1505 1275 1561 indidemque
1312 1507 1454 1550 Paulus
1493 1512 1549 1551 sic
1587 1526 1654 1553 eos

133 1573 196 1627 qui
219 1579 508 1613 resurrecturos
532 1580 702 1612 mortuos
725 1573 936 1613 diffiderent
956 1574 1169 1628 redarguit.
1216 1579 1264 1614 Si
1282 1581 1421 1616 mortue·
1437 1593 1509 1617 non
1527 1594 1653 1619 resur·
1673 1586 1836 1648 ¹13⁰Z{·;›J-s'’

129 1648 246 1692 gunt,
284 1655 398 1692 neque
423 1642 591 1679 Christus
614 1644 835 1679 resurreoeit.
898 1639 1121 1696 Eodemque
1147 1644 1312 1696 pertinet
1335 1644 1446 1685 illud:
1489 1649 1653 1686 Edamus
1705 1641 1829 1683 εὲῑέῐ3·Μ

133 1716 170 1747 et
198 1709 381 1755 bibamus,
424 1722 510 1746 cras
538 1711 631 1746 em'm
656 1711 864 1747 moriemur.
929 1708 1030 1748 Tum
1057 1710 1179 1749 istud:
1223 1713 1350 1749 Nolite
1374 1727 1527 1761 errare,·
1570 1729 1653 1753 cor-

130 1783 305 1826 rumpunt
327 1776 438 1814 bonos
459 1790 576 1814 mores
595 1778 776 1827 colloquia
794 1790 926 1827 prava.
988 1776 1049 1816 Ac
1075 1791 1226 1817 rursum
1251 1791 1334 1829 eos,
1367 1779 1428 1832 qui
1455 1777 1653 1822 Christum

131 1843 252 1883 adhuc
276 1843 540 1883 resurrexisse
567 1849 775 1896 negarent,
819 1842 890 1883 hoc
915 1843 1026 1883 modo
1051 1845 1268 1885 convincit:
1311 1848 1359 1884 Sz‘
1383 1849 1554 1887 Christus
1578 1864 1652 1888 non

129 1914 357 1957 resurreoez‘t,
392 1925 486 1949 vanu
511 1918 567 1949 est
583 1912 811 1961 praedicatio
833 1918 960 1949 nostra
971 1941 982 1958 ,
1015 1914 1136 1951 inanis
1157 1920 1193 1951 et
1201 1914 1304 1964 fides
1329 1922 1472 1953 vestra.-
1512 1919 1651 1955 inveni—

129 1992 212 2016 mur
231 1985 351 2016 autem
371 1980 520 2031 etsalsz‘
542 1986 648 2016 testes
672 1980 749 2024 clei,
793 1981 960 2029 quoniam
980 1983 1174 2018 suscitavit
1199 1983 1406 2029 Christum,
1449 1998 1552 2034 quem
1577 1999 1650 2023 non

128 2047 333 2083 suscitavit.
397 2043 546 2098 Quibus
577 2045 739 2094 indicat,
785 2042 979 2101 Christum
1012 2060 1035 2086 a
1066 2048 1226 2088 mortuis
1258 2049 1468 2089 excitatum
1502 2051 1650 2105 praedi-

129 2125 239 2152 casse
271 2112 419 2165 quidem
450 2112 667 2166 apostolos,
712 2113 892 2165 quasdam
920 2126 1013 2153 vcro
1041 2113 1223 2156 haereses
1250 2118 1400 2157 tametsi
1426 2118 1649 2158 surrexisse

130 2176 328 2220 Christum
368 2187 613 2230 assererent,
664 2186 897 2219 mortuorum
936 2187 1064 2221 tamen
1098 2183 1423 2224 resurrectionem
1465 2198 1645 2237 negasse.

128 2244 281 2287 Etenim
314 2246 354 2286 in
386 2248 453 2287 hac
483 2246 565 2301 ipsa
592 2246 750 2299 regione
779 2247 920 2298 Asiae,
968 2262 1038 2288 nec
1070 2263 1145 2288 non
1179 2257 1215 2289 et
1247 2250 1286 2290 in
1315 2250 1468 2291 Galatia
1494 2252 1647 2292 illorum

129 2313 313 2353 eiusmodi
348 2314 479 2354 schola
511 2314 728 2368 cumprimis
763 2328 807 2354 ac
840 2314 1038 2370 disciplina
1071 2316 1213 2356 floruit.
1279 2316 1341 2357 De
1377 2333 1450 2372 quo
1484 2319 1585 2360 istud
1623 2334 1646 2360 a

125 2380 333 2421 maioribus
358 2381 533 2421 traditum
558 2380 798 2435 accepimus,
840 2383 1044 2423 nonnullos
1067 2397 1119 2423 ex
1142 2397 1188 2424 eo
1213 2397 1358 2437 genere
1383 2386 1479 2426 citra
1503 2386 1644 2440 baptis-

125 2462 226 2487 mum
259 2449 502 2499 excessisse,
545 2462 589 2488 ac
619 2463 686 2502 pro
717 2448 763 2488 iis
794 2449 890 2489 alios
921 2450 1146 2505 baptismum
1177 2453 1398 2493 eorumdem
1425 2453 1643 2508 suscepisse

126 2515 303 2566 nomine,
348 2530 395 2555 ne
428 2529 512 2555 cum
544 2523 719 2555 extrema
748 2516 896 2556 demum
927 2518 1214 2558 resurrectione
1243 2521 1416 2560 revocati
1447 2521 1492 2560 ad
1522 2521 1640 2561 vitam

124 2589 276 2632 essent,
321 2583 582 2637 praetermissi
612 2582 786 2636 baptismi
816 2598 959 2638 poenas
990 2586 1273 2640 dependerent,
1320 2595 1433 2641 atque
1464 2587 1546 2627 eius
1577 2588 1641 2642 qui

124 2649 303 2689 mundum
335 2649 502 2689 condidit
533 2650 780 2689 dominationi
809 2651 1028 2692 subessent.
1092 2650 1212 2693 Cuius
1242 2654 1297 2693 rei
1328 2655 1451 2708 gratia
1481 2669 1641 2710 usurpa-

123 2722 200 2756 tum
225 2716 315 2757 illud
340 2717 385 2756 ab
408 2717 581 2771 apostolo
605 2717 734 2756 eadem
757 2718 802 2757 ad
827 2733 897 2759 nos
918 2720 1114 2759 auditione
1136 2721 1321 2774 perlatum
1345 2729 1425 2762 est:
1459 2725 1837 2770 Sz‘onznz'-1c⁰r.15‚29.

125 2797 169 2821 no
193 2788 333 2823 mortui
357 2800 428 2823 nou
454 2791 678 2835 resurgunt,
720 2788 810 2836 quid
835 2795 892 2825 est
911 2790 1008 2838 quod
1031 2789 1269 2839 baptizantur
1288 2804 1360 2840 pro
1386 2793 1503 2841 ipsis?
1560 2789 1640 2831 Ve-

125 2862 206 2889 rum
236 2851 298 2890 alii
331 2852 526 2891 commode
559 2851 628 2890 hoc
660 2852 819 2905 apostoli
850 2854 986 2894 dictum
1015 2854 1315 2909 interpretantur
1345 2857 1389 2897 de
1422 2857 1466 2897 iis
1493 2857 1554 2911 qui
1582 2858 1639 2897 in-
