2034 3267
524 242 697 273 PANARu
722 242 803 274 Lm.
822 244 845 274 1.
871 244 976 277 TOM.
1001 245 1040 275 11.
1065 244 1192 276 ΗΑΕΒ.
1213 245 1323 278 XXV.
1606 241 1680 279 165

157 333 228 371 per·
256 333 339 370 spe.-
381 321 500 358 adhue
522 322 736 371 paululum,
772 324 966 372 paululum
990 325 1109 361 adhuc
1133 331 1298 374 expecta.
1361 322 1491 378 Quare
1516 325 1679 379 ipsamet

162 385 352 425 Hebraiea
384 386 501 427 verba
534 387 688 426 totidem
719 394 759 426 ut
785 388 860 427 illic
892 388 1071 441 leguntur
1095 390 1284 441 descripta
1312 391 1467 445 syllabis
1495 391 1566 432 hoc
1590 392 1675 433 loco

161 452 375 492 subiiciam.
437 452 586 508 Quippe
614 453 720 493 Tsau
745 454 869 493 latsau
894 453 1001 494 Tsau
1028 456 1151 495 latsau
1178 459 1448 497 tribulationem
1472 473 1582 510 super
1607 464 1675 499 trz‘-

161 520 378 559 bulationem
418 520 624 573 significat,
673 518 867 560 Caulacau
905 518 1097 561 Caulacac
1133 537 1229 574 spem
1264 539 1376 576 super
1404 541 1522 577 spem,
1569 526 1673 567 Zeer

159 587 286 626 scham
321 586 423 626 Zeer
448 587 574 627 scham
602 589 720 625 adhuc
735 589 950 637 paululum,
989 590 1183 639 paululum
1205 593 1324 629 adhuc
1351 601 1515 643 expecta.
1580 592 1671 635 Ubi-

158 667 243 693 nam
268 654 383 707 igitur
404 661 462 694 est
484 654 632 693 illorum
656 655 937 693 commentum?
996 653 1070 694 Ubi
1092 655 1340 696 vanissimum
1365 659 1455 699 illud
1481 660 1667 701 somnium

157 722 258 761 fetus
293 722 414 761 instar
452 721 497 761 ab
532 720 616 759 istis
655 721 904 773 conceptum?
959 719 1070 761 Unde
1109 721 1203 761 haec
1241 723 1279 762 in
1316 726 1455 765 mundo
1494 727 1670 768 zizania?

157 785 355 839 Quaenam
379 801 498 841 genus
523 786 592 825 hoc
617 785 809 826 hominum
832 788 1045 828 necessitas
1069 790 1216 842 coegit,
1250 790 1321 829 sibi
1349 798 1388 830 ut
1408 793 1665 835 voluntarium

155 855 314 894 exitium
340 853 649 893 consciscerent?
707 851 750 892 Si
774 853 873 892 enim
898 854 1085 894 eiusmodi
1107 856 1294 896 vocabula
1320 871 1403 897 cum
1430 872 1559 900 eorum
1589 862 1664 901 vim

154 921 410 975 intelligerent
434 919 646 973 perniciosa
670 919 926 960 ludificatione
952 922 1221 973 detorserunt,
1266 924 1470 965 manifeste
1495 927 1663 968 sibimet-

152 989 243 1041 ipsis
266 988 350 1027 mali
371 993 546 1027 auctores
571 987 746 1026 fuerunt:
781 987 838 1026 sin
860 1001 929 1042 per
945 988 1198 1041 ignorantiam
1221 1005 1316 1044 quae
1338 992 1531 1032 nescirent
1552 1008 1662 1034 usur-

152 1055 345 1108 paverint,
378 1053 468 1092 nibil
495 1052 552 1093 his
578 1053 665 1107 fingi
693 1061 819 1108 potest
845 1055 1048 1095 infelicius.
1112 1055 1259 1097 Stolida
1287 1059 1423 1112 quippe
1453 1067 1540 1099 sunt
1567 1061 1660 1101 haec

150 1129 259 1175 atque
288 1120 466 1170 ridicula,
510 1134 606 1174 quae
637 1121 807 1175 quisquis
839 1121 1021 1163 divinitus
1046 1124 1285 1177 prudentiam
1315 1132 1449 1165 nactus
1479 1127 1528 1166 sit
1558 1128 1660 1168 nullo

149 1188 300 1241 negotio
322 1187 533 1241 pervideat.
581 1186 778 1241 Siquidem
801 1189 1004 1244 voluptatis
1029 1191 1148 1244 gratia
1170 1206 1255 1231 cum
1276 1193 1441 1246 seipsos,
1466 1199 1543 1233 tum
1566 1209 1660 1247 quos

147 1255 285 1294 habent
304 1261 518 1294 sectatores
540 1255 786 1308 perdiderunt
805 1257 1042 1311 perduntque
1065 1258 1248 1311 quotidie.
1308 1258 1360 1300 Et
1381 1260 1531 1313 quidem
1553 1274 1660 1301 erro-

144 1321 196 1361 ris
226 1321 288 1360 ille
318 1322 473 1376 spiritus
506 1322 655 1375 quidam
687 1323 851 1363 velutin
881 1324 970 1364 tibia
995 1325 1106 1365 flatus
1137 1332 1221 1375 est,
1267 1327 1329 1380 qui
1352 1341 1658 1383 unumquemque

140 1388 398 1443 insipientium
422 1389 613 1429 hominum
634 1390 796 1430 diversis
819 1398 951 1430 contra
973 1391 1175 1432 veritatem
1195 1393 1467 1446 agitationibus
1489 1409 1658 1435 commo-

139 1462 217 1496 vet.
278 1456 406 1510 Atque
431 1457 526 1496 adeo
552 1456 641 1496 tibia
669 1457 859 1511 serpentis
887 1458 1045 1512 figuram
1071 1459 1210 1500 imitari
1238 1460 1410 1512 videtur,
1454 1475 1522 1515 per
1545 1476 1655 1517 quem

137 1522 259 1562 malus
282 1524 441 1563 daemon
464 1524 613 1564 locutus
636 1531 708 1575 est,
738 1531 851 1578 atque
874 1524 995 1565 Evam
1017 1527 1180 1581 decepit.
1240 1527 1300 1567 Ad
1326 1528 1434 1569 euius
1457 1530 1655 1584 exemplar

138 1603 324 1645 expressa
358 1597 392 1631 et
424 1591 469 1631 ad
496 1591 700 1632 humanum
728 1606 849 1645 genus
875 1592 1105 1633 illudendum
1135 1595 1306 1634 confecta
1335 1595 1426 1636 tibia
1452 1603 1525 1636 est.
1589 1597 1653 1637 Tu

134 1671 229 1699 vero
250 1665 288 1698 et
307 1658 407 1698 illam
427 1658 517 1698 mihi
540 1659 698 1712 effigiem
717 1659 866 1699 intuere
888 1673 996 1714 quam
1020 1661 1082 1714 qui
1101 1661 1192 1701 tibia
1215 1662 1315 1701 canit
1331 1663 1368 1702 in
1393 1676 1480 1703 sese
1500 1677 1654 1718 reprae-

135 1732 276 1765 sentat.
337 1724 411 1765 Hic
436 1726 534 1765 enim
559 1740 710 1766 sursum
736 1726 871 1766 faciem
893 1727 1054 1778 attollit,
1087 1742 1131 1768 ae
1157 1729 1335 1769 deorsum
1356 1730 1539 1780 demittit,
1572 1738 1650 1771 tum

135 1793 182 1832 ad
207 1793 344 1832 dextra
372 1792 603 1846 sinistraque
635 1793 791 1848 perinde
820 1802 862 1833 ut
888 1794 950 1834 ille
980 1795 1120 1848 vergit.
1182 1795 1332 1851 Quippe
1360 1796 1530 1838 diabolus
1557 1798 1650 1838 iisce

134 1860 306 1913 gestibus
330 1861 471 1910 utitur,
504 1867 545 1900 ut
570 1861 837 1900 contumeliam
858 1861 896 1900 in
919 1875 1080 1916 superos
1104 1869 1297 1913 ostentet,
1331 1870 1369 1904 et
1390 1879 1487 1918 quae
1508 1865 1546 1905 in
1572 1872 1649 1905 ter-

132 1941 176 1967 ra
198 1934 288 1967 sunt
309 1928 476 1968 funditus
499 1934 670 1977 evertat,
703 1934 897 1982 totumque
919 1929 1014 1968 adeo
1041 1936 1230 1971 terrarum
1252 1931 1382 1972 orbem
1408 1933 1543 1973 eodem
1566 1935 1650 1973 exi-

131 1994 185 2034 tio
207 1995 524 2049 comprehendat,
559 1995 642 2034 dum
668 1995 805 2034 dextra
828 1994 971 2053 pariter
992 2010 1036 2036 ac
1059 1997 1216 2038 sinistra
1239 1998 1448 2053 perniciem
1469 2001 1517 2040 iis
1540 2000 1650 2041 affert

132 2062 193 2116 qui
221 2062 258 2102 in
287 2062 370 2103 eius
399 2076 441 2103 se
468 2063 639 2102 fraudem
667 2062 928 2114 committunt,
969 2077 1014 2103 ac
1041 2065 1096 2104 sic
1125 2072 1305 2119 tanquam
1331 2067 1477 2107 musico
1503 2068 1648 2109 instru—

131 2137 259 2169 mento
290 2130 541 2170 fraudulentis
573 2129 672 2169 illius
703 2129 942 2170 sermonibus
974 2132 1203 2173 afficiuntur.

244 2194 343 2237 Sunt
367 2204 405 2237 et
430 2197 493 2237 alii
516 2196 663 2251 quidam
688 2209 738 2235 ex
764 2196 1044 2238 haereticorum
1066 2198 1217 2240 illorum
1242 2214 1385 2255 grege,
1430 2201 1490 2255 qui
1515 2202 1644 2242 inania

132 2265 317 2318 quaedam
340 2264 495 2304 nomina
516 2263 752 2316 confingunt,
785 2263 911 2318 itaque
935 2265 1086 2306 dicunt:
1119 2265 1235 2307 Initio
1259 2268 1440 2309 tenebras
1465 2283 1509 2308 ac
1531 2283 1644 2310 vora-

129 2332 256 2385 ginem
283 2339 321 2371 et
345 2345 478 2385 aquam
504 2331 646 2381 fuisse,
680 2344 777 2384 quae
802 2344 823 2370 a
845 2344 887 2371 se
909 2331 1074 2374 invicem
1097 2334 1254 2388 spiritus
1274 2335 1502 2376 secreverit.
1564 2335 1644 2377 Ve-

126 2412 211 2438 rum
232 2398 414 2439 tenebrae
435 2405 568 2438 contra
588 2397 760 2451 spiritum
779 2397 973 2439 iracundia
997 2415 1040 2440 ac
1060 2402 1189 2441 furore
1212 2402 1381 2456 percitae
1402 2417 1552 2443 sursum
1572 2418 1643 2444 ex-

128 2473 328 2506 currentes
353 2480 437 2505 cum
462 2479 507 2505 eo
531 2478 763 2517 congressae
786 2473 888 2505 sunt.
947 2465 1041 2507 Inde
1064 2467 1213 2508 Matrix
1238 2470 1369 2510 nescio
1394 2484 1490 2524 quae
1513 2472 1642 2525 genita

126 2532 287 2587 prodiit,
330 2546 427 2586 quae
455 2532 622 2572 eiusdem
657 2530 822 2586 Spiritus
852 2536 1166 2576 consuetudinem
1196 2536 1367 2590 appetiit.
1427 2536 1493 2577 Ex
1519 2552 1641 2592 eaque

127 2606 289 2653 quatuor
319 2599 478 2639 Aeones
511 2599 682 2653 producti
716 2606 817 2640 sunt.
877 2600 939 2641 Ab
970 2602 1028 2642 bis
1049 2601 1152 2643 XlV
1182 2603 1243 2642 alii
1276 2605 1482 2657 procreati.
1544 2603 1640 2646 ltem

125 2663 278 2705 Dextra
301 2663 565 2719 sinistraque,
605 2679 676 2705 nec
698 2680 772 2706 non
796 2665 948 2708 Lumen
973 2683 1017 2709 ac
1043 2668 1265 2710 Tenebrae.
1327 2669 1546 2712 Secundum
1572 2673 1641 2714 hos

127 2745 258 2772 omnes
290 2727 437 2787 turpem
468 2733 654 2786 quendam
685 2732 858 2774 Aeonem
892 2735 1033 2775 editum
1063 2743 1242 2786 narrant,
1289 2751 1449 2792 eumque
1479 2754 1562 2780 cum
1594 2754 1640 2780 ea

128 2813 236 2851 quam
261 2799 371 2854 paulo
396 2806 483 2840 ante
506 2799 671 2840 diximus
694 2798 859 2842 Matrioe
886 2802 1049 2855 coiisse,
1090 2811 1127 2844 et
1152 2803 1198 2844 ab
1225 2811 1385 2859 utroque
1410 2806 1501 2847 deos
1525 2814 1638 2861 atque

127 2899 212 2930 Abest
235 2909 254 2930 a
276 2901 342 2931 cod.
365 2901 493 2941 Rliediy.
519 2905 545 2932 et
567 2903 614 2932 ed.
630 2903 728 2940 princ.
949 2904 980 2936 2.
1004 2901 1163 2947 ἀγγέλους
1185 2906 1251 2937 cod.
1270 2908 1364 2939 Votic.
1389 2908 1516 2948 Rhediq.
1563 2907 1638 2944 τοὺς

172 2942 246 2974 Cn».
263 2944 302 2976 V.
327 2963 370 2968 —
397 2947 424 2977 1.
453 2947 536 2977 Libri
558 2948 648 2986 vulfio
671 2957 766 2988 φησι.
907 2945 1063 2990 ἀγγέλους
1085 2952 1154 2981 libri
1176 2951 1257 2982 editi.

1672 2206 1747 2249 cap.
1774 2207 1813 2237 v.
