2034 3267
473 175 651 209 PANARH
674 175 756 208 Lm.
773 175 798 208 1.
821 174 927 208 ToM.
943 175 1002 206 111.
1027 174 1158 206 HAER.
1175 174 1297 207 xmv.
1566 165 1645 206 693

123 254 232 297 Haec
255 255 355 296 enim
380 256 507 296 omnia
529 270 598 311 pro
622 270 666 296 ea
691 269 763 309 qua
786 253 980 310 praeditus
1006 261 1063 294 est
1088 253 1133 294 ab
1165 253 1267 294 omni
1290 252 1578 308 perturbatione
1601 253 1645 293 li-

123 324 214 364 bera
241 323 460 374 divinitate,
504 323 715 363 denuntiat.
778 321 856 364 Sed
894 322 940 362 ob
975 336 1056 362 eam
1091 322 1273 362 videlicet
1306 335 1504 370 caussam,
1546 322 1646 375 quod

123 392 384 446 unusquisque
414 406 522 432 suam
543 392 582 431 in
608 392 777 431 fraudem
804 390 942 444 aliquid
963 390 1125 429 moliens
1151 390 1251 430 ultro
1275 389 1387 443 capiti
1410 403 1479 429 suo
1505 389 1644 429 malum

122 460 307 510 arcessit,
352 474 435 500 cum
476 458 628 499 interim
669 458 910 513 corruptelae
949 458 1058 498 huius
1096 465 1253 498 nostrae
1291 457 1640 511 damnationisque,

122 542 217 581 quae
248 527 351 567 illinc
382 528 578 582 sequitur,
613 526 760 580 culpam
792 527 885 566 deus
917 526 1019 566 nullo
1051 526 1162 565 modo
1194 525 1397 565 sustineat.

234 594 493 649 Quamobrem
519 594 658 648 ubique
684 608 725 634 se
752 594 889 649 prodet
917 594 1039 648 ipsum
1070 593 1262 648 prioribus
1289 607 1333 632 ac
1365 591 1644 647 posterioribus

121 663 239 703 sectis
265 664 512 718 implicatum,
547 676 590 702 ac
613 676 655 702 se
679 676 699 702 e
725 661 949 716 perditionis
974 661 1134 701 filiorum
1161 674 1321 701 numero
1345 673 1432 700 esse
1456 667 1644 701 monstra-

120 731 194 782 bit,
229 745 313 771 cum
336 731 371 772 id
402 731 604 771 manifeste
627 729 773 770 veritas
802 729 883 784 ipsa
915 729 1105 779 declaret,
1138 729 1338 783 ipsumque
1367 728 1494 768 lumen
1527 742 1643 769 evan-

119 799 208 852 gelii
234 806 352 839 totum
377 806 565 839 terrarum
586 798 716 838 orbem
742 812 812 838 suo
837 797 1041 852 splendore
1066 797 1285 848 collustret,
1319 811 1361 837 ac
1385 795 1560 836 sincerae
1582 811 1643 837 rc—

118 866 272 921 ligionis
296 866 394 907 filios
416 867 460 907 ad
482 867 643 906 salutem
670 865 855 905 beneficio
878 865 1054 906 veritatis
1076 865 1252 905 adducat.
1294 863 1502 918 Postquam
1528 864 1644 919 igitur

117 934 349 975 brevissimo
376 934 438 974 illo
466 934 664 989 proposito
690 933 799 974 nobis
831 934 876 974 ad
906 933 1174 988 disputandum
1199 940 1424 987 argumento
1451 946 1642 974 emersum

118 1017 138 1043 e
165 1002 324 1043 latebris
353 1008 572 1057 serpentem
602 1001 707 1042 velut
737 1001 880 1055 exiguo
912 1001 988 1041 telo
1020 1001 1256 1041 confecimus
1286 1009 1399 1055 atque
1431 1009 1642 1041 emortuam

118 1071 296 1111 haeresin
320 1070 421 1110 illam
446 1070 693 1123 reliquimus,
727 1069 772 1109 ad
806 1069 973 1123 reliquas
1003 1069 1315 1124 progrediamur,
1349 1069 1430 1119 dei,
1466 1077 1506 1109 ut
1526 1083 1641 1124 saepe

117 1139 282 1194 professi
307 1152 463 1189 sumuS,
497 1138 696 1191 implorata
726 1137 830 1192 prius
857 1151 952 1192 ope,
986 1151 1059 1191 quo
1084 1137 1186 1177 illius
1210 1137 1414 1179 veritatem
1446 1137 1641 1192 explicare

116 1220 320 1262 possmus

513 1365 762 1414 CONTRA
798 1365 1250 1425 APELLEIANOS,

382 1461 489 1507 quae
527 1450 594 1493 est
626 1446 822 1494 haeresis
857 1446 1041 1506 XXIV„
1079 1446 1171 1494 sive
1207 1444 1372 1493 XLIV.

224 1545 441 1587 Lucianum
482 1546 659 1601 proxime
694 1548 868 1601 sequitur
899 1547 1081 1602 Apelles,
1126 1561 1202 1587 non
1242 1547 1305 1586 ille
1337 1553 1492 1587 sanctus
1525 1552 1562 1585 et
1593 1545 1639 1586 ab

113 1615 288 1670 apostolo
309 1615 622 1665 commendatus,
656 1616 722 1655 sed
747 1616 924 1656 diversus
956 1615 1002 1655 ab
1031 1629 1077 1656 eo
1097 1615 1247 1669 quidam
1279 1629 1299 1654 a
1322 1629 1396 1669 quo
1420 1613 1638 1669 Apelleiani

113 1683 371 1737 cognominati
404 1690 506 1723 sunt.
570 1682 642 1723 Hic
674 1681 835 1723 Luciani
870 1683 1153 1738 condiscipulus
1183 1691 1221 1723 et
1242 1681 1457 1723 Marcionis
1489 1681 1640 1722 auditor

113 1751 203 1801 suit;
237 1750 551 1805 quemadmodum
581 1764 696 1806 saepe
725 1752 763 1791 fit
798 1759 838 1792 ut
863 1751 1008 1805 spinosi
1043 1751 1201 1792 frutices
1237 1751 1342 1790 multi
1376 1763 1427 1790 ex
1467 1764 1540 1790 una
1578 1764 1639 1789 ra-

112 1818 195 1858 dice
229 1818 471 1859 luxuriantes
503 1819 703 1874 pullulent.
767 1817 1008 1874 Quamquam
1036 1819 1098 1860 ille
1123 1819 1278 1860 diversa
1311 1818 1357 1859 ab
1392 1818 1477 1858 aliis
1508 1831 1638 1872 quam-

112 1886 273 1941 plurima
296 1887 444 1927 statuit.
507 1885 609 1927 Nam
635 1894 672 1927 et
697 1887 884 1928 adversus
908 1888 1133 1945 magistrum
1158 1901 1268 1927 suum
1293 1894 1331 1927 et
1360 1887 1547 1926 adversus
1572 1900 1639 1927 ve-

110 1955 262 1995 ritatem
289 1955 409 2009 ipsam
436 1968 607 1995 armasse
633 1969 674 1996 se
697 1955 874 2006 videtur,
909 1970 982 2010 quo
1016 1955 1054 1995 in
1088 1969 1221 1996 errore
1249 1955 1485 1995 versantium
1519 1954 1638 1994 homi-

111 2037 199 2062 num
237 2022 413 2077 privatim
446 2022 517 2062 sibi
551 2023 632 2078 ipse
665 2023 831 2063 scholam
865 2031 1083 2078 quaereret.
1155 2021 1356 2063 Eiusmodi
1392 2029 1481 2063 sunt
1511 2029 1636 2063 autem

111 2090 193 2131 eins
214 2091 406 2144 dogmata.
468 2089 599 2144 Negat
620 2090 670 2131 ita
686 2122 696 2141 ,
732 2091 782 2130 uti
807 2090 959 2132 Marcio
982 2091 1135 2142 definit,
1169 2105 1256 2132 sese
1280 2105 1360 2131 rem
1383 2090 1525 2130 habere
1550 2104 1637 2145 pro-

112 2159 274 2213 indeque
298 2158 402 2198 illum
427 2158 606 2212 opinione
630 2159 793 2214 lapsum,
828 2167 869 2200 ut
889 2161 1086 2200 confutata
1109 2174 1176 2215 per
1199 2159 1365 2214 seipsam
1387 2157 1534 2198 insania
1558 2158 1636 2198 col-

110 2227 180 2267 lisa
207 2240 336 2267 secum
369 2227 641 2281 confractaque
668 2227 841 2268 videatur
865 2227 1063 2282 impietas,
1099 2235 1134 2268 et
1167 2228 1211 2267 ad
1247 2225 1491 2281 semetipsam
1523 2239 1634 2266 ever-

111 2295 262 2335 tendam
290 2295 395 2336 velut
427 2295 587 2348 quadam
620 2295 904 2350 conspiratione
933 2296 1146 2346 concitata,
1189 2310 1274 2335 cum
1306 2295 1460 2334 interim
1493 2294 1635 2334 veritas

111 2363 261 2404 stabilis
288 2377 331 2403 ae
358 2363 465 2403 firma
491 2370 734 2417 permaneat,
768 2377 838 2404 nec
863 2364 1007 2405 auxilio
1030 2365 1250 2417 cuiusquam
1278 2363 1470 2416 indigeat,
1503 2369 1636 2417 utpote

111 2445 208 2486 quae
232 2445 300 2486 per
322 2445 409 2471 sese
432 2431 651 2480 cohaereat,
686 2438 723 2471 et
745 2434 844 2486 apud
866 2433 993 2483 deum,
1028 2432 1090 2486 qui
1114 2445 1252 2472 revera
1276 2431 1533 2485 sempiternus
1558 2437 1632 2481 est,

109 2507 292 2554 perpetuo
319 2499 520 2539 consistat.
583 2497 705 2553 Igitur
730 2499 905 2554 Apelles,
938 2501 1098 2555 eiusque
1128 2499 1241 2540 factio
1268 2499 1390 2539 omnis
1415 2499 1467 2539 ita
1491 2499 1631 2539 sentit:

110 2581 185 2607 non
209 2580 296 2607 esse
319 2564 512 2622 Principia
537 2567 626 2617 tria,
660 2581 784 2621 neque
808 2568 896 2619 duo,
931 2577 972 2609 ut
987 2567 1162 2609 Luciano
1185 2582 1227 2608 ac
1249 2565 1442 2608 Marcioni
1464 2567 1630 2618 videtur,

109 2636 174 2676 sed
209 2650 324 2676 uuum
362 2649 450 2676 esse
484 2634 634 2676 Bonum
671 2637 806 2686 deum,
850 2651 1041 2691 unumque
1069 2635 1329 2690 Principium,
1363 2649 1408 2675 ac
1438 2633 1632 2675 Virtutem

111 2718 222 2744 unam
250 2703 415 2745 nominis
447 2710 663 2758 expertem.
727 2701 803 2756 Qui
837 2705 986 2758 quidem
1015 2705 1108 2744 deus
1141 2717 1238 2743 unus
1270 2716 1462 2756 unumque
1483 2700 1633 2743 Princi-

109 2771 209 2826 pium
244 2772 384 2812 nullam
424 2786 555 2812 eorum
592 2785 689 2825 quae
724 2771 763 2811 in
799 2771 870 2812 hoc
904 2773 1044 2813 mundo
1075 2778 1263 2826 geruntur
1296 2785 1424 2811 curam
1455 2770 1628 2825 suscipit.

110 2836 293 2880 Ceterum
322 2840 420 2880 idem
446 2839 509 2880 ille
536 2846 691 2880 sauctus
717 2839 914 2895 bonusque
939 2842 1056 2890 deus,
1091 2840 1152 2894 qui
1182 2854 1203 2879 a
1235 2839 1420 2894 principio
1448 2838 1542 2879 deus
1574 2845 1632 2879 est

109 2939 260 2982 ἐποίησεν
296 2944 363 2974 cod.
398 2944 494 2974 Vatic.
553 2937 645 2984 ἅγιος
680 2939 758 2980 &ede
790 2941 848 2975 καὶ
893 2938 986 2985 ἅγιος
1016 2940 1094 2980 §ede
1126 2941 1183 2974 καὶ
1205 2938 1334 2984 ἅγαξτός
1358 2938 1376 2974 ὁ
1402 2938 1527 2975 ἅνωῧεν
1552 2940 1631 2981 θεὸς

109 2981 258 3028 ἅγαὶτός,
291 2985 309 3020 ὁ
334 2983 461 3021 ἄνωθεν
482 2985 633 3029 ἐποίησεν
656 2988 726 3019 edit.
744 2989 843 3027 princ.
893 2987 950 3021 καὶ
973 2984 1102 3030 οἷγαῗΰὸς
1126 2985 1278 3028 ἐποίησεν
1301 2989 1371 3019 edit.
1392 2989 1497 3019 Pelav.

1667 1551 1744 1594 Cap.
1771 1551 1793 1581 l.
