2034 3267
506 246 681 278 PANARn
706 247 787 278 ΜΒ.
812 247 834 279 1.
860 247 964 279 ToM.
986 248 1026 278 n.
1050 247 1179 278 HAER.
1199 247 1363 279 xxxin.
1612 239 1687 277 411

172 333 204 365 te
229 329 459 377 percusserit
489 329 525 364 ίη
557 329 745 365 maxillam
772 328 908 378 praebe
938 329 999 365 e'llz‘
1023 336 1058 365 et
1087 330 1256 366 altercare.
1320 325 1431 380 Quod
1465 326 1614 380 quidem
1646 326 1690 365 ad

172 393 443 433 excellentium
472 407 600 433 rerum
628 395 924 434 adumbrandam
953 394 1118 448 speciem
1142 394 1414 443 constitutum,
1448 401 1485 433 et
1511 408 1532 434 a
1558 407 1692 447 corpo-

169 461 246 500 reis
277 461 320 500 ad
353 461 537 515 spiritalia
570 462 792 501 translatum
826 476 870 501 ac
902 468 1085 501 mutatum
1119 476 1186 515 per
1217 462 1437 515 allegoriam
1468 462 1690 515 exponitur.

169 527 323 568 Etenim
350 529 492 582 effigies
520 544 563 569 ac
587 530 695 583 signa
722 529 805 568 aliis
828 528 941 568 rebus
963 528 1203 568 declarandis
1229 529 1396 568 adhibita
1421 530 1606 584 tantisper
1628 545 1694 584 op-

173 596 446 651 portunitatem
469 597 697 646 babuerunt,
733 597 854 649 quoad
877 596 1041 636 nondum
1064 596 1209 636 veritas
1231 596 1443 636 affulserat.
1498 596 1583 650 Qua
1607 612 1693 637 suc-

170 665 330 704 cedente
356 679 429 704 non
456 678 552 718 quae
579 664 756 717 imagini,
791 664 856 703 sed
881 678 977 717 quae
1000 663 1152 703 veritati
1179 671 1417 722 congruunt,
1454 666 1580 704 facere
1602 679 1693 705 con-

170 732 290 772 venit.
349 730 464 786 quue
488 734 607 786 ipsum
632 746 716 771 cum
739 731 873 784 reliqui
895 745 1028 771 omnes
1052 731 1240 785 discipuli,
1275 738 1351 772 tum
1376 733 1572 786 apostolus
1592 731 1692 772 Pau-

168 800 224 840 lus
248 801 429 840 ostendit.
494 798 568 852 Qui
592 799 791 852 figuratum
816 799 905 838 illud
929 812 1052 852 genus
1076 806 1232 853 propter
1255 813 1340 849 nos,
1375 807 1413 839 ut
1437 800 1619 849 diximus,
1654 799 1690 839 in

169 868 347 921 paschate
373 867 593 922 azymisque
619 867 871 906 demonstrat.
934 865 994 906 De
1022 867 1144 907 altero
1174 880 1289 917 veru,
1337 868 1435 921 quod
1462 868 1691 922 implicatum

169 936 352 976 iniustitia
383 942 465 985 est,
509 933 698 988 loquitur,
742 949 825 973 cum
857 934 979 988 legem
1013 935 1277 974 mandatorum
1306 935 1360 974 ait
1386 935 1422 974 in
1452 935 1692 988 dogmatibus

171 1004 408 1058 abrogatam.
474 1002 530 1042 De
564 1002 676 1041 tertio
704 1002 890 1056 denique,
931 1003 1029 1056 quod
1062 1002 1266 1042 deterioris
1299 1009 1357 1042 est
1388 1016 1553 1057 expers,
1595 1006 1688 1049 Les,

170 1072 311 1126 inquit,
344 1078 470 1109 saneta
501 1078 577 1116 est,
612 1078 649 1108 et
677 1073 885 1109 mandatura
916 1078 1104 1117 sanetum,
1139 1078 1174 1108 el
1204 1074 1339 1109 iustum
1369 1078 1407 1109 et
1434 1072 1578 1110 bonum.

279 1137 537 1192 Quamobrem
561 1137 653 1178 satis
680 1152 870 1192 superque
895 1138 984 1188 tibi,
1019 1145 1202 1192 qnantum
1225 1138 1398 1178 breviter
1420 1137 1690 1193 comprehendi

170 1213 307 1262 potest,
337 1206 554 1246 declaratas
577 1219 643 1246 eas
666 1205 773 1259 leges
793 1205 961 1245 arbitror
981 1219 1079 1259 quae
1100 1220 1148 1246 ex
1171 1207 1401 1246 auctoritate
1425 1206 1617 1246 hominum
1643 1206 1693 1245 ir-

170 1281 392 1329 repserunt,
426 1274 624 1328 ipsamque
650 1274 707 1314 dei
733 1274 856 1327 legem
880 1274 1066 1314 trifariam
1089 1288 1177 1314 esse
1203 1274 1378 1315 divisam.
1444 1272 1633 1329 Superest
1655 1279 1694 1314 ut

166 1344 248 1396 quis
273 1342 335 1382 ille
363 1341 413 1381 sit
433 1343 525 1382 deus
549 1342 647 1396 logis
670 1349 804 1382 auctor
827 1342 1026 1381 dicendum
1055 1341 1244 1382 videatur.
1306 1342 1425 1396 Atqui
1452 1342 1552 1382 istud
1580 1341 1693 1382 etiam

166 1425 216 1451 ex
239 1410 284 1450 iis
307 1424 403 1464 quae
427 1410 611 1450 hactenus
638 1410 825 1464 disputata
853 1416 956 1459 sunt,
990 1409 1020 1450 si
1047 1416 1192 1449 attente
1214 1410 1398 1461 audieris,
1432 1416 1522 1464 puto
1545 1409 1610 1449 tibi
1630 1411 1694 1449 dc-

164 1484 430 1518 monstratum.
494 1476 591 1517 Nam
624 1477 655 1517 si
683 1491 807 1531 neque
838 1492 857 1517 a
885 1478 1055 1532 perfecto
1081 1477 1145 1517 illo
1173 1478 1243 1518 deo
1272 1477 1394 1532 posita
1422 1478 1486 1518 lex
1515 1485 1597 1527 est,
1641 1477 1693 1517 uti

163 1545 383 1595 docuimus,
429 1559 553 1598 neque
580 1560 674 1585 vero
698 1560 718 1585 a
743 1545 917 1595 diabolo,
961 1546 1058 1598 qnod
1084 1546 1185 1584 dictu
1210 1545 1323 1585 etiam
1350 1547 1456 1586 nefas
1480 1553 1562 1596 est,
1598 1545 1694 1585 alins

164 1613 212 1653 sit
234 1620 401 1667 oportet,
428 1613 490 1666 qui
513 1628 594 1653 eam
619 1614 741 1667 legem
765 1613 983 1653 stabilierit.
1032 1612 1102 1653 Hic
1126 1620 1185 1652 est
1207 1613 1323 1666 igitur
1347 1614 1462 1654 totius
1482 1614 1543 1654 ille
1564 1615 1691 1654 mundi

164 1694 372 1734 eorumque
396 1695 494 1734 quae
518 1681 556 1720 in
581 1695 627 1721 eo
651 1681 899 1721 continentur
922 1682 1064 1720 artifex
1085 1688 1123 1720 et
1145 1681 1343 1730 conditor,
1379 1681 1424 1721 ab
1447 1682 1597 1721 illorum
1625 1696 1693 1721 na-

161 1756 246 1789 tura
270 1748 469 1797 diversus,
505 1757 542 1788 et
565 1749 601 1788 in
625 1763 757 1789 eorum
787 1749 911 1789 medio
934 1763 1004 1789 suo
1026 1749 1110 1788 iure
1133 1749 1405 1799 collocandus,
1440 1764 1512 1803 qua
1537 1764 1588 1789 ex
1615 1763 1693 1789 me-

163 1816 362 1857 diocritate
389 1817 464 1871 peti
491 1817 574 1856 eius
600 1817 802 1871 appellatio
826 1824 966 1871 potest.
1023 1815 1136 1869 Quod
1158 1816 1189 1856 si
1209 1818 1401 1870 perfectus
1423 1817 1487 1857 ille
1508 1818 1601 1857 deus
1627 1832 1692 1857 na-

164 1893 247 1925 tura
273 1899 342 1925 sua
368 1884 489 1924 bonus
515 1892 597 1934 est,
634 1892 672 1924 ut
696 1892 755 1924 est
778 1899 914 1924 revera
940 1883 1086 1937 (Unum
1111 1885 1212 1924 enim
1241 1885 1381 1925 bonum
1405 1900 1492 1926 esse
1516 1886 1625 1926 deum
1649 1900 1693 1926 ac

163 1960 360 2007 parentem
387 1967 495 1992 suum
522 1953 693 1992 salvator
716 1953 904 2002 asseruit,
939 1966 1048 2006 quem
1076 1959 1114 1992 et
1138 1952 1355 1993 hominibus
1379 1954 1601 2008 patefecit),
1637 1962 1692 1993 est

162 2028 288 2061 autem
316 2027 353 2060 et
378 2020 570 2060 contraria
597 2028 733 2060 natura
759 2020 975 2075 praeditus,
1010 2021 1130 2060 malus
1157 2021 1335 2060 videlicet
1361 2036 1404 2061 ac
1431 2035 1595 2075 pravus,
1630 2023 1692 2076 qui

161 2088 346 2129 iniustitia
379 2088 485 2128 velut
517 2088 669 2142 propria
703 2094 791 2127 nota
824 2088 1173 2138 circumscribitur,
1221 2088 1283 2142 qui
1314 2088 1416 2128 inter
1443 2089 1574 2129 ambos
1606 2089 1692 2129 illos

161 2157 387 2197 interiectus
414 2163 493 2206 est,
529 2164 569 2195 ut
595 2170 717 2209 neque
741 2156 879 2206 bonus,
914 2170 1037 2210 neque
1062 2156 1184 2196 malus
1206 2157 1255 2196 sit
1276 2163 1340 2196 aut
1360 2157 1542 2206 iniustus,
1578 2171 1689 2211 pecu-

163 2225 244 2265 liari
268 2225 427 2278 quadam
455 2225 604 2264 ratione
626 2223 750 2263 iustus
775 2224 958 2278 appellari
987 2231 1137 2278 potest,
1172 2232 1359 2278 quatenus
1385 2225 1553 2265 iustitiae
1578 2239 1690 2279 quam

163 2292 276 2332 habet
307 2293 571 2332 moderatione
608 2291 790 2345 fungitur.
852 2292 981 2346 Atque
1010 2299 1048 2332 et
1073 2292 1242 2346 perfecto
1271 2292 1342 2331 deo
1370 2293 1496 2332 minor
1521 2300 1558 2332 et
1584 2293 1691 2332 iusti-

164 2361 240 2401 tiae
271 2360 372 2400 illius
408 2360 528 2414 impar
558 2360 606 2400 sit
635 2359 734 2399 idem
766 2359 829 2399 ille
862 2360 955 2399 deus
987 2367 1161 2413 oportet,
1207 2366 1336 2414 utpote
1369 2375 1444 2400 non
1476 2360 1685 2414 ingenitus,

163 2430 228 2469 sed
255 2428 508 2482 generatione
537 2427 758 2481 productus.
821 2425 929 2468 Unus
956 2427 1055 2467 enim
1086 2435 1144 2468 est
1173 2427 1366 2482 ingenitus
1394 2435 1522 2483 pater,
1567 2443 1588 2469 a
1614 2444 1689 2483 quo

164 2497 318 2551 proprie
344 2503 432 2536 sunt
458 2494 654 2544 universa,
688 2509 771 2534 cum
793 2495 838 2534 ab
864 2509 910 2536 eo
932 2502 1018 2549 apta
1041 2495 1117 2535 sint
1139 2502 1178 2535 et
1199 2510 1400 2550 suspensa.
1455 2495 1540 2536 Erit
1562 2503 1688 2537 tamen

163 2564 387 2604 adversario
412 2563 476 2603 illo
500 2563 622 2602 altero
647 2562 770 2602 maior
794 2577 837 2603 ac
861 2563 1140 2618 praestantior,
1177 2564 1326 2604 tametsi
1351 2564 1543 2604 diversam
1569 2565 1620 2606 sit
1643 2566 1689 2606 ab

165 2640 326 2686 utroque
363 2639 534 2671 naturam
570 2630 899 2685 substantiamque
933 2632 1108 2671 sortitus.
1170 2630 1272 2671 Nam
1309 2632 1520 2672 adversarii
1553 2640 1688 2674 natura

164 2699 358 2754 corruptio
391 2706 449 2738 est
485 2713 529 2738 ac
567 2698 774 2748 tenebrae3
816 2713 898 2738 cum
926 2700 1085 2739 materia
1117 2699 1252 2753 quippe
1286 2707 1489 2740 concretus
1521 2708 1600 2751 est,
1643 2716 1687 2741 ac

166 2767 379 2822 multiplex,
441 2767 495 2806 At
523 2766 689 2820 parentis
715 2766 877 2806 onmium
908 2767 1068 2821 ingeniti
1094 2775 1226 2807 natura
1251 2767 1507 2822 corruptionis
1533 2776 1594 2809 est
1618 2783 1688 2809 ex-

166 2848 278 2888 pers,
312 2835 453 2888 luxque
480 2835 561 2889 ipsa
589 2848 656 2888 per
682 2841 804 2874 semet
828 2835 1025 2885 existens,
1059 2835 1222 2890 simplex
1247 2842 1286 2874 et
1312 2836 1542 2876 uniusmodi.
1605 2836 1687 2877 Ho-

166 2953 448 3001 ἅχαρακτῆριστα,
469 2961 549 2999 quod
569 2959 793 2991 emendandum
813 2962 854 2991 est
871 2961 902 2991 in
992 2960 1022 2994 6.
1047 2958 1251 3002 πολυσχιδῆς
1271 2963 1389 3001 placuit
1411 2963 1534 2993 Grabio.

167 3000 471 3046 ἀχαρακτηριαστοί.
992 3005 1022 3038 7.
1047 3003 1126 3039 αὐτὸ
1148 3002 1182 3040 ὂν
1205 3007 1293 3038 codd.
1310 3008 1406 3038 Vatic.
1428 3008 1524 3038 Venet.
1569 3002 1684 3040 αύτοὸν

211 3047 241 3079 5.
266 3047 366 3089 μέσος
386 3051 452 3081 cod.
474 3051 568 3081 Vatia.
611 3048 710 3091 μέσον
730 3051 802 3081 editi
821 3051 900 3082 libri.
947 3053 1016 3083 libri
1039 3052 1119 3083 editi.

1713 949 1785 985 Eph.
1797 951 1822 983 2,
1838 950 1875 976 15.

1713 1018 1882 1051 Rom.7,12.

1712 1146 1790 1189 cap.
1808 1145 1878 1176 vn.

1712 1897 1822 1925 Matth.

1714 1934 1755 1967 19,
1776 1933 1815 1959 ιτ,
