2034 3267
526 158 699 188 PANAuu
724 158 848 190 L!B.1.
873 158 978 189 ΤΟΜ.
1001 158 1041 188 11.
1069 158 1196 188 HAER.
1218 158 1331 188 XXX.
1615 151 1691 189 26ζῖ

163 241 357 289 eademque
386 240 440 275 vis
473 240 557 287 igni
582 250 650 274 saa
680 240 922 283 restituatur,
969 251 1039 288 qao
1067 239 1207 274 domini
1230 238 1358 274 domas
1387 237 1532 274 absolvi
1551 241 1684 287 possit.

164 304 237 344 His
272 304 383 343 dictis
419 302 639 343 fornacibus
667 302 830 355 singuiis
860 317 995 356 aquam
1023 303 1207 356 aspergit.
1269 301 1325 342 lta
1353 303 1549 343 dissolutis
1578 317 1686 357 prae—

163 371 288 424 stigiis
310 385 437 410 coram
462 370 636 410 omnihus
661 369 760 422 ignis
785 369 978 409 efferbuit.
1041 369 1130 422 Quo
1156 369 1339 410 miraculo
1366 377 1553 409 commota
1577 371 1685 409 turba

163 438 312 491 magnis
339 438 499 478 vocibus
525 436 778 486 exclamavit,
825 439 924 475 Unus
946 444 1004 474 est
1023 440 1132 483 deas,
1167 440 1234 488 qai
1259 440 1489 476 Christianos
1510 440 1680 485 adiuvat,-

160 505 289 558 itaque
320 505 512 545 discessit.
573 504 633 544 Ac
660 516 775 557 saepe
803 502 898 542 alias
922 503 1155 542 vexantibus
1181 502 1334 543 ludaeis
1362 505 1512 544 tandem
1540 505 1684 544 veteris

163 572 289 626 templi
317 580 462 626 partem
488 571 684 619 extruxit,
725 570 765 609 iu
789 582 908 622 eaque
934 583 1091 623 parvam
1116 570 1318 609 ecclesiam
1345 572 1527 612 condidit.
1589 570 1684 612 Post

160 640 249 679 inde
273 640 474 680 discedens
501 636 726 692 Scythopoii
750 635 939 675 consedit.
1000 634 1289 676 Diocaesareae
1315 651 1430 691 porro
1455 639 1616 693 aliisque
1644 640 1681 679 iu

161 708 307 761 oppidis
335 714 526 761 postremo
552 703 737 744 ecclesias
763 703 994 742 aedificavit.
1056 703 1116 742 Ad
1142 703 1236 743 haec
1259 703 1385 744 obiter
1408 708 1598 747 narranda
1626 707 1681 746 di—

161 774 287 827 gressi
318 774 477 823 fuimus,
520 785 651 811 eorum
685 769 891 809 occasione
924 769 1107 809 librorum
1141 771 1202 823 qui
1233 772 1329 824 apud
1364 769 1524 812 ludaeos
1556 781 1681 814 trans-

162 842 226 881 lati
250 842 508 895 reperiuntur,
542 836 752 877 cuiusmodi
775 843 833 876 est
856 835 1012 876 loannis
1033 835 1310 890 Evangelium,
1344 845 1382 877 et
1403 838 1679 892 Apostolorum

160 909 283 949 Actus
307 906 498 948 Hebraice
521 904 716 944 conversi.
777 902 856 944 Sed
887 904 933 943 de
960 903 1029 943 hac
1057 903 1240 944 historica
1263 905 1451 945 relatione
1477 906 1677 947 hactenus.

270 1041 385 1083 Nunc
410 1040 453 1080 ad
481 1039 697 1079 inchoatam
720 1039 766 1079 de
787 1038 979 1079 Ebionitis
1003 1038 1264 1079 narrationem
1288 1040 1503 1094 regredior.
1553 1039 1682 1095 Siqui—
1697 1049 1880 1093 Cap.X1u.

157 1112 240 1150 dem
265 1110 312 1149 ob
331 1106 521 1148 Matthaei
543 1105 799 1159 Evangelium
825 1120 871 1146 eo
898 1106 1054 1161 delapsa
1079 1114 1138 1146 est
1160 1107 1301 1157 oratio,
1336 1114 1376 1147 ut
1402 1109 1449 1147 ad
1472 1122 1555 1148 cam
1582 1123 1678 1163 quae

157 1179 200 1218 ad
234 1189 346 1216 aures
379 1181 533 1214 nostras
560 1180 791 1228 pervenerat
825 1173 1023 1213 historiam
1051 1174 1303 1214 enarrandam
1336 1176 1560 1215 necessario
1590 1190 1677 1216 sese

156 1249 413 1284 converteret.
476 1239 599 1295 Igitur
620 1242 658 1280 in
683 1255 728 1281 eo
750 1243 848 1295 quod
878 1255 997 1295 penes
1030 1242 1117 1282 ilios
1145 1250 1204 1282 est
1227 1240 1417 1282 Matthaei
1442 1242 1673 1297 Evangeli0‚

154 1324 378 1365 quamquam
414 1323 461 1348 ne
495 1310 686 1362 integrum
723 1307 874 1361 quidem
904 1309 995 1349 iliud
1031 1309 1193 1359 habent,
1235 1310 1301 1349 sed
1338 1310 1592 1350 adulteratum
1633 1325 1676 1350 ac

152 1379 344 1426 mutilum,
387 1377 498 1430 idque
528 1377 649 1430 ipsum
674 1375 906 1416 Hebraicum
936 1384 1100 1426 vocant,
1133 1377 1186 1417 ita
1212 1377 1395 1430 scriptum
1422 1385 1503 1417 est:
1545 1381 1677 1417 Fuisse

151 1453 290 1485 certam
312 1447 491 1484 hominem
512 1448 656 1483 nomine
675 1446 809 1491 lesam,
843 1459 1022 1483 annorum
1044 1447 1195 1483 circiter
1221 1448 1394 1495 triginta,
1430 1449 1498 1497 qai
1514 1460 1582 1484 nos
1601 1449 1673 1484 ele—

147 1517 272 1564 gerit,
315 1515 383 1564 qai
405 1514 661 1564 Capharnaam
688 1515 835 1550 veniens
860 1515 896 1550 in
927 1514 1088 1551 Simonis
1114 1515 1329 1563 cognomine
1356 1515 1462 1551 Petri
1482 1516 1589 1551 aedes
1617 1516 1673 1551 in-

148 1595 303 1632 gressus
327 1588 404 1628 est,
438 1588 636 1631 apertoque
662 1593 726 1617 ore
747 1594 814 1617 sao
839 1582 957 1626 dixit,
992 1594 1072 1618 eam
1093 1582 1291 1618 secandam
1322 1582 1525 1619 Tiberiadis
1556 1583 1672 1619 locam

152 1651 369 1694 transirem,
403 1650 575 1686 Ioannem
603 1655 640 1685 et
664 1648 835 1685 Iacobum
857 1648 1045 1685 Zebedaei
1053 1648 1164 1697 filios
1186 1649 1303 1698 elegi,
1337 1656 1375 1686 et
1399 1650 1604 1695 Simonem,
1638 1657 1674 1686 el

149 1718 337 1754 Andream
350 1745 360 1762 ,
394 1723 431 1753 et
457 1717 709 1761 Thaddaeam,
754 1722 791 1752 et
813 1717 995 1753 Simonem
1016 1717 1171 1753 Zeloten
1185 1745 1195 1761 ,
1240 1723 1278 1752 et
1295 1718 1423 1754 Izalam
1447 1719 1666 1762 Isearioten,

149 1791 189 1822 et
206 1791 240 1821 te
259 1785 487 1821 Matthaeam
514 1785 563 1821 ad
593 1785 765 1820 telonium
787 1784 968 1820 sedentem
991 1785 1141 1828 voc-avi,
1185 1796 1229 1820 ae
1261 1797 1315 1820 me
1340 1786 1417 1834 ipse
1437 1791 1585 1820 secutas
1614 1798 1665 1821 es.

153 1852 241 1889 Volo
263 1853 386 1902 itaque
407 1853 595 1888 daodeeim
625 1864 689 1888 vos
720 1851 905 1900 apostolos
934 1864 1011 1888 esse
1042 1852 1092 1888 ad
1124 1852 1367 1888 testimoniam
1394 1852 1559 1888 Israelis.
1621 1853 1673 1889 Et

147 1925 230 1956 erat
260 1921 415 1956 Ioannes
448 1919 664 1969 baptizans,
711 1924 749 1954 et
777 1919 949 1955 emerant
977 1920 1027 1955 ad
1057 1931 1135 1955 eam
1170 1919 1385 1964 Pharisaei,
1429 1925 1468 1955 et
1492 1919 1675 1968 baptizati

147 1993 254 2032 sant,
287 1993 327 2023 et
345 1988 461 2024 omnis
480 1987 750 2035 Hierosolyma.
812 1987 896 2035 Ipse
919 1992 1038 2023 autem
1063 1987 1220 2023 Ioannes
1243 1986 1401 2024 habebat
1422 1988 1671 2023 vestimentum

148 2055 193 2091 de
211 2055 302 2104 pilis
322 2055 543 2091 camelorum
565 2060 601 2091 et
621 2066 754 2090 zonam
771 2054 961 2103 pelliceam
983 2056 1085 2091 eirea
1109 2054 1248 2091 lambos
1270 2067 1378 2099 saos,
1413 2061 1451 2090 et
1469 2054 1571 2090 cibas
1593 2055 1671 2090 eias

148 2127 230 2158 erat
255 2122 329 2158 mel
347 2122 538 2167 silvestre,
573 2123 678 2158 caius
700 2133 812 2170 sapor
835 2127 918 2158 erat
940 2134 1094 2158 mannae
1115 2123 1248 2159 similis
1261 2151 1271 2167 ,
1305 2123 1407 2158 velat
1428 2121 1675 2172 lagani-fiiri

149 2202 229 2225 cam
253 2189 344 2226 oleo.
409 2185 522 2240 Quod
556 2201 602 2226 eo
635 2186 803 2237 faciunt,
845 2193 885 2226 ut
908 2187 1082 2228 veritatis
1109 2201 1328 2227 sermonem
1360 2187 1400 2226 in
1430 2187 1669 2226 mendacium

150 2262 408 2305 commutent,
444 2262 480 2294 et
504 2269 571 2309 pro
595 2268 640 2293 eo
665 2254 763 2307 quod
790 2261 849 2294 est
872 2249 1046 2308 ἀκρίδας,
1078 2254 1150 2294 hoc
1176 2261 1235 2294 est
1259 2255 1443 2304 locustas,
1477 2253 1668 2306 ἐγκρίδας,

147 2323 219 2363 hoc
241 2331 300 2363 est
322 2322 500 2377 epichyta
531 2321 673 2361 mellita
704 2321 949 2362 substituant.
1010 2321 1135 2362 Porro
1160 2321 1406 2374 evangelium
1431 2321 1582 2361 illorum
1615 2322 1669 2361 sic

145 2391 305 2444 incipit:
367 2393 520 2429 Factum
544 2397 601 2427 est
626 2392 663 2427 in
685 2390 811 2427 diebus
831 2392 989 2428 Herodis
1010 2393 1112 2441 regis
1130 2393 1302 2436 Iudaeae,
1337 2396 1379 2427 at
1399 2392 1542 2427 veniret
1560 2392 1669 2427 Ioan-

145 2473 210 2497 nes
235 2459 431 2510 baptizans
463 2459 639 2508 baptismo
660 2459 905 2508 poenitentiae
935 2460 972 2496 in
995 2461 1155 2496 Iordane
1175 2460 1320 2511 flavio,
1362 2471 1466 2508 qaem
1489 2458 1671 2509 serebant

143 2541 192 2564 αι·
209 2540 348 2577 genere
369 2540 447 2564 esse
468 2527 635 2564 Aaronis
656 2527 858 2563 sacerdotis
871 2555 881 2571 ,
903 2526 1018 2576 filias
1039 2527 1250 2564 Zachariae
1273 2531 1311 2562 et
1332 2525 1598 2571 Elizabetliae,
1632 2532 1670 2563 et

144 2595 430 2644 egrediebantur
450 2594 500 2630 ad
520 2594 624 2630 illam
646 2606 780 2630 omnes.
834 2590 933 2632 Tum
957 2592 1072 2646 longe
1096 2599 1229 2647 postea
1257 2591 1475 2645 subiungit:
1537 2595 1665 2643 Bapti-

144 2668 231 2699 zato
247 2662 385 2712 popalo
408 2663 509 2698 venit
527 2667 564 2698 et
584 2662 687 2697 Iesas
700 2689 710 2706 ,
744 2667 782 2697 et
802 2673 825 2698 a
847 2663 985 2699 Ioanne
1009 2662 1220 2712 baptizatas
1241 2667 1309 2697 est.
1360 2662 1520 2711 Camqae
1541 2673 1667 2698 aseen-

146 2730 262 2766 disset
281 2743 329 2766 eae
349 2741 470 2779 aqua,
504 2730 628 2778 aperti
646 2734 733 2765 sant
754 2730 867 2775 coeli,
902 2736 939 2767 et
953 2731 1045 2767 zz‘dit
1066 2730 1236 2779 spiritam
1261 2729 1323 2765 dei
1340 2734 1506 2765 sanetum
1532 2729 1668 2765 colam-

209 2819 292 2849 ,8ῖό-
315 2819 385 2849 libri
410 2819 468 2848 mei
491 2827 602 2848 omnes.
651 2818 795 2856 Suspicer
819 2829 854 2851 ου
859 2829 879 2860 1
970 2815 1002 2850 4.
1026 2817 1083 2851 τοῦ
1108 2817 1186 2850 2203
1211 2818 1276 2848 cod.
1290 2817 1416 2856 thediy
1435 2820 1462 2847 et
1485 2818 1555 2847 edit.
1566 2817 1666 2869 princ

143 2872 229 2899 cmo<
252 2860 300 2895 δὲ·
926 2874 961 2896 το
987 2859 1078 2904 ἅγια)
1102 2864 1167 2894 cod.
1194 2863 1289 2893 tatic.
1334 2860 1390 2894 τοῦ
1415 2861 1492 2894 item]
1513 2859 1550 2894 τό
1576 2856 1666 2903 ἅγιοι

185 2905 215 2937 3.
243 2908 289 2946 Cf.
310 2917 384 2947 quos
413 2909 522 2938 laudat
548 2908 767 2946 Bernhardyus
793 2910 823 2939 V.
837 2909 879 2940 Cl
926 2909 973 2940 ed.
997 2910 1104 2940 Petat.

142 2951 184 2980 ad
208 2952 340 2983 Saidam
364 2962 387 2984 s.
408 2962 439 2984 υ.
464 2947 613 2994 Ἕγκρίς.
