2034 3267
498 164 675 196 PANARH
699 164 824 197 Liss.1.
850 164 955 197 ΤοΜ.
972 165 1028 195 ιιι.
1056 163 1310 195 HAER.XL11.
1591 154 1667 193 671

147 254 199 281 ex
221 240 296 281 iliis
316 241 409 296 ipsis
432 242 624 296 evangelii
644 243 814 297 reliquiis
834 257 930 297 quae
950 243 1047 298 apud
1070 250 1106 283 te
1130 242 1294 296 scriptae
1315 240 1574 296 reperiuntur,
1606 254 1672 281 ne-

147 323 219 362 que
252 309 384 349 fraude
419 316 481 350 tua
512 325 582 351 vos
615 310 886 352 circumveniri
917 311 1093 365 patimur.

259 374 391 417 Schol.
417 377 474 417 III
498 386 535 418 et
557 377 736 418 XXVII.
784 380 967 418 Habentes
997 385 1116 417 autem
1141 381 1291 417 eundem
1318 380 1488 429 spiritum
1507 379 1610 429 fidei
1636 384 1821 418 ec2.c‹>r.3‚
1834 384 1873 411 13.

144 458 212 482 nos
234 448 428 493 credimus,
456 454 610 498 propter
630 449 728 498 qnod
745 454 783 485 et
802 448 997 498 loquimur.
1061 444 1135 486 Ubi
1157 459 1274 486 voces
1295 445 1378 486 illas
1400 445 1576 486 sustulit:
1611 447 1672 484 Se'-

146 519 212 551 eut
237 516 415 565 seriptum
445 521 513 552 est.

258 579 391 621 Refut.
414 580 470 621 III
494 589 531 622 et
557 581 737 622 XXVII.
786 580 1038 635 Quocumque
1062 580 1258 620 audaciam
1288 587 1388 621 tuam
1414 580 1671 630 converteris,

145 648 288 688 nullum
312 663 384 702 quo
409 655 445 689 tc
466 649 618 689 inseras
641 649 783 689 aditum
808 649 998 689 invenies.
1063 647 1155 689 Sive
1179 649 1281 688 enim
1306 648 1368 688 illa
1392 648 1534 699 verba,
1568 651 1677 687 Sicut

143 720 320 767 serzptecm
352 725 426 763 est,
471 717 624 766 deleas,
668 716 975 757 antecedentium
1002 716 1209 756 verborum
1239 716 1322 770 ipsa
1349 717 1472 757 series
1497 723 1669 770 apparet.

144 781 240 823 Post
273 784 365 824 haec
397 784 495 824 enim
528 784 669 834 verba,
719 786 871 822 Credidi
887 792 1042 835 propter
1068 787 1165 836 quod
1194 786 1338 822 locatus
1366 799 1465 832 sum,
1513 783 1673 824 subinde

146 852 316 905 aequalIa
341 852 577 906 subiUngens
607 852 660 891 ait
687 852 905 906 apostolus,
945 853 1130 891 Habentes
1152 855 1302 891 eundem
1324 855 1493 903 spiritum
1513 853 1616 903 fidei
1639 860 1675 890 el

143 934 210 959 nos
235 923 438 967 eredimus,
478 927 632 971 propter
657 922 755 971 quod
779 922 975 971 loquimur.
1037 918 1166 959 Nemo
1194 927 1321 960 autem
1353 919 1442 959 illud
1468 920 1622 973 ignorat
1651 933 1671 958 e

145 987 290 1041 psalmo
313 985 444 1028 CXV.
461 1018 471 1037 ‚
515 987 573 1027 cui
599 987 821 1041 inscriptum
846 994 906 1027 cst
928 990 1118 1034 Alleluia,
1164 987 1302 1041 quique
1328 987 1364 1027 in
1392 986 1553 1027 Davidis
1576 987 1672 1027 libro

144 1055 285 1109 legitur
304 1062 342 1096 et
360 1055 461 1095 inter
483 1055 565 1095 eius
588 1055 743 1095 oracula
765 1062 961 1106 censetur,
988 1055 1108 1095 verba
1127 1055 1189 1095 illa
1213 1068 1301 1095 esse
1322 1055 1558 1109 deprompta,
1586 1057 1673 1094 Cre-

145 1126 226 1162 didi
243 1131 312 1162 ete.
375 1121 484 1163 Unde
510 1129 548 1163 et
570 1123 767 1178 apostolus
787 1123 974 1163 eiusmodi
998 1123 1230 1163 sententiam
1254 1122 1470 1172 transtulit,
1503 1137 1546 1162 ac
1569 1122 1673 1162 simi-

144 1190 233 1231 liter
256 1192 473 1246 expressit:
507 1195 663 1243 Propter
683 1194 781 1243 quod
800 1194 981 1230 eredimus
1003 1199 1041 1230 et
1056 1206 1122 1230 nos
1140 1199 1177 1230 et
1195 1193 1400 1243 loquimur:
1433 1190 1497 1230 illc
1519 1191 1671 1244 inquam

145 1256 306 1309 Paulus,
341 1259 402 1313 qui
426 1274 477 1299 ex
499 1260 759 1314 apostolorum
783 1273 942 1299 numero
965 1274 1063 1299 unus
1084 1259 1227 1300 extitit.
1291 1257 1440 1299 Idcirco
1464 1273 1537 1298 non
1561 1259 1671 1308 dixit,

144 1330 301 1379 Propter
325 1330 423 1380 quod
446 1335 483 1366 et
507 1330 668 1374 credidi,
712 1335 748 1366 et
773 1330 917 1366 loeutus
939 1342 1038 1374 sum,
1084 1327 1173 1377 sed,
1219 1329 1297 1366 Nos
1320 1330 1503 1366 eredimus
1519 1335 1675 1378 propter

143 1398 242 1448 quod
263 1403 300 1434 et
326 1398 530 1448 loquimur,
576 1402 616 1434 ut
639 1408 680 1435 se
707 1409 790 1435 cum
818 1394 976 1448 reliquis
999 1395 1184 1449 apostolis
1211 1395 1479 1449 coniungeret.
1542 1392 1674 1447 Quare

143 1463 198 1503 ita
217 1463 396 1518 scripsit:
430 1464 616 1502 Habentes
636 1466 786 1502 eundem
805 1466 998 1514 spz'rz'tzmm
1033 1470 1073 1503 ut
1097 1463 1319 1503 ostenderet
1340 1463 1442 1503 illum
1463 1462 1587 1517 ipsum
1612 1463 1673 1516 qui

143 1544 213 1586 per
232 1529 419 1571 Davidem
444 1530 672 1585 loquebatur
694 1545 762 1585 per
785 1531 982 1585 apostolos
1006 1545 1157 1584 quoque
1179 1530 1352 1585 spiritum
1378 1544 1465 1570 esse
1486 1531 1670 1580 locutum,

142 1599 250 1639 cuius
277 1599 338 1638 ilie
363 1599 552 1652 quondam
579 1598 742 1652 impulsu
769 1599 983 1639 vaticinans
1010 1598 1190 1649 credidit,
1237 1606 1275 1638 et
1297 1599 1342 1638 ad
1367 1599 1529 1638 eundem
1555 1599 1674 1653 perti-

144 1673 281 1707 nentes
304 1666 367 1706 isti
392 1667 504 1706 modo
527 1667 689 1706 credunt
713 1680 757 1706 ac
779 1666 1000 1720 loquuntur.
1064 1665 1255 1707 Versatur
1278 1673 1404 1707 autem
1428 1666 1466 1707 in
1492 1667 1563 1706 hoc
1589 1667 1673 1706 loco

143 1733 381 1788 intelligendi
413 1748 457 1774 ac
488 1733 705 1787 disputandi
735 1748 919 1787 perversa
950 1735 1134 1788 quaedam
1166 1749 1210 1774 ac
1242 1735 1387 1774 fraudis
1417 1734 1529 1788 plena
1557 1733 1671 1774 ratio.

143 1801 246 1843 Nam
280 1817 363 1842 cum
397 1802 595 1856 apostolus
628 1817 742 1842 unum
779 1803 1018 1856 eundemque
1049 1802 1222 1856 spiritum
1259 1816 1345 1842 esse
1380 1801 1554 1851 definiat,
1602 1816 1674 1855 qua

144 1871 270 1910 fronte
302 1884 440 1910 vecors
472 1869 534 1909 ille
561 1868 737 1920 Marcio,
782 1870 844 1924 qui
876 1869 980 1910 iliam
1007 1884 1231 1924 germanam
1265 1869 1428 1924 apostoli
1459 1869 1671 1909 orationem

144 1951 230 1978 esse
262 1952 337 1978 non
370 1945 486 1991 negat
514 1937 628 1978 alium
663 1945 753 1977 tunc
784 1938 958 1992 spiritum
986 1939 1106 1979 fuisse
1131 1952 1243 1992 quam
1273 1938 1335 1993 qui
1360 1938 1543 1993 apostolis
1568 1937 1674 1978 dcin-

144 2020 234 2061 ceps
265 2005 420 2046 affuerit
450 2020 566 2046 ausus
598 2013 657 2046 est
687 2006 884 2060 profiteri?

324 2131 385 2162 EX
412 2131 622 2162 EPISTOLA
647 2131 704 2162 AD
731 2130 958 2170 ROMANOS‚
990 2131 1108 2171 QUAE
1134 2132 1215 2163 EST
1244 2131 1407 2162 ORDINE
1433 2131 1488 2162 IV.

256 2208 341 2250 Hoc
376 2210 476 2249 enim
514 2209 647 2249 ordine
680 2224 701 2249 a
734 2207 935 2250 Marcione
972 2210 1148 2264 ponitnr3
1194 2224 1240 2250 ne
1275 2209 1361 2262 quid
1397 2216 1543 2249 rectum
1576 2210 1670 2264 apud

143 2279 247 2319 illum
279 2292 323 2318 ac
354 2291 577 2331 germanum
612 2277 842 2331 reperiatur.

255 2343 388 2386 Schol.
411 2344 427 2384 I
452 2353 488 2385 et
510 2344 707 2385 XXVIII.
757 2348 980 2397 Quicumque
997 2349 1077 2385 sine
1099 2349 1179 2397 lege
1195 2353 1456 2398 peecaverunt,
1491 2349 1570 2385 sine
1591 2349 1672 2397 lege
1691 2362 1776 2390 Rom.
1791 2362 1816 2396 2,
1833 2362 1873 2389 12.

143 2422 178 2453 el
192 2415 388 2465 peribunt,
424 2421 460 2451 el
478 2417 694 2465 quicumque
714 2416 751 2452 ilc
773 2415 853 2464 lege
868 2421 1136 2465 peecaverunt,
1167 2428 1236 2465 per
1257 2416 1372 2464 legem
1393 2414 1668 2452 imlz'eabemtur.

142 2483 228 2520 Non
252 2485 345 2520 enim
371 2484 558 2519 auditores
582 2483 675 2531 legis
701 2484 793 2519 insti
811 2484 911 2532 apud
933 2485 1058 2528 (leam,
1101 2485 1167 2519 serl
1184 2483 1348 2533 faetores
1375 2483 1468 2531 legtls·
1492 2483 1672 2532 iuslffieo-

145 2550 295 2588 buntur.

255 2616 391 2657 Rerut.
422 2616 433 2655 1
461 2623 498 2655 et
522 2615 719 2656 XXVIII.
771 2615 813 2657 Si
847 2616 1075 2672 quicumque
1111 2617 1193 2658 sinc
1227 2617 1313 2670 Iege
1346 2624 1553 2670 peccarunt
1587 2616 1670 2657 sine

145 2684 231 2738 lege
257 2684 416 2739 perituri
439 2690 543 2733 sunt,
578 2685 751 2738 profecto
774 2684 839 2724 lex
859 2685 1021 2726 salutem
1048 2685 1250 2725 observata
1276 2683 1476 2733 conciliat,
1510 2697 1582 2723 nec
1603 2697 1671 2724 eos

145 2752 207 2805 qui
229 2759 388 2793 servant
409 2751 534 2806 perire
557 2750 752 2804 permittit.
807 2750 904 2792 Item
927 2753 959 2793 si
984 2753 1046 2807 qui
1069 2753 1106 2792 in
1128 2753 1212 2805 lege
1233 2758 1442 2806 peccarunt
1463 2765 1530 2806 per
1548 2751 1670 2806 legem

143 2818 334 2860 iudicandi
361 2826 472 2870 sunt,
507 2819 624 2859 iudex
645 2819 760 2873 igitur
780 2821 1129 2874 transgressionum
1153 2820 1218 2860 lex
1240 2826 1319 2870 est,
1353 2832 1450 2873 quae
1473 2833 1547 2859 non
1575 2819 1671 2859 iute-

188 2964 241 3000 78.
267 2966 363 3008 Vulgo
391 2964 446 3001 διὰ
470 2964 653 3009 νοημάτων.
974 2967 1027 3002 79.
1052 2969 1156 3008 Supra
1184 2963 1339 3008 ἐννόμως.
