2034 3267
462 174 639 207 PANARH
663 174 745 207 [ΑΒ.
761 175 785 207 1.
809 175 914 207 TOM.
934 175 991 207 111.
1013 174 1142 207 HAER.
1162 174 1268 207 an.
1549 169 1623 209 661

103 255 147 296 ad
174 268 270 309 quos
295 255 382 294 ideo
408 253 506 294 hanc
530 254 725 308 apostolus
749 254 947 309 epistolam
974 254 1091 295 dedit.
1151 252 1196 294 In
1220 269 1294 309 qua
1315 254 1476 310 primum
1499 255 1629 310 singu-

102 322 194 364 laris
220 322 414 363 cuiusdam
447 336 534 362 esse
563 321 739 362 beneficii
767 323 878 362 docet
905 321 1108 362 Hebraicis
1140 323 1193 362 uti
1216 323 1413 363 vocabulis
1439 337 1552 378 posse
1585 338 1628 365 ac

102 391 226 444 legem
252 390 406 430 docere.
469 388 620 430 Deinde
646 396 686 429 ut
705 388 848 430 Graeci
869 390 1060 430 sermonis
1081 397 1269 430 tumorem
1291 392 1628 447 arrogantiamque

102 457 386 512 comprimeret,
416 471 502 498 sese
524 457 738 511 linguarum
761 457 909 496 illorum
933 471 1006 497 usu
1023 456 1310 498 instructiorem
1333 459 1406 499 illis
1427 459 1518 513 ipsis
1541 472 1627 501 esse

101 525 271 576 monuit,
314 526 412 580 quod
438 524 642 565 Hebraeus
675 524 721 564 ab
751 523 941 564 Hebraeis
974 532 1079 564 esset
1110 525 1318 576 oriundus,
1364 533 1402 566 et
1434 527 1478 567 ad
1510 528 1626 581 pedes

103 593 327 635 Gamaliclis
358 593 568 633 institutus.
631 590 689 632 lta
714 590 930 632 chraicae
958 592 1108 645 linguae
1132 593 1331 633 scientiam
1364 595 1402 633 in
1428 593 1537 635 laude
1561 609 1626 649 po—

100 662 190 713 suit,
225 670 261 702 et
282 662 383 701 inter
406 661 561 714 spiritus
582 659 704 700 sancti
724 659 916 699 beneficia
939 660 1171 700 numeravit.
1232 659 1343 701 Unde
1365 668 1398 701 et
1424 662 1467 702 ad
1490 661 1625 703 Timo-

99 730 225 770 theum
251 730 297 770 de
321 729 456 769 iisdem
481 727 678 778 scribens,
717 730 790 774 Ta,
826 726 971 780 inquit,
1005 729 1051 766 ab
1073 731 1319 768 adolescentia
1341 743 1470 769 sacras
1493 732 1622 770 literas
1633 744 1825 780 2.'rim.3‚15.

97 801 272 837 didicisti.
337 795 450 850 Quod
473 809 566 836 vero
589 795 634 835 ad
656 794 756 834 illam
781 794 1034 835 eruditionem
1059 796 1255 849 politiores
1278 811 1428 851 quoque
1452 795 1625 840 Graeco-

96 880 180 906 rum
208 866 361 916 literas,
406 864 477 904 hoc
503 871 561 904 est
585 862 756 917 poeticas
780 876 824 901 ac
846 862 1082 913 rhetoricas,
1124 863 1333 915 adiecerit,
1376 864 1470 905 iisce
1495 866 1623 907 verbis

98 932 314 989 expressit:
347 933 612 972 Abundantius
638 932 736 969 vobis
761 930 926 969 omnibus
950 933 1090 981 linguis
1112 934 1262 983 loquor,
1307 931 1359 972 uli
1384 946 1426 973 se
1451 931 1624 975 Graeca-

95 1016 178 1042 rum
205 1001 488 1055 disciplinarum
511 997 779 1039 excellentiori
801 997 963 1051 quodam
987 1013 1058 1039 usu
1084 1000 1293 1053 praeditum
1320 1014 1406 1040 esse
1432 1009 1623 1042 monstra-

96 1077 169 1110 ret.
227 1067 330 1109 Nam
352 1075 388 1107 et
410 1066 603 1107 scribendi
625 1079 748 1120 genus
773 1066 894 1120 ipsum
916 1081 989 1119 quo
1010 1067 1130 1107 utitur
1153 1067 1398 1109 humanitatis
1419 1068 1522 1109 illum
1543 1077 1623 1110 stu-

95 1138 166 1177 diis
188 1137 284 1177 haud
309 1134 554 1176 mediocriter
575 1134 760 1174 imbutum
782 1133 902 1174 fuisse
926 1134 1109 1186 declarat,
1137 1142 1177 1175 ut
1197 1150 1246 1176 ne
1267 1135 1448 1191 Epicurei
1471 1137 1621 1191 quidem

93 1205 164 1260 ipsi
191 1202 364 1245 Stoicive
390 1209 549 1258 possent
573 1201 781 1254 resistcre3
821 1216 915 1256 quos
950 1216 1083 1243 omnes
1115 1217 1199 1244 cum
1231 1218 1322 1244 arae
1353 1204 1454 1245 illius
1485 1205 1622 1246 inscri-

93 1273 260 1327 ptionem
291 1271 502 1320 eiusmodi,
547 1274 680 1322 Ignoto
705 1273 802 1318 Deo,
851 1270 998 1310 erudite
1026 1271 1209 1325 legisset,
1257 1287 1404 1313 summa
1431 1287 1515 1313 cum
1542 1274 1620 1314 elo-
1640 1288 1762 1322 Act.17,
1781 1289 1821 1317 23.

93 1340 246 1395 quentia
264 1339 546 1393 artificioseque
564 1338 760 1388 refutavit,
784 1337 819 1378 id
838 1337 1038 1393 ipsumque
1058 1339 1110 1380 ila
1127 1340 1357 1381 declaravitt
1386 1344 1496 1392 Quem
1514 1345 1620 1394 igno-

93 1417 220 1448 ranles
241 1410 384 1455 colitis,
426 1409 523 1446 lianc
546 1409 724 1446 ammntz'o
747 1407 860 1445 vobis.
923 1404 1020 1447 Item
1043 1407 1132 1448 illud
1156 1408 1230 1448 alio
1253 1408 1338 1449 loco
1359 1409 1479 1460 dixit,
1511 1413 1623 1450 Dioeit
1636 1422 1698 1450 Tit.
1720 1424 1744 1458 1,
1764 1425 1803 1453 12.

92 1480 238 1530 quidam
262 1479 441 1528 proprius
472 1477 619 1514 illorum
645 1476 839 1526 propheta,

205 1547 395 1583 Cretenses
424 1558 566 1594 semper
594 1545 804 1590 mendaces,
842 1545 958 1582 malae
990 1544 1146 1591 bestiae,
1186 1552 1330 1584 ventres
1354 1549 1474 1597 pigri,

90 1612 356 1667 Epimenidem
377 1618 548 1651 veterem
572 1610 833 1665 philosophum
854 1611 1091 1665 intelligens,
1114 1609 1283 1653 Mithrae
1303 1613 1498 1654 cuiusdam
1520 1616 1618 1670 apud

91 1679 304 1722 Cretenses
323 1679 412 1719 idoli
431 1679 686 1719 sacerdotem.
749 1677 808 1719 Dc
832 1693 904 1732 quo
928 1687 965 1720 et
986 1677 1260 1731 Callimachus,
1294 1679 1465 1737 Libycus
1486 1688 1614 1738 poe‘ta,

90 1749 189 1789 idem
223 1747 481 1788 testimonium
514 1744 610 1787 falso
644 1747 689 1786 ad
720 1746 934 1788 institutum
967 1762 1077 1788 suum
1109 1749 1326 1800 transtulit,
1371 1764 1456 1790 cum
1485 1750 1536 1792 ita
1570 1752 1616 1792 de

90 1815 184 1858 love
216 1815 377 1856 cecant:

232 1886 342 1923 Creta
372 1886 514 1935 quidem
544 1886 691 1922 assidue
720 1885 890 1922 tuendam.
953 1887 1032 1923 Rea·
1061 1899 1213 1936 magne,
1243 1888 1452 1937 sepulerum

234 1955 343 1991 Crem
376 1959 474 1990 ηιιιιη
507 1954 715 1999 eoestt‘zeoeit,
749 1954 816 1990 sed
843 1959 876 1990 te
905 1940 1003 1991 niors
1032 1955 1137 1992 nulla
1166 1955 1325 2005 subegit.

89 2019 210 2061 Vides
236 2034 417 2074 quorsum
442 2019 506 2059 ille
530 2019 574 2058 de
602 2018 740 2072 linguis
764 2019 926 2074 apostoli
948 2034 1076 2061 sermo
1099 2021 1312 2076 pertineat,
1343 2024 1433 2061 Volo
1456 2026 1615 2076 quinque

90 2089 198 2127 verba
217 2102 327 2126 sensu
348 2101 444 2135 meo,
479 2087 551 2127 hoc
573 2093 632 2126 est
653 2100 736 2126 cum
759 2087 1077 2142 interpretatione
1100 2089 1218 2143 loqui.
1282 2087 1611 2142 Quemadmodum

88 2155 271 2211 propheta
303 2169 400 2209 quae
431 2155 503 2196 sibi
533 2155 654 2195 sancti
681 2154 836 2209 spiritus
860 2155 985 2196 afflatu
1015 2156 1054 2196 in
1080 2157 1246 2197 animum
1272 2157 1443 2198 immissa
1472 2159 1613 2199 fuerint

86 2224 125 2264 in
147 2223 311 2264 medium
334 2224 536 2278 proferens
567 2222 804 2263 auditoribus
832 2223 911 2264 suis
938 2237 1006 2278 per
1025 2225 1262 2279 prophetiam
1281 2225 1384 2265 illam
1408 2226 1518 2267 affert
1540 2227 1611 2268 uti-

86 2292 253 2341 litatem,
297 2291 350 2331 ita
388 2305 481 2345 ego,
526 2290 671 2344 inquit,
716 2290 818 2344 loqui
858 2291 914 2331 sic
945 2291 1080 2346 cupio,
1126 2299 1166 2332 ut
1198 2306 1258 2332 me
1288 2293 1452 2334 ecclesia
1486 2295 1609 2336 omnis

87 2360 236 2411 audiat,
279 2366 318 2399 et
347 2359 538 2400 aedificari
570 2358 710 2413 possit,
758 2372 832 2398 non
857 2366 897 2399 ut
926 2358 1102 2400 Graecae
1125 2367 1190 2401 aut
1214 2359 1430 2402 Hebraicae
1455 2361 1608 2417 linguae

85 2427 244 2468 scientia
266 2427 389 2467 elatus
413 2440 471 2467 me
495 2441 635 2476 unum,
677 2426 739 2480 qui
764 2440 847 2467 eam
872 2427 1019 2469 scilicet
1039 2428 1271 2482 intelligam,
1305 2443 1380 2469 non
1406 2430 1605 2471 ecclesiam

86 2495 221 2550 ipsam,
251 2495 461 2535 aedificem.
523 2493 585 2534 Tu
606 2507 701 2534 vero
722 2494 810 2535 illud
834 2495 1025 2547 addidisti,
1052 2495 1220 2547 Marcio,
1255 2499 1306 2536 Ob
1327 2500 1464 2549 legem
1498 2499 1606 2553 quasi

86 2563 139 2604 ita
161 2563 361 2619 scripserit
383 2562 600 2618 apostolus:
637 2565 724 2601 Volo
750 2567 908 2616 quinque
929 2566 1038 2604 verba
1061 2568 1098 2605 in
1119 2567 1273 2604 eeclesia
1290 2574 1444 2618 propter
1471 2569 1599 2619 legem.

85 2712 193 2742 habent
215 2711 278 2753 τῆς
311 2707 382 2744 ἀντὶ
414 2705 596 2752 α’γνώστῳ,
630 2719 707 2750 quae
730 2713 822 2743 verba
912 2711 965 2744 56.
990 2709 1128 2746 εἰδώλου
1152 2714 1218 2744 cod.
1243 2714 1360 2753 Vatia,
1393 2717 1420 2746 et
1441 2715 1512 2746 inde
1534 2717 1604 2747 edit.

84 2757 228 2788 Petavius
245 2766 314 2789 cum
331 2766 391 2787 non
408 2757 607 2795 intellegeret,
630 2757 750 2787 uncinis
767 2765 821 2788 πο·
868 2759 972 2790 Ρειαυ.
1006 2757 1153 2792 εἰδωλίου
1168 2759 1232 2790 cod.
1243 2759 1369 2799 Rhediy.
1386 2763 1412 2790 et
1424 2761 1493 2791 edit.
1504 2762 1601 2800 princ.

86 2802 169 2832 tavit.
910 2802 963 2835 57.
989 2804 1167 2834 callimach.
1190 2804 1302 2842 Hymn.
1325 2805 1357 2835 in
1378 2806 1439 2836 Iov.
1457 2806 1489 2836 ὅ.

129 2843 181 2877 54.
204 2847 290 2878 Libri
313 2848 421 2878 habent
444 2842 632 2888 οἷγνώστως.
910 2845 962 2879 58.
994 2849 1141 2888 Infinitivi
1177 2847 1319 2888 λαλῆσαι
1356 2853 1383 2880 ει
1419 2848 1600 2893 οἰκοδομεῖν

130 2889 181 2921 55.
204 2892 251 2922 lea
281 2894 423 2931 rescripsi
452 2901 507 2930 pro
542 2890 609 2934 2503
643 2891 723 2930 quod
753 2893 823 2923 libri
863 2894 992 2932 pendere
1010 2895 1151 2924 videntur
1170 2903 1190 2923 α
1210 2895 1300 2924 verbo
1323 2893 1421 2933 ἓέλω,
1447 2898 1528 2935 quod
1549 2906 1598 2928 co-

81 2936 225 2974 praebent
247 2946 358 2969 omnes.
403 2937 548 2968 petavius
569 2938 707 2967 voculam
736 2938 822 2968 unci-
866 2940 1010 2978 gitatione
1031 2939 1223 2977 repetendum
1247 2942 1298 2970 est.

84 2981 132 3011 nis
153 2983 278 3012 notavit.
