2034 3267
508 187 684 219 PANARH
709 188 832 220 L113.1.
859 187 965 220 ToM.
989 188 1046 219 111.
1071 187 1198 219 HAER.
1219 188 1384 220 xxxw.
1626 178 1704 218 493

186 272 248 305 tus
268 265 331 305 ille
354 263 503 316 David,
538 280 621 306 cum
646 280 731 307 eum
753 267 1007 307 conscelerati
1035 266 1209 307 homines
1232 273 1557 321 persequerentur
1576 280 1621 306 ac
1643 280 1706 306 ca-

190 331 343 373 lumniis
375 333 637 385 incesserent,
678 337 825 387 Infioezes
855 349 958 381 sum,
993 334 1136 388 inquit,
1173 338 1210 373 in
1240 338 1394 373 materia
1419 336 1602 387 profundi
1629 340 1702 374 etc.

299 399 445 441 Verum
470 402 772 456 quandoquidem
789 434 799 452 ,
835 417 856 442 o
881 401 1096 452 Heracleo,
1131 402 1252 456 placet
1276 402 1340 442 tibi
1364 402 1561 442 materiam
1588 401 1706 441 homi-

186 482 273 508 num
297 482 384 509 esse
409 483 595 523 corpora,
630 477 824 523 totumque
847 469 947 510 istud
972 468 1214 518 universum,
1255 483 1398 522 quaero
1421 469 1488 510 abs
1511 476 1548 509 te
1572 469 1707 523 quibus

186 536 231 576 de
250 536 398 577 caussis
417 537 579 578 animam
602 552 708 578 suam
727 537 912 577 materiae
932 543 1086 576 creator
1105 537 1326 576 inseruerit.
1373 534 1415 577 Si
1438 537 1575 576 malum
1597 537 1707 590 igno-

185 603 309 654 ravit,
342 605 403 658 qui
426 606 524 659 quod
547 605 670 646 moliri
690 605 771 646 vult
793 603 944 658 ignorat
965 604 1115 643 efficere
1136 604 1291 643 omnino
1314 604 1405 643 nihil
1425 612 1564 658 potest.
1624 603 1707 645 Ne-

185 685 257 725 que
286 672 384 712 enim
416 687 486 714 nos
512 673 549 714 in
574 673 734 727 singulis
759 672 903 712 artibus
929 672 1106 712 molimur
1135 671 1322 726 quippiam
1347 673 1445 724 quod
1470 686 1543 711 non
1567 672 1707 712 intelli-

185 738 324 793 gimus.
387 739 575 795 Quicquid
600 748 724 781 autem
751 740 934 795 perficere
960 740 1160 789 volumus,
1205 739 1240 778 id
1267 739 1328 778 diu
1354 745 1441 778 ante
1463 740 1703 790 meditamur,

184 814 223 847 et
245 808 342 861 quod
372 809 585 849 faciendum
609 808 869 862 suscepimus,
912 806 1039 847 animo
1065 813 1152 846 ante
1179 813 1216 846 et
1243 806 1463 860 cognitione
1489 808 1707 862 complecti-

184 890 284 915 mur.
345 876 462 931 Atqui
489 876 698 916 imbecilles
724 875 796 930 ipsi
820 889 976 925 sumus,
1020 882 1056 914 et
1081 875 1195 928 longe
1222 889 1242 914 a
1267 874 1393 914 divina
1416 881 1602 928 potestate
1626 875 1707 914 vin-

185 943 326 994 cimur,
371 951 409 984 et
438 952 562 984 tamen
593 958 661 997 pro
690 943 805 983 insita
833 943 878 983 ab
909 943 973 982 illo
1000 944 1133 995 generi
1160 943 1325 982 humano
1349 942 1506 981 solertia
1531 943 1706 983 novimus

184 1011 284 1052 istud
312 1019 350 1052 et
377 1018 502 1052 mente
529 1011 774 1066 percipimus.
837 1009 928 1050 Tibi
955 1018 1082 1051 autem
1110 1011 1313 1060 nimirum,
1358 1008 1573 1059 Heracleo,
1617 1025 1707 1050 eon-

185 1092 295 1119 cessa
324 1079 387 1119 illa
418 1079 600 1119 divinitus
632 1078 884 1133 intelligentia
914 1078 1037 1118 fraudi
1070 1078 1161 1129 fuit,
1206 1079 1304 1132 quod
1332 1093 1407 1117 non
1435 1092 1486 1118 ex
1512 1077 1570 1118 dei
1597 1093 1707 1133 prae-

186 1147 354 1202 scripto,
397 1148 463 1187 sed
497 1161 549 1187 ex
573 1146 739 1202 pessimo
766 1147 881 1187 animi
907 1147 960 1186 tui
986 1147 1111 1186 studio
1136 1160 1324 1187 exercere
1349 1146 1450 1186 illam
1476 1146 1704 1186 institueris.

186 1213 271 1255 Hoc
296 1229 410 1256 unum
436 1214 594 1270 insuper
616 1215 731 1255 velim
757 1215 847 1255 mihi
870 1215 1129 1268 respondeas,
1175 1215 1361 1254 undenam
1384 1214 1568 1269 spiritalis
1589 1214 1705 1265 illius,

183 1296 293 1336 quem
319 1290 357 1323 tu
381 1283 603 1324 interiorem
630 1283 821 1324 hominem
846 1297 989 1334 vocas,
1027 1297 1111 1322 cum
1136 1282 1287 1323 animali
1313 1297 1357 1322 ac
1381 1282 1591 1334 materiali,
1625 1281 1708 1322 sivc

183 1336 352 1391 secundo
373 1365 417 1391 ac
440 1352 570 1403 tertio,
605 1351 869 1405 exteriorique
890 1351 986 1391 adeo
1008 1350 1176 1400 homine,
1211 1350 1404 1391 coniuncti
1427 1351 1477 1390 sit
1500 1352 1596 1391 facta
1618 1365 1709 1390 con-

182 1418 318 1458 cretio.
381 1417 423 1460 Si
452 1420 498 1459 de
524 1432 727 1473 supremae
755 1419 930 1469 virtutis,
975 1418 1046 1458 hoc
1074 1426 1134 1459 est
1153 1417 1334 1460 Parentis
1360 1418 1552 1469 omnium,
1597 1432 1708 1472 quem

181 1485 350 1542 Bythum
381 1488 494 1527 etiam
527 1502 667 1538 vocas,
712 1487 909 1528 voluntate
937 1493 1088 1541 gestum
1123 1487 1290 1537 dixeris,
1333 1502 1409 1527 non
1437 1494 1551 1527 erunt
1576 1486 1706 1539 igitur,

184 1561 225 1595 ut
251 1555 391 1595 dictum
418 1562 500 1606 est,
547 1563 702 1596 creatae
727 1555 825 1596 istae
849 1555 1078 1609 intimaeque
1099 1568 1161 1594 res
1187 1555 1310 1596 omnis
1336 1570 1418 1595 cum
1444 1554 1708 1609 superioribus

184 1623 463 1664 communionis
489 1631 688 1677 expertes,
722 1623 758 1663 id
784 1623 983 1678 ipsumque
1010 1624 1056 1663 de
1083 1623 1250 1678 supremi
1274 1621 1452 1663 Parentis
1479 1623 1638 1663 consilio
1663 1636 1707 1662 ac

184 1691 346 1731 coelitus
378 1691 531 1746 delapsa
560 1692 623 1731 illa
651 1691 815 1731 scintilla
843 1698 1153 1745 consequentur,
1195 1691 1256 1745 qui
1283 1698 1341 1731 est
1361 1691 1516 1731 intimus
1542 1691 1604 1731 ille
1628 1691 1709 1745 opi-

184 1758 299 1799 nione
332 1766 395 1799 tua
427 1773 471 1799 ac
502 1759 684 1814 spiritalis
712 1759 839 1800 homo.
902 1757 972 1801 Sin
997 1759 1235 1800 conditorem
1261 1759 1382 1799 mavis
1412 1759 1448 1799 in
1479 1760 1630 1799 defectu
1657 1768 1710 1800 at-

183 1840 255 1880 que
280 1834 454 1881 egestate
477 1828 747 1878 constitutum,
790 1835 854 1869 aut
878 1829 959 1869 eius
987 1835 1146 1868 matrem
1162 1860 1171 1878 â€š
1215 1842 1323 1881 quam
1350 1827 1565 1868 Achamoth
1590 1828 1710 1868 nomi-

182 1909 274 1947 nas,
308 1896 384 1937 vim
410 1896 510 1936 illam
538 1895 713 1936 hausisse
739 1897 785 1936 de
807 1897 951 1951 coelo,
973 1896 1044 1935 hoc
1067 1896 1189 1950 ipsum
1214 1896 1392 1936 videlicet
1415 1896 1514 1950 quod
1539 1896 1709 1951 spiritale

183 1970 264 2014 est,
298 1964 472 2018 sequitur
498 1977 621 2017 neque
648 1964 908 2014 conditorem,
952 1977 1076 2018 neque
1103 1978 1215 2017 quam
1241 1971 1280 2004 tu
1305 1972 1463 2004 matrem
1488 1963 1589 2004 illins
1615 1979 1710 2004 nun-

182 2045 312 2086 cupas,
345 2032 382 2071 in
407 2033 556 2072 defectu
580 2031 740 2086 amplius
761 2032 1054 2086 ignorantiaque
1078 2032 1242 2072 versari.
1307 2030 1383 2084 Qui
1408 2032 1508 2072 enim
1529 2032 1709 2086 ignorare

182 2098 319 2153 aliquis
346 2107 469 2154 potest
492 2099 599 2139 cuius
622 2100 827 2154 cupiditate
850 2100 1023 2140 ducitur?
1078 2098 1181 2139 Nam
1206 2100 1237 2140 si
1262 2099 1439 2149 omnino,
1474 2100 1572 2154 quod
1599 2113 1708 2153 prae-

181 2168 345 2209 stantius
369 2176 427 2208 est
450 2168 658 2218 desiderat,
694 2168 792 2221 quod
814 2167 1013 2208 honestum
1038 2175 1098 2208 est
1120 2168 1336 2221 bonumque
1359 2166 1573 2221 cognoscit.
1632 2165 1707 2220 Qui

181 2243 305 2276 autem
338 2243 375 2276 et
400 2237 539 2276 bonum
568 2235 785 2289 cognitione
817 2236 940 2290 capit,
985 2250 1108 2290 neque
1136 2235 1215 2276 odit
1239 2235 1350 2285 illud,
1385 2236 1450 2276 sed
1478 2235 1642 2290 appetit,
1687 2249 1709 2275 a

182 2303 283 2344 bono
314 2318 551 2358 nequaquam
583 2304 731 2343 alienus
763 2311 837 2344 est.

294 2370 371 2413 Sed
395 2386 442 2412 ne
464 2372 500 2411 in
527 2371 800 2426 persequendis
826 2371 1031 2426 importuni
1053 2371 1154 2412 illius
1180 2371 1382 2411 nebulonis
1408 2371 1604 2411 fraudibus
1627 2371 1707 2411 diu-

183 2439 257 2481 tius
280 2440 480 2490 haeream,
514 2439 559 2479 iis
583 2452 680 2492 quae
704 2439 897 2494 proposita
920 2446 1009 2479 sunt
1032 2454 1098 2479 ero
1122 2445 1340 2479 contentus.
1405 2436 1502 2479 Cum
1531 2453 1708 2493 praeser-

181 2508 248 2548 tim
283 2508 343 2548 vel
374 2521 425 2547 ex
459 2507 530 2547 hoc
564 2521 640 2546 uno
672 2507 770 2547 illius
799 2514 1035 2547 evanescant
1059 2507 1233 2556 somnia,
1278 2508 1375 2560 quod
1402 2520 1513 2546 nemo
1537 2513 1597 2546 est
1620 2507 1708 2560 quin

181 2575 450 2617 universorum
475 2574 667 2615 dominum
691 2574 829 2614 bonum
858 2589 945 2615 esse
972 2576 1176 2628 omniaque
1201 2581 1237 2614 et
1270 2574 1496 2629 praevidere
1524 2581 1559 2614 et
1584 2575 1709 2614 moliri

181 2657 296 2698 posse
326 2644 489 2692 sentiat,
534 2650 725 2696 totamque
757 2656 884 2683 rerum
913 2650 1086 2683 naturam
1119 2642 1165 2682 ab
1197 2642 1259 2682 illo
1288 2643 1477 2682 conditam
1509 2643 1707 2696 praeclare

182 2711 336 2751 omnino
370 2711 593 2752 fabricatam
629 2709 840 2750 existimet.
902 2709 1009 2751 Nihil
1046 2711 1146 2750 enim
1184 2710 1326 2763 absque
1361 2711 1432 2749 deo
1467 2717 1593 2764 potest
1626 2710 1709 2750 exi-

183 2785 308 2829 stere,
355 2786 620 2834 praeterquam
645 2785 865 2831 peccatum,
912 2778 1020 2819 cuius
1043 2779 1156 2818 radix
1180 2785 1218 2818 et
1240 2778 1348 2831 origo
1375 2777 1559 2832 principio
1585 2785 1705 2829 caret,

184 2859 307 2900 neque
338 2854 521 2901 perpetuo
554 2852 703 2896 manet,
752 2847 819 2887 sed
850 2847 887 2887 in
915 2846 1025 2887 nobis
1050 2846 1142 2901 ipsis
1169 2844 1417 2886 adventitium
1442 2845 1544 2886 inest
1573 2853 1611 2886 et
1638 2860 1707 2886 ex-

226 2947 256 2978 Q.
281 2946 323 2989 Î´á½µ
349 2959 407 2979 om.
431 2950 477 2979 ed.
501 2950 605 2980 Petav.
1011 2946 1043 2980 lt.
1067 2950 1151 2979 Libri
1174 2949 1282 2978 haben!
1309 2946 1518 2990 ÏƒÏ…Î½Î·Î¼Î¼á½³Î½á¿³.

226 2992 257 3024 3.
280 2995 477 3034 Reposuerim
501 2990 518 3025 á½
544 2991 610 3026 á¼”ÏƒÏ‰
635 2988 818 3035 á¼„Î½Î¸ÏÏ‰Ï€Î¿Ï‚.
1011 2994 1041 3025 5.
1066 2994 1150 3024 Editi
1173 2994 1242 3024 libri
1265 2994 1373 3025 habent
1398 2991 1520 3036 Î¼Î·Ï„á¿†Ï.

1735 406 1811 449 Cap.
1839 408 1874 437 V.

1734 2378 1811 2421 Cap.
1834 2377 1888 2409 Vt.
