2034 3267
169 233 256 276 Κεφ.
283 229 341 275 λγ’.

221 1804 287 1834 pag.
305 1797 363 1825 203.

365 146 444 185 376
921 141 1080 175 εΑΝοΤι
1103 142 1326 174 EPIPHANH

488 228 609 267 Τοῦτο
631 222 671 263 τό
694 220 874 276 κήρυγμα
895 223 1169 273 παρειληφυῖα,
1198 220 1265 259 καὶ
1283 217 1426 273 ταύτην
1444 221 1514 275 τήν
1537 225 1685 274 πίστιν,
1716 220 1769 271 ὦς
1788 238 1881 276 προ-

368 296 534 347 έφαμεν,
565 290 591 344 ἡ
614 291 812 342 ἐκκλησία,
843 289 978 342 καίπερ
1003 287 1043 327 ἐν
1066 284 1140 342 ὅλῳ
1163 289 1216 342 τῷ
1236 284 1367 343 κόσμῳ
1392 290 1669 344 διεσπαρμένη,
1700 292 1883 343 ἐπιμελῶς

367 359 565 413 φυλάσσει,
598 356 651 406 οἷς
672 358 738 399 ἕνα
757 353 866 397 οἶκον
885 356 1058 404 οἰκοῦσα,
1089 354 1154 394 καὶ
1174 351 1318 406 ὁμοίως
1338 355 1505 397 πιστεύει
1522 357 1687 409 τούτοις,
1720 356 1772 407 οἷς
1791 361 1882 410 μίαν

366 425 497 480 ψυχὴν
524 427 591 467 καὶ
613 423 682 478 τήν
709 422 830 476 αύτήν
851 423 988 476 ἔχουσα
1009 423 1193 476 καρδίαν,
1235 422 1300 462 καὶ
1322 422 1543 475 συμφώνως
1562 429 1680 467 ταῦτα
1701 424 1884 480 κηρύσσει

365 496 431 537 καὶ
454 492 622 535 διδάσκει
645 493 709 533 καὶ
733 492 1019 545 παραδίδωσιν,
1058 487 1110 537 ὦς
1127 491 1172 530 ’ἐν
1194 487 1316 541 στόμα
1339 491 1562 544 κεκτημένη.
1624 494 1728 534 1Καὶ
1748 492 1820 548 γάρ
1844 495 1886 533 αἱ

366 560 464 604 κατά
488 560 555 603 τόν
578 559 726 612 κόσμον
748 557 940 600 διάλεκτοι
961 555 1159 610 άνόμοιαι·
1202 555 1278 597 ἄλλ’
1307 555 1333 610 ἦ
1355 556 1518 610 δύναμις
1546 562 1613 612 τῆς
1635 559 1886 615 παραδόσεως

368 632 436 684 μία
458 630 523 670 καὶ
545 626 569 682 ἦ
591 626 687 681 αύτή
701 661 710 677 ,
751 628 817 668 καὶ
841 624 929 667 οὕτε
952 627 994 666 αἱ
1012 626 1051 666 ἐν
1073 626 1303 679 Γερμανίαις
1325 626 1524 679 ἱδρυμέναι
1547 627 1742 680 ἐκκλησίαι
1765 627 1885 677 ἄλλως

367 696 684 746 πεπιστεύκασιν,
725 693 752 748 ἢ
782 693 902 741 ἄλλως
932 691 1235 748 παραδιδόασιν,
1276 691 1363 733 οὕτε
1391 694 1432 734 ἐν
1462 699 1544 742 ταῖς
1567 692 1758 749 Ἰβερίαις,
1798 694 1885 737 οὔτε

369 767 409 808 ἐν
432 769 601 814 Κελτοῖς,
627 761 714 805 οὔτε
735 759 831 803 κατά
852 760 920 809 τάς
941 758 1140 810 άνατολᾶς,
1167 758 1255 801 οὔτε
1277 761 1317 801 ἐν
1335 759 1536 818 Αἰγύπτῳ,
1567 760 1654 803 οὔτε
1677 763 1716 803 ἐν
1736 761 1884 821 Λιβύῃ,

370 831 457 876 οὕτε
476 834 518 874 αἱ
534 830 630 873 κατὰ
651 833 745 884 μέσα
764 835 835 871 τοῦ
858 828 1010 881 κόσμου
1030 829 1247 882 ἱδρυμέναι·
1279 826 1355 869 ἄλλ’
1377 827 1501 883 ὥςπερ
1523 826 1546 870 ό
1565 829 1670 882 ἣλιος
1688 828 1729 871 τὸ
1752 832 1887 882 κτίσμα

369 904 438 943 τοῦ
466 903 565 942 θεοῦ
594 900 634 941 ἐν
661 898 737 955 ὅλῳ
762 900 813 954 τῷ
834 895 967 953 κόσμῳ
995 893 1048 944 εἷς
1071 897 1134 936 καὶ
1156 893 1179 936 ὅ
1203 893 1339 946 αύτὸς,
1383 895 1484 937 οὕτω
1508 897 1574 938 καὶ
1597 896 1671 938 2τό
1699 900 1803 949 φῶς,
1844 896 1886 939 τὸ

371 968 551 1023 κήρυγμα
570 970 642 1020 τῆς
665 965 847 1019 άληθείας
865 967 1038 1021 πανταχῇ
1060 965 1203 1015 φαίνει,
1225 964 1289 1004 καὶ
1310 967 1463 1014 φωτίζει
1483 964 1632 1013 πάντας
1651 963 1889 1019 άνθρώπους

371 1035 462 1085 τούς
486 1036 747 1092 βουλομένους
771 1035 823 1082 εἰς
846 1034 1052 1087 ἐπίγνωσιν
1073 1029 1257 1084 άληθείας
1280 1032 1431 1082 ἐλθεῖν,
1461 1033 1526 1073 καὶ
1547 1031 1633 1074 οὔτε
1655 1030 1677 1074 ὁ
1697 1031 1801 1073 πάνυ
1823 1034 1889 1073 δυ-

373 1102 487 1152 νατὸς
515 1105 554 1145 ἐν
581 1101 682 1159 λόγῳ
712 1106 788 1142 τῶν
817 1102 856 1142 ἐν
887 1105 971 1148 ταῖς
997 1101 1213 1152 ἐκκλησίαις
1235 1098 1488 1153 προεστώτων
1512 1101 1619 1153 ἕτερα
1641 1098 1789 1142 τούτων
1814 1101 1891 1154 ἐρεῖ

375 1170 517 1221 (οὐδεὶς
536 1169 607 1226 γαρ
630 1168 727 1224 ὑπὲρ
751 1168 817 1210 τὸν
836 1167 1095 1217 διδάσκαλον),
1128 1165 1215 1208 οὕτε
1240 1164 1262 1208 ὁ
1280 1165 1448 1219 ἀσθενὴς
1472 1169 1512 1209 ἐν
1533 1173 1586 1225 τῷ
1607 1167 1707 1225 λόγῳ
1732 1166 1889 1209 ἐλαττώ-

375 1256 429 1282 σει
454 1238 522 1292 τὴν
546 1236 769 1291 παράδοσιν.
830 1240 940 1284 Μιᾶς
964 1234 1036 1290 γάρ
1064 1235 1129 1275 καὶ
1155 1239 1222 1287 τῆς
1245 1233 1364 1288 αὐτῆς
1386 1238 1546 1284 πίστεως
1571 1234 1708 1288 οὔσης,
1752 1234 1839 1277 οὔτε
1868 1233 1890 1276 o‘

375 1306 475 1350 πολὺ
499 1307 584 1360 περὶ
610 1303 729 1357 αὐτῆς
754 1302 965 1356 δυνάμενος
987 1304 1106 1343 εἰπεῖν
1129 1300 1375 1352 ἐπλεόνασεν,
1407 1301 1492 1343 οὕτε
1516 1301 1538 1344 ό
1562 1302 1602 1345 τὸ
1631 1301 1757 1358 ὀλίγον
1780 1301 1888 1356 ἠλατ-

376 1374 522 1428 τόνησε.
588 1371 638 1413 Τό
664 1373 713 1425 δὲ,
725 1377 855 1413 πλεῖον
877 1370 904 1424 η’
925 1371 1079 1411 ἔλαττον
1100 1368 1196 1410 κατα
1218 1368 1370 1411 σύνεσιν
1392 1371 1535 1411 εἰδέναι
1553 1369 1660 1419 τινας
1683 1369 1754 1412 οὐκ
1778 1372 1817 1412 ἐν
1838 1375 1890 1427 τῷ

377 1442 446 1496 τὴν
463 1440 655 1483 ὑπόθεσιν
672 1438 792 1493 αὐτὴν
811 1438 1006 1481 ἀλλάσσειν
1023 1440 1177 1492 γίνεται,
1197 1439 1262 1478 καὶ
1280 1436 1392 1479 ἄλλον
1410 1436 1506 1479 θεὸν
1523 1444 1769 1494 παρεπινοεῖν
1786 1437 1891 1493 παρά

377 1509 444 1552 τόν
473 1508 712 1563 δημιουργόν
740 1508 805 1549 καὶ
836 1505 998 1560 ποιητὴν
1028 1507 1090 1547 καὶ
1123 1506 1269 1560 τροφέα
1295 1510 1364 1547 τοῦ
1394 1506 1434 1547 δὲ
1462 1509 1532 1547 τοῦ
1559 1504 1723 1557 παντὸς,
1762 1504 1815 1554 (ἇς
1840 1504 1892 1559 μὴ

377 1577 641 1632 ἀρκουμένους
670 1574 845 1633 3τούτῳ,
879 1573 906 1628 ἢ
929 1573 1041 1616 ἄλλον
1067 1572 1256 1628 Χριστόν,
1291 1572 1317 1626 ἢ
1341 1572 1453 1614 ἄλλον
1476 1578 1707 1628 Μονογενῆ,
1738 1572 1830 1614 ἄλλα
1853 1575 1894 1615 ἐν

379 1651 431 1703 τῷ
452 1643 499 1686 τά
521 1643 593 1685 ὅσα
616 1646 655 1686 ἐν
676 1646 914 1698 παραβολαῖς
937 1644 1083 1697 εἴρηται
1104 1647 1124 1670 4
1139 1640 1547 1696 προςεπεξεργάζεσθαι
1569 1642 1635 1682 καὶ
1656 1644 1894 1683 συνοικειοῦν

380 1719 427 1772 τῇ
450 1719 517 1766 τῆς
537 1715 698 1760 πίστεως
716 1709 917 1761 ὑποθέσει,
945 1711 1011 1751 καὶ
1032 1711 1072 1751 ἐν
1092 1714 1143 1766 τῷ
1165 1708 1234 1762 τήν
1252 1726 1291 1750 τε
1310 1711 1569 1764 πραγματείαν
1587 1710 1651 1750 καὶ
1671 1710 1896 1761 οἰκονομίαν

384 1786 452 1823 τοῦ
481 1785 580 1822 θεοῦ
611 1778 679 1832 τὴν
704 1780 767 1821 ἐπὶ
789 1784 836 1835 τῇ
860 1776 1133 1832 άνθρωπότητι
1166 1778 1400 1832 5γινομένην
1424 1779 1708 1831 ἐκδιηγεῖσθαι,
1750 1777 1815 1818 καὶ
1839 1776 1896 1818 ὅτι

382 1847 706 1904 ἐμακροθύμησεν
739 1845 760 1888 ὁ
790 1845 885 1894 θεὸς
917 1847 979 1886 ἐπί
1012 1862 1049 1886 τε
1077 1848 1124 1902 τῇ
1152 1850 1229 1886 τῶν
1256 1844 1584 1900 παραβεβηκότων
1609 1843 1775 1899 άγγέλων
1801 1842 1895 1885 άπο-

383 1920 517 1974 στασία
540 1916 605 1957 καὶ
631 1916 693 1956 ἐπὶ
717 1919 761 1971 τῇ
786 1918 966 1970 παρακοῇ
989 1918 1064 1954 τῶν
1089 1911 1312 1968 άνθριόπων
1336 1915 1576 1966 σαφηνίζειν,
1615 1913 1679 1954 καὶ
1706 1910 1771 1953 διά
1794 1914 1829 1954 τί
1852 1910 1898 1953 τοὶ

385 1986 453 2039 μὲν
474 1983 708 2039 πρόςκαιρα,
748 1980 793 2023 τά
818 1982 859 2022 δὲ
881 1980 1036 2031 αἰώνια,
1068 1983 1133 2022 καὶ
1158 1981 1204 2022 τά
1228 1982 1296 2034 μὲν
1322 1979 1504 2036 οὐράνια,
1533 1981 1600 2021 καὶ
1620 1978 1667 2020 τοὶ
1689 1980 1730 2020 δὲ
1753 1981 1899 2034 ἐπίγεια

387 2051 442 2101 εἷς
469 2053 533 2094 καὶ
562 2049 585 2093 ό
616 2048 732 2098 αὐτὸς
760 2048 855 2097 θεὸς
884 2051 1090 2101 πεποίηκεν
1115 2047 1378 2104 ἀπαγγέλλειν,
1419 2049 1483 2090 καὶ
1509 2047 1573 2089 διὰ
1597 2050 1631 2088 τί
1657 2045 1820 2101 ἀόρατος
1846 2046 1901 2089 ὧν

387 2119 512 2173 ἐφάνη
540 2124 621 2167 τοῖς
649 2116 869 2173 προφήταις
899 2114 921 2158 ὁ
950 2115 1062 2167 θεὸς,
1103 2116 1175 2159 ούκ
1206 2119 1246 2159 ἐν
1276 2122 1345 2174 μιᾷ
1374 2117 1478 2173 ἰδέᾳ,
1517 2113 1609 2156 om&
1633 2113 1753 2163 άλλως
1775 2114 1902 2164 ἄλλοις

389 2194 544 2238 συνιεῖν,
569 2187 634 2228 καὶ
654 2184 717 2228 δια
738 2188 772 2226 τί
791 2187 980 2238 διαθῆκαι
1001 2188 1153 2234 πλείους
1170 2184 1344 2240 γεγόνασι
1365 2189 1412 2242 τῇ
1433 2182 1710 2238 άνθρωπότητι
1727 2182 1900 2236 μηνύειν,

389 2258 453 2298 καὶ
480 2258 536 2304 τίς
559 2254 720 2307 ἑκάστης
742 2257 818 2295 τῶν
843 2255 1046 2306 διαθηκῶν
1066 2251 1088 2294 ό
1108 2251 1301 2308 χαρακτὴρ
1327 2251 1541 2303 διδάσκειν,
1578 2252 1644 2292 καὶ
1667 2251 1731 2292 διά
1753 2254 1790 2292 τί
1813 2266 1901 2292 συν-

392 2326 528 2366 έκλεισε
552 2322 678 2364 πάντα
700 2323 753 2370 εἰς
776 2319 977 2362 άπείθειαν
999 2318 1022 2361 ὁ
1042 2319 1156 2371 θεὸς,
1194 2322 1258 2362 ἵνα
1283 2319 1375 2369 τούς
1395 2319 1542 2368 πάντας
1565 2317 1718 2376 ἐλεήσῃ,
1760 2320 1900 2373 ἐξερευ-

392 2397 483 2443 νᾶν,
513 2392 578 2432 καὶ
601 2388 666 2432 διά
686 2392 721 2430 τί
742 2387 764 2430 ό
782 2387 893 2444 λόγος
913 2391 982 2430 τοῦ
1001 2393 1099 2430 θεοῦ
1121 2387 1216 2443 σάρξ
1235 2389 1379 2444 ἐγένετο
1399 2389 1466 2429 καὶ
1489 2388 1636 2429 ἔπαθεν
1658 2384 1902 2441 εὐχαριστεῖν,

391 2461 458 2501 καὶ
487 2457 551 2501 διά
584 2461 619 2499 τί
647 2460 694 2500 ἐπ
733 2455 900 2510 ἐσχάτων
933 2460 1040 2498 6τῶν
1062 2460 1206 2511 καιρῶν
1228 2455 1254 2510 ἡ
1277 2459 1469 2511 παρουσία
1493 2459 1562 2497 τοῦ
1586 2456 1674 2496 υἱοῦ
1697 2459 1768 2495 τοῦ
1791 2458 1903 2506 θεοῦ,

393 2528 585 2570 τουτέστιν
609 2527 649 2567 ἐν
672 2530 725 2583 τῷ
749 2526 842 2566 τέλει
864 2523 989 2577 ἐφάνη
1013 2522 1038 2577 ἦ
1061 2523 1170 2578 ἀρχὴ,
1201 2523 1459 2580 ἀπαγγέλλειν,
1488 2524 1554 2565 καὶ
1575 2523 1663 2577 περὶ
1683 2526 1754 2563 τοῦ
1776 2522 1905 2571 τέλους

393 2597 459 2637 καὶ
482 2600 558 2636 τῶν
583 2592 813 2647 μελλόντων,
844 2591 916 2634 ὅσα
939 2609 976 2633 τε
999 2598 1119 2634 κεῖται
1142 2594 1182 2635 ἐν
1208 2598 1291 2642 ταῖς
1311 2597 1502 2647 γραφαῖς,
1533 2588 1809 2640 ἀναπτύσσειν,
1840 2592 1905 2631 καὶ

441 2688 517 2721 CAP.
537 2687 703 2718 XXXIII.
728 2705 771 2710 —-
807 2685 835 2717 1.
857 2687 903 2717 Ιια
925 2694 1026 2716 omnes
1050 2687 1126 2716 libri.
1217 2684 1246 2717 3.
1272 2682 1377 2728 τούτῳ
1394 2686 1510 2716 restitui
1529 2692 1566 2715 ex
1584 2684 1648 2715 cod.
1665 2684 1781 2714 Veneto.
1812 2685 1907 2723 Vulgyo
1948 2684 1952 2687 ‘

398 2735 473 2766 Cum
506 2734 618 2764 Grabio
650 2732 874 2764 rescribendum
905 2731 1026 2761 videtur
1056 2725 1127 2763 Κᾶν
1177 2734 1259 2762 extat
1280 2727 1425 2766 τούτους.

396 2776 468 2820 γὰρ.
1218 2773 1248 2807 4.
1267 2772 1624 2817 προςεπεξεργάζεσξται
1638 2770 1695 2805 καὶ
1712 2773 1907 2806 συνοικειοῦν

441 2825 471 2854 2.
504 2820 540 2856 τὸ
577 2822 651 2865 φῶς
683 2819 721 2855 τὸ
755 2819 912 2864 κήρυγμα
943 2822 1061 2852 restitui
1092 2830 1129 2852 ex
1175 2821 1325 2852 cod.Ven.
1361 2816 1753 2862 προςεπεργάζεσὲαικαὶ
1771 2817 1907 2852 οἰκειοῦν

397 2871 575 2900 auctoritate
598 2868 663 2899 cod.
687 2868 786 2898 Veneti
814 2871 840 2899 et
864 2868 925 2898 Vet.
947 2867 1130 2905 Inter-prelis,
1174 2866 1282 2918 reli-qui
1302 2867 1380 2897 libri.

398 2915 450 2953 qui
470 2914 555 2944 habet
573 2911 619 2944 sic
637 2918 669 2943 et
687 2911 807 2951 lumen,
826 2909 1024 2954 praedicatio
1043 2910 1130 2942 veri-
1222 2920 1253 2942 o.
1273 2908 1458 2952 γενομένην,
1477 2911 1521 2940 uli
1536 2910 1664 2940 correxit
1678 2909 1787 2940 Billius
1804 2918 1909 2941 secun-

399 2957 475 2989 tatis
499 2961 563 2989 cett.
1176 2958 1250 2988 dum
1273 2957 1332 2989 Vct.
1352 2957 1500 2995 lnterpr-‚
1522 2955 1610 2985 habet
1632 2955 1698 2986 cod.
1719 2955 1820 2986 Paris.
