2034 3267
482 167 659 199 PANARH
684 167 766 200 LIB.
782 169 807 199 1.
833 168 997 200 TOM.‡11.
1025 168 1152 202 HAER.
1174 169 1331 201 XXVIII.
1582 164 1661 204 ⁶217

142 260 234 300 gere
266 245 365 285 istud
399 244 535 296 debet,
580 245 671 285 1111111
704 260 789 286 esse
821 254 897 286 tota
930 247 999 287 bac
1024 248 1292 287 circulatorum
1318 248 1465 288 officina
1489 250 1658 291 stultius.

143 311 252 365 Quos
278 313 426 366 quidem
459 314 538 353 suis
565 313 733 367 ipsorum
762 314 890 353 verbis
915 314 1169 367 ignominiose
1196 315 1427 355 convincere
1452 316 1522 356 hoc
1548 319 1660 357 modo

143 394 360 434 possumus.
423 379 574 420 Etenim
609 382 639 420 si
671 379 779 420 lesus
807 379 985 420 Christus
1018 396 1092 421 non
1124 383 1169 421 de
1200 383 1349 435 virgine
1374 381 1499 422 Maria
1530 392 1658 436 natus,

140 447 206 487 sed
230 448 275 486 de
301 445 452 501 Iosephi
478 448 646 498 semine,
691 448 898 500 eademque
920 446 1046 487 Maria
1069 458 1300 502 propagatus
1325 457 1408 500 est,
1444 458 1481 490 et
1502 451 1534 491 is
1559 452 1659 492 salu-

141 522 215 553 tem
244 514 486 569 adipiscitur,
521 516 632 555 etiam
656 515 741 554 illos
765 515 825 567 qui
852 514 972 567 ipsum
996 516 1202 568 genuerint
1225 530 1312 556 esse
1336 518 1465 558 salvos
1490 525 1656 572 oportet.

141 580 216 634 Qui
237 582 269 621 si
291 596 312 622 a
331 596 477 622 summo
502 582 565 622 illo
590 581 720 636 opifice
742 580 830 620 facti
852 589 955 630 sunt,
984 595 1078 621 saue
1099 582 1198 621 hunc
1219 597 1304 623 esse
1324 592 1537 625 creatorem
1559 586 1660 627 inter

138 649 224 688 illos
246 650 448 699 convenit,
482 663 603 702 neque
627 648 688 701 qui
712 646 916 701 loscplium
938 647 1180 703 Mariamque
1204 651 1369 690 condidit
1391 652 1554 693 defectui
1579 668 1659 694 am-

139 717 234 769 plius
257 717 491 767 ascribetur,
524 730 543 755 a
570 715 704 769 quibus
725 713 836 755 Iesus
858 723 964 755 ortus
987 723 1068 765 est,
1102 716 1164 769 qui
1190 717 1235 755 ab
1259 717 1389 770 ignoto
1412 718 1476 758 illo
1500 728 1658 773 parente

140 784 333 837 profectus
360 792 432 823 est.
495 781 563 823 Sin
591 780 700 821 Iesus
727 782 840 821 etiam
863 782 908 822 ab
933 782 1080 835 angelis
1105 790 1255 823 creatus
1282 792 1363 834 est,
1397 792 1435 824 et
1459 794 1518 826 est
1540 801 1658 841 ange-

141 851 259 890 lorum
288 865 384 891 unus
409 850 536 904 opifex
559 850 660 903 ipse,
694 849 731 888 in
757 864 870 889 unum
899 858 936 888 et
959 850 1057 889 idem
1082 850 1285 890 absurdum
1313 852 1429 891 relabi
1453 855 1657 895 universos

138 931 300 958 necesse
331 924 412 966 est,
453 916 490 955 in
523 916 620 969 quod
654 923 691 956 et
721 916 844 969 angeli
873 916 1024 970 ipsimet
1047 917 1313 968 incurrerunt,
1359 933 1482 972 neque
1505 921 1655 962 illorum

140 985 263 1025 sabula
289 983 498 1033 constabit,
540 983 662 1023 letalis
690 984 884 1023 cuiusdam
908 984 1048 1023 veneni
1074 999 1117 1024 ac
1143 985 1348 1038 pestiferae
1374 987 1570 1028 doctrinae
1594 1003 1657 1028 re-

138 1054 250 1092 ferta.
310 1049 386 1091 Sed
410 1063 501 1099 nOS,
544 1051 742 1104 profligata
770 1051 839 1090 hac
863 1051 1015 1091 haeresi
1040 1059 1077 1090 ct
1099 1051 1137 1090 in
1166 1053 1288 1105 sugam
1314 1067 1526 1105 conversa,
1569 1070 1655 1110 per-

136 1121 222 1160 inde
244 1133 287 1158 ac
309 1117 499 1170 serpentis
526 1118 649 1172 capite
672 1119 756 1158 fidei
781 1133 824 1158 ac
847 1118 1020 1158 veritatis
1045 1119 1179 1159 baculo
1204 1120 1305 1159 humi
1329 1121 1450 1170 illiso,
1493 1123 1538 1161 ad
1561 1123 1656 1164 alias

137 1192 389 1226 monstrorum
414 1184 625 1225 horrendas
652 1186 795 1240 effigies
819 1194 992 1240 promoto
1016 1187 1136 1240 gradu
1163 1188 1329 1228 funditus
1358 1202 1422 1229 eas
1446 1189 1576 1230 delere
1600 1197 1656 1231 at-

136 1267 207 1306 que
239 1259 416 1292 evertere
448 1252 685 1293 conabimur.

381 1411 773 1460 ADVERSUS
822 1414 1398 1475 CERINTHIANOS,

163 1491 254 1539 sive
282 1490 623 1550 Merinthian0s‚
661 1508 767 1553 quae
804 1498 870 1539 cst
903 1493 1096 1540 haeresis
1121 1494 1246 1541 VIII.
1260 1531 1272 1553 ,
1307 1496 1377 1542 vel
1402 1495 1617 1543 XXVIII.

246 1589 429 1645 Sequitur
460 1589 691 1640 Cerinthus,
739 1606 759 1631 a
791 1607 865 1646 quo
897 1590 1137 1633 Cerintliiani
1170 1594 1353 1634 haeretici
1386 1595 1647 1647 nominantur,
1676 1602 1799 1645 Cap.1.

131 1658 191 1712 qui
223 1659 354 1698 eodem
388 1672 438 1698 ex
465 1658 587 1698 ferino
616 1666 700 1699 satu
727 1667 951 1712 procreatus
977 1661 1081 1700 virus
1106 1675 1215 1701 suum
1240 1662 1276 1701 in
1304 1662 1433 1702 orbem
1462 1670 1650 1703 terrarum

129 1726 309 1780 profudit.
369 1726 497 1779 Atque
522 1726 553 1765 is
575 1726 663 1766 1111111
686 1728 956 1780 propemodum
983 1728 1081 1768 aliud
1105 1743 1213 1782 quam
1239 1743 1259 1768 a
1283 1729 1392 1769 nobis
1412 1744 1525 1784 supra
1548 1744 1650 1770 com-

130 1800 362 1833 memoratus
383 1793 445 1832 ille
470 1790 686 1847 Carpocras
707 1794 895 1844 asseruit,
930 1795 1138 1849 eademque
1160 1811 1244 1836 cum
1265 1810 1311 1836 eo
1334 1797 1460 1836 letalia
1482 1797 1518 1836 in
1542 1812 1651 1838 mun-

130 1861 215 1900 dum
243 1874 392 1900 venena
420 1861 656 1915 propagavit.
719 1859 916 1914 Siquidem
945 1862 1024 1916 pari
1057 1862 1094 1902 in
1123 1861 1317 1904 Christum
1346 1864 1533 1904 calumnia
1559 1879 1649 1905 cen-

129 1935 210 1977 set,
255 1928 353 1968 hunc
377 1942 397 1967 e
419 1926 546 1967 Maria
572 1927 799 1982 losephique
821 1929 967 1969 semiue
993 1944 1079 1969 esse
1101 1938 1353 1984 prognatum,
1393 1932 1649 1986 mundumque

128 1995 303 2035 similiter
325 1995 370 2035 ab
395 1995 542 2049 angelis
567 1995 803 2035 fabricatum.
862 1995 1001 2051 Neque
1027 1998 1101 2038 ulla
1125 1998 1195 2037 alia
1228 2013 1269 2038 re
1295 1999 1574 2053 discrepantem
1600 1999 1646 2039 ab

125 2063 190 2102 illo
217 2062 426 2102 doctrinam
454 2062 626 2111 invexit,
673 2062 744 2102 11151
772 2064 867 2116 quod
894 2062 1069 2105 Iudaicos
1095 2065 1207 2105 etiam
1234 2067 1331 2107 ritus
1357 2067 1532 2107 adscivit.
1593 2067 1648 2107 At

126 2129 225 2169 idem
257 2130 378 2183 legem
413 2144 456 2169 ac
489 2130 692 2184 prophetas
724 2129 768 2169 ab
797 2131 942 2184 angelis
969 2133 1163 2185 profectos
1191 2134 1353 2185 asserit,
1397 2148 1558 2187 eumque
1583 2134 1646 2188 qui

125 2197 247 2250 legem
273 2198 403 2237 tulerit
428 2212 479 2237 ex
507 2212 635 2237 eorum
663 2197 884 2250 angelorum
910 2213 996 2240 esse
1022 2214 1204 2250 numeru,
1248 2215 1269 2241 a
1297 2201 1432 2255 quibus
1458 2201 1561 2242 orbis
1586 2209 1646 2242 est

126 2264 315 2304 conditus.
375 2263 499 2305 Porro
536 2262 743 2305 Cerinthus
774 2265 847 2305 iste
880 2266 916 2305 in
949 2267 1046 2307 Asia
1079 2275 1256 2308 versatus
1291 2269 1501 2308 doctrinam
1535 2283 1643 2309 suam

125 2333 298 2385 proferre
330 2331 416 2372 istic
445 2333 584 2386 coepit.
648 2329 745 2384 Qui,
788 2339 827 2372 ut
853 2340 941 2373 ante
970 2335 1159 2385 diximus,
1202 2336 1356 2375 minime
1387 2350 1407 2375 a
1433 2336 1554 2390 prima
1581 2336 1643 2377 illa

123 2412 376 2454 supremaque
401 2399 553 2440 Virtute
579 2399 802 2439 fabricatum
830 2414 915 2441 esse
940 2403 1118 2442 mundum
1146 2402 1309 2442 censuit.
1372 2402 1473 2443 Tum
1500 2404 1551 2443 ita
1576 2404 1643 2444 do-

123 2466 222 2506 cuit:
254 2465 461 2521 Postquam
484 2467 546 2506 ille
567 2464 675 2506 Iesus
699 2467 886 2518 adolevit,
920 2469 980 2523 qui
1002 2484 1053 2510 ex
1076 2468 1226 2524 Iosephi
1248 2468 1472 2524 Mariaeque
1493 2471 1641 2511 semine

122 2540 234 2573 natus
263 2542 342 2585 est,
385 2535 423 2574 in
451 2534 548 2574 hunc
574 2534 767 2587 delapsum
793 2549 813 2574 a
838 2550 984 2576 summo
1008 2536 1073 2577 1110
1098 2538 1169 2576 deo
1194 2551 1281 2577 esse
1305 2535 1524 2588 Christum,
1568 2538 1639 2578 hoc

123 2608 182 2640 est
205 2601 375 2654 spiritum
400 2608 571 2641 sanctum
597 2600 792 2642 columbae
816 2603 944 2657 specie
968 2605 1011 2644 ad
1038 2603 1261 2655 Iordanem,
1304 2618 1347 2644 ac
1374 2612 1450 2644 tum
1475 2606 1508 2644 ei
1532 2606 1638 2646 inco-

123 2668 266 2720 gnitum
292 2667 522 2718 Parentem,
555 2675 593 2707 et
621 2681 688 2721 per
708 2667 810 2708 illum
837 2671 1000 2724 posteris
1023 2672 1268 2725 patefecisse.
1331 2669 1391 2712 Ob
1414 2673 1524 2726 idque
1548 2688 1640 2714 mox

125 2742 165 2774 ut
198 2736 234 2774 in
265 2736 384 2790 ipsum
418 2735 597 2775 coelestis
628 2735 688 2774 illa
715 2749 802 2775 sese
833 2738 955 2778 virtus
981 2739 1141 2789 infudit,
1184 2745 1358 2793 portenta
1385 2753 1430 2779 ac
1459 2740 1641 2781 miracula

126 2808 320 2853 patrasse,
363 2817 405 2843 ac
433 2803 581 2842 demum
607 2809 853 2856 posteaquam
875 2819 1011 2859 passus
1037 2813 1117 2855 est,
1162 2807 1258 2859 quod
1284 2819 1305 2846 e
1328 2807 1435 2847 coelo
1460 2815 1636 2858 venerat,

170 2944 243 2976 Car.
268 2949 289 2978 1.
316 2967 356 2973 —
385 2950 410 2980 1.
434 2945 491 2981 ἶσα
517 2951 588 2981 rect.
612 2950 779 2989 Epiphanii
799 2952 867 2983 libri
889 2953 997 2985 habeut
1017 2954 1212 2993 plerumque,
1236 2963 1294 2985 non
1318 2953 1385 2986 ἴσα.
