2034 3267
498 171 675 203 PANAnu
700 171 780 202 ΜΒ.
798 171 823 202 1.
848 170 953 203 ToM.
975 170 1032 201 111.
1057 168 1310 200 HAER.XL11.
1589 157 1668 197 669

146 261 272 303 neque
295 250 366 289 deo
387 249 440 290 illi
463 250 526 304 qui
552 251 675 304 legem
699 264 743 290 ac
769 250 972 305 prophetas
996 249 1098 289 dedit
1119 249 1217 288 idem
1243 247 1305 287 ille
1331 244 1509 287 Christus
1532 244 1668 285 adver-

145 323 268 357 satur.
329 316 431 357 Nam
455 333 522 372 pro
547 332 592 358 eo
617 319 715 372 quod
739 318 839 358 illius
868 317 1163 372 pollicitationes
1187 316 1225 355 in
1250 315 1333 370 ipso
1353 319 1667 368 repraesentatae

145 391 255 435 sunt,
288 388 341 424 Et
360 401 430 437 per
456 390 593 438 ipsum,
627 385 774 440 iuquit,
808 390 927 425 Amen
949 388 1019 424 clei.
1085 384 1192 425 Deus
1219 383 1318 424 enim
1345 389 1453 437 pater
1477 379 1666 436 promisit,

147 451 327 495 Christus
358 468 452 494 vero
485 454 659 494 dominus
689 461 770 493 rata
801 453 865 493 illa
898 453 1010 502 fecit,
1053 460 1091 492 et
1118 453 1243 492 Amen
1275 449 1442 490 adhibuit
1473 448 1547 488 illis
1574 461 1669 502 quos

144 521 209 562 illa
235 521 438 576 promissio
462 521 716 571 confirmavit,
750 520 887 574 quique
912 528 1056 574 patrem
1081 519 1185 559 illum
1209 533 1316 558 suum
1343 523 1585 571 agnoverunt
1607 516 1668 570 qui

143 589 182 629 in
208 589 294 643 lege
319 589 467 630 locutus
493 598 550 630 est
574 603 618 629 ac
642 588 884 629 credentibus
909 587 1089 627 salutaria
1113 588 1210 626 dona
1233 586 1408 626 contulit.
1471 583 1543 624 His
1568 584 1667 624 enim

143 657 206 697 ille
238 657 367 698 verbis
398 671 489 698 usus
521 664 600 698 est:
634 660 692 696 Ita
718 664 847 708 pater,
881 658 966 707 qm‘cc
997 659 1048 695 ita
1074 657 1252 707 placitum
1283 661 1339 693 esc
1366 660 1451 692 ante
1482 660 1527 691 le.
1684 662 1796 724 ῗῐιαῑέιέ.

1726 719 1734 733 ,
1788 717 1794 722 .

257 860 390 903 Schol.
418 859 453 900 Il
479 867 519 900 et
535 858 695 900 XXVI.
743 862 827 899 Non
848 862 941 899 em‘m
961 874 1027 898 nos
1048 862 1145 910 ipsos
1159 862 1439 910 praedic-mmm,
1473 860 1539 896 sed
1559 859 1663 896 Chr-z·-
1684 869 1708 896 2.
1722 868 1789 896 Cor.
1801 871 1826 899 3,
1846 870 1869 897 5,

142 937 237 968 stum
260 933 401 977 Iesum,
446 943 513 967 nos
543 931 639 979 ipsos
672 943 757 967 vero
781 943 906 967 servos
928 935 1068 966 vestros
1089 942 1159 979 per
1182 930 1314 966 Iesum.
1381 929 1557 976 Quoniam
1580 928 1668 964 dell-§⁸

142 1000 209 1049 qui
234 999 334 1036 clarit
359 1000 403 1035 de
433 997 591 1035 tenebris
622 998 736 1035 lucem
767 998 1030 1047 splendescere.

253 1063 388 1104 Refut.
414 1063 451 1104 II
474 1071 513 1104 et
533 1062 694 1103 XXVI.
740 1062 832 1104 Non
863 1063 1035 1118 seipsos,
1078 1063 1145 1103 sed
1174 1061 1301 1103 Iesum
1328 1062 1521 1102 Christum
1549 1060 1669 1100 domi·

143 1146 230 1173 uum
253 1139 424 1172 nostrum
450 1131 674 1186 praedicant
699 1132 876 1186 apostoli.
939 1130 1070 1184 Quare
1097 1145 1220 1185 neque
1243 1137 1349 1171 secta
1374 1137 1430 1170 est
1455 1130 1551 1180 ulla,
1598 1142 1669 1168 nec

143 1199 308 1241 ecclesia
328 1199 588 1255 apostolorum
612 1199 794 1253 insignita
820 1199 989 1240 nomine.
1049 1197 1136 1239 Nec
1155 1213 1320 1253 unquam
1344 1196 1532 1238 Petraeos
1554 1197 1666 1247 ullos,

141 1275 208 1308 aut
230 1266 461 1317 Paulianos,
506 1275 571 1308 aut
597 1266 937 1318 Bartholomaeos,
983 1274 1048 1307 aut
1069 1266 1299 1308 Thaddaeos
1323 1266 1559 1317 audivimus,
1601 1265 1666 1306 sed

139 1350 214 1376 una
239 1336 315 1376 iam
343 1343 418 1376 tum
447 1335 556 1376 initio
584 1335 650 1375 fuit
679 1335 938 1390 apostolorum
964 1335 1131 1375 omnium
1159 1335 1418 1390 praedicatio,
1466 1348 1561 1388 quae
1590 1348 1667 1374 non

139 1404 325 1458 ipsosmet
345 1404 445 1455 illos,
479 1405 547 1444 sed
568 1404 759 1444 dominum
784 1402 908 1444 lesum
934 1401 1131 1444 Christum
1156 1403 1416 1443 tantummodo
1436 1401 1664 1442 celebraret.

141 1469 203 1512 Ob
227 1472 266 1512 id
292 1472 480 1512 ecclesiae
507 1485 644 1512 nomen
670 1486 787 1512 unum
809 1485 942 1512 omnes
964 1472 1250 1526 imposuerunt:
1284 1485 1359 1510 non
1385 1485 1494 1510 suum
1518 1470 1665 1524 utique,

140 1540 208 1580 sed
236 1537 381 1581 Christi
406 1538 510 1591 Iesu,
544 1555 629 1580 cum
653 1539 883 1580 Antiochiae
905 1539 1065 1594 primum
1093 1539 1274 1594 appellari
1296 1536 1506 1579 Christiani
1529 1551 1667 1593 coepe-

139 1614 251 1648 runt..
307 1606 419 1661 Quod
447 1608 595 1662 quidem
621 1608 741 1648 solam
768 1608 813 1647 ad
837 1607 1062 1648 catholicam
1089 1607 1290 1647 ecclesiam
1320 1606 1522 1655 convenit,
1570 1620 1667 1660 quae

140 1675 244 1716 nullo
269 1675 344 1716 alio
365 1690 475 1730 quam
499 1674 644 1717 Christi
667 1676 820 1716 nomine
843 1676 1014 1730 praedito
1036 1673 1343 1716 Christianorum
1368 1673 1555 1724 ecclesia,
1591 1688 1667 1713 nou

142 1740 407 1793 Christorum,
442 1744 599 1784 dicitur:
643 1745 738 1784 adeo
763 1751 801 1784 ut
825 1758 909 1784 cum
935 1757 1031 1784 unus
1053 1743 1114 1783 ille
1138 1743 1210 1793 sit,
1243 1743 1370 1797 plures
1396 1749 1524 1782 tamen
1547 1741 1592 1781 ab
1620 1755 1666 1782 eo

142 1809 352 1852 Christiani
388 1812 648 1852 nominentur.
718 1812 780 1852 Ab
820 1812 889 1852 hac
922 1812 1084 1852 ecclesia
1120 1811 1279 1865 eiusque
1310 1810 1563 1865 praeconibus
1602 1809 1667 1850 ubi

140 1879 391 1930 discesseris,
435 1879 604 1934 reliquae
628 1894 761 1921 omnes
785 1880 882 1921 baud
905 1880 1037 1920 eadem
1061 1886 1151 1920 nota
1175 1886 1373 1929 constant,
1415 1892 1510 1933 quae
1535 1878 1667 1919 adiun-

140 1948 211 1988 c-tis
231 1947 447 1988 nominibus
467 1955 580 2001 atque
605 1948 783 2003 epithetis
805 1940 1008 1997 vocantur,
1044 1946 1362 1988 Manichaeorum
1384 1947 1578 1998 videlicet,
1608 1947 1668 1988 Si-

139 2016 428 2065 mouianorum,
464 2015 782 2066 Vateminorum,
818 2015 1130 2066 Ebionaeorum,
1171 2016 1306 2069 quihus
1333 2022 1369 2055 et
1394 2022 1455 2064 tu,
1496 2013 1664 2064 Marcio,

139 2084 449 2124 annumerandus
474 2098 539 2135 es,
574 2085 680 2125 cuius
702 2098 841 2125 nomen
864 2084 1079 2124 inscribunt
1098 2083 1123 2123 ii
1148 2084 1218 2124 sibi
1235 2116 1244 2133 ‚
1278 2098 1372 2137 quos
1396 2090 1476 2123 tute
1498 2082 1536 2122 in
1560 2096 1667 2123 erro-

138 2165 219 2192 rem
247 2152 470 2202 induxeris,
517 2160 646 2206 utpote
672 2153 733 2205 qui
761 2152 946 2206 teipsum,
993 2167 1067 2192 non
1097 2149 1319 2201 Christum,
1364 2151 1663 2205 praedicaveris.

141 2219 243 2260 Tum
265 2215 420 2260 'demum
447 2220 642 2273 inquiunt,
687 2224 783 2259 Dens
805 2224 871 2273 qui
890 2223 989 2259 dztrit
1007 2223 1051 2259 de
1077 2221 1236 2259 tenebris
1256 2221 1508 2270 splendescere
1532 2221 1660 2258 lucem.

141 2286 238 2341 Quis
271 2287 330 2327 hic
362 2288 455 2327 deus
487 2294 545 2327 est
572 2287 643 2328 nisi
669 2302 766 2328 unus
790 2287 876 2338 ille,
921 2288 982 2342 qui
1005 2289 1101 2343 apud
1125 2287 1346 2342 prophetam
1373 2300 1392 2327 e
1416 2287 1584 2327 tenebris
1608 2287 1665 2327 Iu-

140 2369 226 2396 men
248 2356 440 2396 ostendit?
472 2356 541 2395 hoc
564 2362 619 2395 est
643 2370 693 2396 ex
715 2356 925 2405 bominum,
959 2356 1183 2396 infidelitate
1203 2362 1240 2395 et
1263 2355 1431 2403 inscitia,
1466 2369 1533 2409 per
1552 2353 1666 2395 Chri-

139 2430 239 2464 stum
262 2423 384 2463 lucem
407 2437 450 2463 ac
474 2423 672 2463 scientiam
694 2422 730 2462 iu
752 2424 931 2464 cordibus
955 2424 1097 2464 nostris
1119 2423 1319 2463 excitavit.
1373 2421 1447 2476 Qui
1470 2437 1553 2463 cum
1575 2422 1663 2463 olim

137 2490 240 2531 inter
261 2498 396 2545 gentes
425 2505 715 2531 numeraremur
737 2491 952 2531 simulacris
974 2492 1143 2532 addictas
1158 2523 1167 2541 ,
1201 2491 1310 2531 deum
1333 2489 1437 2530 illum
1461 2491 1572 2530 modo
1599 2504 1665 2530 vc.-

138 2572 320 2599 neramur
344 2559 404 2612 qui
425 2572 492 2613 per
517 2559 737 2613 prophetam
761 2559 882 2599 lucem
905 2574 1012 2599 suam
1035 2559 1226 2599 illaturum
1250 2571 1337 2597 sese
1361 2559 1500 2598 mundo
1526 2558 1665 2612 promi—

139 2634 259 2677 serat,
295 2634 334 2666 ut
356 2625 547 2680 intelligas
571 2627 733 2666 eundem
756 2640 878 2680 neque
901 2642 921 2666 a
947 2627 1085 2677 veteri,
1121 2640 1243 2680 neque
1266 2640 1286 2666 a
1309 2640 1410 2665 novo
1433 2633 1663 2666 testamento

140 2694 347 2745 dissidere,
381 2694 415 2733 id
444 2694 543 2748 quod
569 2694 685 2734 certis
718 2694 783 2734 tibi
811 2694 1021 2735 rationibus
1046 2695 1233 2745 suadere,
1267 2691 1443 2743 Marcio,
1476 2693 1661 2744 solemus,

139 2822 281 2851 convertit
300 2821 362 2851 ita:
382 2837 448 2858 ,‚—
467 2817 571 2850 lucem
591 2829 629 2850 ac
649 2818 879 2861 cognitionem,
927 2831 1056 2852 crorum
1087 2819 1228 2851 cultores
1261 2829 1406 2856 eramus,
1441 2828 1527 2849 nunc
1556 2824 1664 2849 autem

139 2874 221 2905 quae
242 2864 277 2895 in
305 2864 436 2896 Christo
459 2863 564 2894 illuxit
587 2863 619 2894 in
643 2863 792 2895 cordibus
814 2876 877 2897 no-
926 2866 1030 2896 Deum
1046 2864 1267 2907 cognovimus,
1288 2863 1342 2906 qui
1358 2870 1436 2895 tuuc
1454 2862 1486 2894 in
1502 2862 1663 2906 propheta

138 2908 233 2949 stris,
273 2909 327 2952 qui
352 2908 526 2952 aliquando
551 2915 664 2951 gentes
689 2915 721 2940 et
743 2909 878 2942 simula-
925 2910 1094 2953 promisit,
1120 2909 1224 2940 lucem
1249 2913 1313 2941 cett.
