2034 3267
464 249 640 281 PANARn
666 251 745 282 Lm.
768 251 789 282 ι.
816 251 920 284 TOM.
943 252 982 284 n.
1008 252 1137 284 HAER.
1159 253 1321 286 xxxin.
1579 249 1658 289 405

137 334 250 378 nent,
284 327 356 368 alia
382 325 487 368 Mosi
512 328 711 370 tribuenda
737 337 848 380 sunt,
883 344 958 370 non
987 331 1137 385 quidem
1164 340 1351 386 quatenus
1378 334 1516 388 aliquid
1540 349 1561 374 a
1589 335 1659 376 deo

135 396 236 436 illius
259 396 478 435 interventu
501 396 693 437 decretum
719 404 792 447 est,
816 399 882 437 sed
906 405 1093 451 qnatenus
1114 414 1182 453 per
1202 414 1289 440 sese
1306 415 1350 441 ac
1371 409 1505 456 suapte
1523 410 1658 457 sponte

134 463 315 504 nonnulla
348 464 567 515 constituit3
609 465 769 505 aliorum
804 465 966 518 denique
1001 466 1177 506 seniores
1213 468 1275 521 qui
1308 469 1346 508 in
1378 470 1515 524 populo
1548 478 1658 511 erant

134 538 312 572 auctores
339 532 574 582 extiterunt,
605 546 649 572 ac
671 531 779 586 primi
805 532 856 571 illi
882 533 1029 586 privata
1051 535 1233 587 quaedam
1259 544 1462 591 praecepta
1483 538 1656 578 inserere

133 606 222 639 sunt
244 599 342 640 ausi.
406 597 518 651 Quod
541 599 854 653 quemadmodum
879 613 967 639 sese
992 600 1129 641 babeat
1151 615 1202 641 ex
1222 602 1314 656 ipsis
1339 605 1546 645 salvatoris
1569 620 1657 646 ver-

133 668 190 708 bis
214 668 420 721 intelliges.
482 665 556 707 Hic
579 667 678 706 enim
702 667 861 719 quodam
886 667 921 706 in
946 668 1030 707 loco
1055 669 1099 708 ad
1127 683 1192 709 eos
1216 670 1332 710 verba
1357 671 1503 712 faciens
1527 673 1588 726 qni
1611 674 1656 713 de

130 735 277 788 repudii
297 735 423 774 libello
446 748 575 774 secum
599 733 858 788 disputabant,
893 735 990 788 quod
1017 736 1271 789 permissione
1293 738 1389 792 legis
1412 739 1565 789 licebat,
1600 741 1654 781 sie

132 804 217 843 illos
241 803 429 842 allocutus
455 809 533 842 est:
566 803 714 852 Moyses
737 804 787 840 ad
808 805 983 841 duritiam
1007 806 1130 842 cordis
1155 808 1272 843 vestri
1283 809 1456 856 permisit
1477 809 1576 846 vobis
1599 811 1654 847 di·
1668 814 1855 851 Matth.19,8.

133 874 277 910 miltere
300 884 435 909 uxores
458 877 611 908 vestr-as.
663 870 726 908 Ab
749 872 854 908 initio
877 878 997 909 autem
1020 886 1092 910 non
1105 873 1191 924 suit
1209 875 1276 911 sie.
1334 876 1434 912 Deus
1455 878 1562 921 enim,
1598 876 1655 916 in—

133 938 234 992 quit,
268 940 478 989 coniugium
502 938 570 975 leoe
591 939 797 988 copulavit,
832 946 868 976 el
889 941 988 990 qnod
1007 942 1096 978 (leus
1118 942 1313 978 coniunxit
1334 943 1439 980 homo
1459 957 1532 981 non
1552 957 1655 994 sepa-

129 1015 198 1046 ret.
262 1004 335 1047 Ubi
357 1005 468 1044 aliam
488 1017 574 1043 esse
597 1004 656 1043 dei
680 1004 802 1058 legem
828 1006 1017 1056 ostendit,
1053 1021 1148 1061 quae
1172 1021 1333 1047 uxorem
1355 1022 1375 1046 a
1397 1009 1482 1048 viro
1505 1009 1656 1064 seiungi

132 1074 347 1129 probibeat,
389 1072 500 1112 aliam
524 1070 674 1122 Mosis,
717 1073 779 1126 qui
807 1072 854 1112 ob
881 1073 1058 1114 duritiem
1092 1075 1218 1115 cordis
1246 1089 1313 1129 par
1338 1076 1428 1116 illud
1454 1077 1654 1117 dissociari

130 1142 335 1197 permittat.
397 1137 438 1179 ln
471 1154 543 1193 quo
568 1137 703 1180 Moses
731 1140 906 1194 quiddam
934 1142 1006 1182 deo
1033 1142 1266 1183 eontrarium
1295 1143 1400 1194 tulit,
1442 1144 1476 1184 ei
1506 1145 1655 1186 scilieet

130 1209 293 1251 cautioni
319 1222 389 1262 qna
415 1207 574 1247 dissolvi
595 1208 836 1248 matrimonia
862 1217 1053 1251 vetuerat.
1116 1209 1194 1251 Sed
1221 1211 1253 1251 si
1279 1211 1512 1265 legislatoris
1535 1213 1652 1267 ipsius

128 1284 316 1327 mentem,
359 1290 430 1330 qua
456 1276 500 1316 ad
525 1276 614 1316 illud
640 1276 921 1317 decernendum
946 1277 1124 1319 inductus
1149 1286 1230 1328 est,
1274 1287 1454 1320 accurate
1477 1281 1653 1321 conside-

127 1358 277 1393 remus,
310 1343 553 1384 inveniemus
577 1344 709 1398 procul
733 1345 846 1385 dubio
871 1360 945 1385 non
970 1347 1004 1386 id
1030 1360 1113 1386 eum
1139 1355 1275 1401 sponte
1299 1361 1390 1397 sua,
1425 1349 1490 1388 sed
1517 1362 1652 1387 neees-

124 1412 236 1453 sitate
263 1411 426 1461 fecisse,
469 1426 542 1466 quo
567 1426 698 1452 eorum
725 1413 861 1466 quibus
886 1414 1176 1468 praescribebat
1201 1415 1449 1455 imbecillitati
1473 1415 1651 1455 consule·

124 1487 196 1521 ret.
260 1477 335 1533 Qui
367 1494 450 1519 eum
483 1480 652 1520 divinum
684 1481 771 1520 illud
805 1482 999 1522 decretum
1033 1483 1078 1522 de
1111 1483 1320 1523 retinendis
1352 1483 1537 1523 uxoribus
1567 1481 1648 1523 suis

123 1548 290 1588 tolerare
309 1562 383 1587 non
406 1556 580 1602 possent,
606 1562 650 1588 ac
670 1549 831 1589 moleste
854 1550 1002 1604 quidam
1025 1564 1156 1591 earum
1177 1551 1370 1591 consortia
1391 1551 1643 1601 sustinerent,

122 1616 330 1672 periculum
362 1623 402 1655 ut
433 1623 559 1666 esset,
605 1630 652 1656 ne
684 1631 729 1657 ea
760 1631 801 1657 se
834 1618 1037 1658 occasione
1068 1619 1310 1672 gravioribus
1340 1618 1551 1658 sceleribus
1580 1619 1647 1658 ob·

122 1685 379 1737 stringerent,
423 1684 558 1738 quibus
585 1691 797 1725 extremam
828 1686 864 1725 in
891 1686 1097 1740 perniciem
1122 1693 1301 1736 ruerent,
1341 1693 1381 1725 ut
1406 1686 1476 1725 boc
1501 1686 1646 1726 incom-

122 1753 271 1793 modum
299 1751 488 1792 devitaret
513 1750 697 1806 Moyses,
733 1754 830 1807 quod
862 1755 906 1794 ad
934 1754 1080 1794 illorum
1108 1754 1300 1793 interitum
1329 1753 1549 1807 spectabat,
1583 1768 1644 1794 se-

122 1821 281 1861 cundam
303 1820 488 1875 quandam
515 1820 660 1875 repudii
685 1822 807 1875 legem
832 1821 980 1876 privata
1005 1821 1234 1860 auctoritate
1255 1821 1467 1871 constitnit,
1502 1822 1645 1863 minus-

121 1903 194 1944 qne
226 1903 275 1929 ex
308 1902 352 1929 ea
384 1888 590 1929 occasione
622 1889 759 1929 malum
786 1903 869 1929 cum
896 1889 1037 1928 maiore
1062 1888 1346 1943 compensavit,
1396 1897 1436 1929 ut
1459 1889 1490 1929 si
1517 1890 1642 1931 minus

120 1957 286 2012 priorem
316 1956 417 1996 illam
447 1970 605 1997 servare
632 1957 799 2010 possint,
845 1956 1098 1997 hanc‘saltem
1128 1956 1339 2006 retineant,
1387 1971 1510 2012 neque
1535 1972 1577 1998 se
1603 1957 1641 1998 in

121 2024 261 2079 flagitia
285 2024 509 2077 sceleraque
536 2025 794 2074 committant,
829 2038 894 2076 per
921 2037 1016 2077 qnae
1045 2024 1212 2063 ultimum
1241 2024 1402 2065 exitium
1429 2040 1642 2080 consequa-

121 2100 195 2133 tur.
249 2091 357 2132 Haec
378 2091 480 2133 illius
500 2093 598 2132 ratio
622 2093 687 2132 fnit
709 2098 863 2146 propter
883 2106 991 2144 quam
1015 2092 1247 2131 contrarium
1273 2092 1448 2146 quiddam
1472 2094 1542 2133 deo
1564 2101 1641 2134 sta—

119 2159 238 2200 tuisse
261 2160 448 2200 cernitur.
511 2159 622 2199 Enim
644 2173 737 2200 vcro
761 2159 949 2198 diversam
974 2159 1032 2199 hic
1053 2174 1073 2199 a
1095 2159 1222 2198 divina
1246 2158 1401 2215 Moysis
1423 2161 1545 2213 legem
1570 2174 1639 2201 ex-

118 2229 265 2279 titisse,
307 2237 418 2269 extra
443 2242 592 2268 omnem
622 2226 922 2266 controversiam
950 2233 1029 2278 est3
1077 2227 1149 2266 etsi
1175 2227 1209 2267 id
1238 2227 1273 2266 in
1302 2242 1379 2268 uno
1403 2235 1546 2269 tantum
1574 2229 1639 2268 de-

118 2304 224 2337 creto
251 2297 446 2350 probatum
475 2296 539 2335 sit.
600 2294 732 2333 Eidem
762 2307 855 2333 vero
887 2295 961 2348 legi
989 2296 1148 2336 traditas
1180 2310 1200 2334 a
1227 2295 1446 2337 senioribus
1472 2296 1637 2350 illigatas

118 2378 204 2405 esse
228 2365 381 2418 regulas
406 2378 479 2403 non
508 2363 669 2402 obscure
691 2361 862 2401 salvator
888 2363 1069 2403 ostendit.
1131 2366 1230 2402 Deus
1255 2367 1370 2411 enim,
1406 2364 1548 2417 inquit,
1581 2367 1837 2411 di-Mauh.15‚4.

117 2436 195 2480 xit,
237 2435 390 2471 Honora
413 2439 557 2483 patrem
590 2437 711 2476 tuum,
755 2437 790 2468 et
819 2438 970 2470 matrem
1002 2439 1121 2479 tuam,
1170 2439 1212 2470 ul
1237 2433 1324 2470 bene
1349 2437 1400 2470 sil
1426 2433 1504 2471 tibi.
1565 2435 1636 2471 Vos
1649 2416 1679 2438 et
1698 2411 1792 2473 Mlaore.
1811 2412 1838 2447 7,

115 2507 233 2539 autem
258 2502 427 2545 dzkcektes,
462 2497 636 2537 seniores
664 2497 786 2550 inquit
810 2498 1030 2552 alloquens,
1064 2503 1204 2539 Mzmus
1228 2503 1293 2538 cleo
1317 2503 1567 2552 quodcumque
1589 2515 1636 2540 esc

116 2582 171 2607 me
193 2569 263 2606 libi
275 2569 468 2619 proderit,·
501 2572 538 2603 et
556 2567 701 2603 z'r‘rilam
712 2566 863 2618 seet'scis
885 2569 1000 2619 legem
1023 2571 1085 2607 dei
1095 2576 1253 2620 propter
1276 2571 1493 2607 traditiones
1515 2571 1634 2607 senio-

158 2690 189 2723 7.
212 2693 258 2724 Ita
275 2692 369 2722 edidit
383 2692 526 2722 pelaz-ius
539 2691 575 2721 de
589 2691 768 2722 auctoritate
782 2692 850 2723 cod.
893 2703 977 2731 τινες
1001 2697 1066 2725 cett.
1115 2694 1282 2725 Carnarius
1307 2695 1415 2724 vertit:
1451 2704 1531 2736 quae
1563 2704 1635 2725 eum

116 2737 211 2769 Vatic.
261 2738 427 2767 comorius
450 2736 588 2766 ediderat
612 2734 741 2772 δείκνυς
893 2736 971 2780 ipsis
996 2738 1168 2769 iniucunde
1193 2738 1394 2769 habitabant.

157 2783 188 2813 ὅ.
212 2778 275 2814 ἀπὸ
293 2777 413 2820 ἀνδρὸς
433 2781 520 2811 codd.
539 2782 630 2811 Vatic.
652 2781 747 2811 Venet.
778 2782 849 2813 Vul·
944 2783 991 2814 ll.
1015 2785 1089 2816 Cod.
1106 2785 1203 2815 Venet.
1218 2783 1338 2826 μωσῆς
1352 2779 1394 2817 δι’
1410 2777 1448 2817 οὗ
1462 2781 1518 2816 καὶ
1532 2779 1632 2818 cinci),-

116 2835 154 2866 9⁰
177 2821 240 2859 ἀπὸ
266 2826 323 2858 τοῦ
348 2822 475 2866 ἀνδρὸς.
893 2828 1020 2861 λεσὲαι.

157 2869 188 2902 9.
211 2867 375 2911 ποιήσας,
410 2871 490 2910 quod
514 2871 705 2901 desideratur
728 2872 759 2902 in
780 2872 850 2902 edit.
942 2876 991 2905 1¹2.
1020 2875 1092 2905 Cod.
1120 2876 1218 2905 Venet.
1241 2872 1431 2915 φυλάσσειν.

112 2917 233 2955 μήπω,
267 2918 413 2947 Petavius
434 2918 570 2955 primum
593 2917 704 2947 adiecit
727 2925 765 2946 ex
783 2917 849 2948 cod.
943 2918 991 2951 13.
1019 2920 1092 2950 Coa.
1116 2921 1212 2950 Venet.
1238 2929 1295 2950 om.
1323 2917 1486 2959 εἰρήκατε.

118 2961 212 2991 Vatic.
945 2961 993 2996 14.
1020 2965 1091 2996 Cod.
1117 2965 1213 2995 Venet.
1235 2962 1426 3006 παράδωσιν
1451 2962 1543 3007 ὑμῶν
1566 2966 1630 2999 τῶν

162 3004 210 3036 10.
234 3002 285 3042 αἷς
307 3007 477 3038 emendatio
496 3009 538 3037 cst
555 3007 693 3044 Petavii,
716 3015 809 3045 quam
830 3016 849 3038 a
893 3008 1133 3053 πρεσβυτέρων.

114 3049 260 3082 Stierenio
277 3055 429 3091 receptam
447 3052 545 3083 video.
594 3052 689 3092 Vulgo
712 3054 792 3083 extat
816 3050 854 3085 αῗ
