2034 3267
484 172 658 203 PANARH
684 173 765 205 Lm.
781 174 804 204 ι.
830 174 934 206 ΤοΜ.
954 175 994 206 Π.
1018 174 1145 207 HAER.
1167 175 1322 207 xxviii.
1580 167 1655 206 221

145 252 236 289 milei
259 253 435 301 spiritus,
482 254 579 289 l'ude
610 266 690 289 cum
719 255 809 302 ἡυεῖς
837 255 935 291 nihil
960 255 1159 292 haesitans.
1222 254 1350 307 Atque
1380 253 1430 293 ita
1462 253 1658 307 deinceps,

145 330 239 371 quae
268 317 338 357 sibi
365 318 535 357 nuntiata
567 326 652 357 sunt
682 320 784 358 velut
812 333 879 372 per
904 321 1118 373 parabolam
1147 321 1348 370 edisserit,
1393 335 1463 361 nec
1490 335 1532 361 se
1557 321 1661 375 prius

144 384 189 423 ad
225 384 434 424 docendum
468 387 682 426 accessisse
717 400 826 439 qnam
858 394 987 438 aperte
1022 388 1197 427 dominus
1230 403 1274 428 ea
1305 395 1536 429 monstraret
1563 401 1660 441 quae

143 452 272 493 verbis
294 460 406 492 antea
431 454 634 507 figurisque
656 454 952 507 significaverat.
1015 453 1169 494 Etenim
1195 455 1421 510 simulatque
1447 470 1489 496 os
1510 456 1661 510 aperire

144 519 270 574 coepit
292 527 368 559 tum
391 534 472 559 cum
498 518 728 560 Caesaream
751 520 896 572 attigit,
930 520 1086 573 spiritus
1108 529 1264 562 sanctus
1287 524 1323 562 in
1351 521 1573 564 Cornelium
1597 523 1662 562 de-

143 587 270 640 lapsus
297 594 368 626 est.
431 585 542 639 Quod
568 587 628 627 ubi
650 585 789 626 Petrus
815 587 1043 640 conspexit,
1075 591 1282 640 Numquid,
1317 592 1391 640 ait,
1424 605 1555 642 aquam
1578 593 1661 641 quis

138 656 337 706 prohibere
362 663 488 706 polest
511 656 556 693 ab
584 657 643 692 lzz‘s
671 656 737 705 qui
757 657 893 704 spiritu
919 662 1067 702 sancto,
1115 659 1173 693 uti
1197 664 1233 694 et
1255 671 1321 695 nos
1347 661 1472 705 mitio,
1515 660 1664 709 dignati

143 727 259 760 sunt?
316 721 401 761 Hoc
431 735 524 761 vero
553 727 670 759 totum
699 720 923 773 mysterium
952 722 1137 773 quoddam
1164 736 1209 762 ac
1235 723 1386 764 divinae
1415 725 1660 778 benignitatis

144 802 236 841 opus
260 796 358 838 erat,
393 795 430 828 ut
449 795 522 827 tam
542 786 680 826 Petrus
700 800 811 839 quam
834 788 977 827 caeteri
1002 803 1135 828 omnes
1160 789 1419 843 intelligerent
1442 806 1515 831 non
1541 792 1660 831 homi-

144 856 276 905 nibus,
321 856 386 896 sed
412 855 482 894 deo
508 854 704 907 gentilium
732 854 892 894 salutem
919 869 1005 895 esse
1031 856 1284 897 tribuendam.
1345 857 1498 897 Etenim
1522 872 1660 898 munus

144 923 232 962 illud
261 922 376 962 divini
402 921 556 975 spiritus
582 928 619 960 et
642 921 766 975 angeli
791 929 984 975 aspectum
1011 923 1143 976 largiri
1168 931 1281 963 antea
1305 925 1446 975 voluit,
1488 939 1558 964 nec
1584 940 1659 965 uon

142 997 180 1030 et
204 990 302 1030 illius
329 988 539 1042 approbare
566 1002 700 1041 preces
726 1002 770 1027 ac
796 989 960 1039 ieiunia,
993 991 1214 1045 reliquaque
1240 993 1285 1032 ab
1311 1007 1356 1032 eo
1378 993 1573 1046 praeclare
1595 1007 1661 1045 ge-

142 1065 223 1107 sta,
258 1063 296 1096 ut
319 1055 415 1108 quod
440 1055 647 1108 apostolis,
683 1056 963 1110 praecipueque
988 1056 1129 1108 Petro,
1163 1063 1407 1099 commissum
1433 1061 1578 1110 fuerat,
1612 1074 1659 1099 eo

142 1137 188 1164 ne
219 1124 402 1178 privatum
432 1122 623 1162 hominem
656 1123 759 1163 illum
790 1124 952 1175 vellent,
986 1139 1096 1178 quem
1128 1127 1220 1167 deus
1250 1127 1377 1182 reipsa
1404 1135 1628 1168 vocaverat.

250 1257 377 1311 Atque
404 1257 498 1298 haec
524 1258 672 1312 quidem
702 1273 746 1299 eo
776 1260 887 1299 modo
914 1267 1004 1300 tunc
1030 1261 1295 1303 administrata
1318 1270 1429 1313 sunt,
1469 1277 1564 1317 quae
1590 1263 1659 1303 fal·
1685 1271 1762 1314 Cap.
1783 1275 1836 1305 lv.

139 1339 203 1366 sus
231 1325 294 1364 ille
324 1326 520 1379 apostolus
549 1324 757 1366 Cerinthus
784 1328 967 1367 seditiose
993 1337 1267 1370 commoverat.
1329 1329 1660 1384 Quemadmodum

139 1393 231 1433 alias
258 1391 541 1447 Hierosolymis
565 1408 648 1433 cum
673 1394 752 1434 suis
774 1394 873 1433 idem
897 1395 958 1434 ille
984 1396 1165 1436 tumultus
1187 1398 1374 1448 concivit,
1409 1399 1558 1452 quando
1583 1399 1658 1438 sci-
1676 1411 1797 1447 A01.21,
1816 1413 1858 1439 ze.

137 1460 226 1500 licet
249 1474 331 1499 cum
358 1459 450 1499 Tito
475 1459 618 1500 Paulus
644 1462 814 1510 advenit,
849 1469 961 1515 atque
982 1462 1033 1501 ita
1060 1463 1156 1503 idem
1180 1465 1241 1504 ille
1264 1466 1412 1505 locutus
1436 1473 1515 1505 est:
1552 1469 1658 1505 Viros

130 1531 365 1579 praeputium
390 1530 562 1567 leubenles
584 1544 705 1567 secum
728 1532 895 1576 iuduoeit,
939 1530 1074 1583 quibus
1099 1532 1142 1570 de
1168 1531 1260 1571 Tito
1283 1533 1543 1586 significabat:
1584 1537 1658 1573 Lo-

136 1609 238 1642 cum,
272 1594 415 1648 inquit,
446 1604 611 1634 sanctum
634 1598 958 1649 profimumsecil.
1023 1596 1156 1650 Quare
1180 1600 1230 1638 ita
1253 1598 1394 1639 Paulus
1420 1600 1539 1640 dixit:
1583 1604 1659 1641 Sed
1676 1613 1857 1649 Gaianas

136 1677 251 1714 neque
279 1665 381 1702 Titus
406 1667 472 1715 qui
496 1678 630 1701 mecum
655 1672 756 1711 erac,
801 1679 880 1703 cum
905 1673 1001 1703 esset
1019 1668 1173 1716 gentiles
1195 1670 1401 1718 compulsus
1424 1676 1482 1706 est
1500 1672 1657 1708 czYcum-

137 1734 234 1770 cidi:
271 1734 336 1770 sed
354 1739 510 1782 propter
531 1733 968 1785 subt'nlt‘oductossalsos
981 1734 1152 1784 fratres,
1194 1738 1261 1785 qui
1277 1736 1574 1774 subiturozcl‘unt
1593 1752 1658 1775 ετ-

132 1801 285 1850 plorare
312 1800 516 1837 libertatem
543 1807 725 1846 nostrum,
770 1814 876 1850 quum
904 1801 1077 1838 habemus
1106 1803 1143 1839 2'72
1169 1804 1338 1840 Christo.-
1382 1804 1513 1854 quibus
1542 1819 1658 1856 neque

135 1869 185 1905 ad
205 1869 334 1905 horam
353 1868 527 1904 cessimus
547 1867 782 1905 subiectione.
844 1865 994 1906 Deinde
1016 1868 1212 1921 praeputio
1233 1870 1423 1923 praeditos
1449 1871 1504 1910 his
1525 1872 1656 1911 verbis

136 1933 381 1973 hortabatur:
424 1935 550 1971 Nolite
573 1937 807 1982 circumcedi,-
839 1949 920 1973 mtm
945 1938 983 1973 si
1001 1938 1334 1984 circumcidamini,
1371 1940 1540 1977 Christus
1561 1942 1660 1978 m‘ln'l

135 2001 236 2039 vobis
253 2003 438 2051 proderit.
504 1998 755 2041 Circumcisio
779 2015 891 2054 porro
918 1998 1058 2042 tamdiu
1085 2017 1194 2043 suum
1219 2011 1365 2058 tempus
1393 2005 1545 2056 habuit,
1589 2007 1656 2046 do-

134 2081 206 2107 nec
236 2067 360 2107 maior
387 2067 627 2107 circumcisio
661 2068 745 2108 eius
775 2075 835 2108 est
866 2069 948 2109 loco
975 2069 1203 2121 substituta,
1246 2086 1381 2126 nempe
1411 2073 1473 2113 illa
1498 2073 1654 2113 lotionis

134 2134 272 2174 iterata
296 2136 519 2188 generatio,
560 2135 597 2174 id
624 2136 721 2189 quod
747 2136 888 2176 nemini
913 2137 1116 2177 obscurum
1145 2146 1223 2189 est,
1267 2140 1559 2194 evidentiusque
1587 2155 1655 2195 per

134 2215 179 2242 ea
214 2216 312 2256 quae
343 2216 428 2242 cum
455 2203 502 2242 ab
531 2202 613 2242 aliis
640 2203 844 2257 apostolis,
891 2211 966 2244 tum
996 2205 1199 2259 praecipue
1225 2221 1246 2246 a
1272 2205 1393 2247 Paulo
1421 2208 1517 2247 dicta
1545 2215 1650 2258 suut,

135 2269 363 2310 ostenditur.
406 2268 465 2309 Ita
486 2270 584 2309 enim
603 2269 688 2310 ille:
719 2272 856 2320 Quibus
874 2287 989 2323 neque
1008 2275 1058 2311 ad
1073 2275 1200 2311 horam
1220 2277 1394 2312 cessimus
1412 2276 1648 2314 subiectione.
1672 2288 1773 2317 Galat.
1785 2291 1810 2325 2,
1826 2293 1850 2321 5.

135 2334 248 2389 Quod
271 2337 304 2377 si
329 2337 413 2391 quis
439 2351 482 2377 ea
509 2350 604 2390 quae
630 2344 708 2376 tum
730 2337 775 2377 ab
799 2339 981 2392 apostolis
1007 2348 1116 2393 gesta
1142 2347 1232 2380 suut
1255 2341 1562 2383 animadvertere
1584 2358 1653 2383 vo-

133 2403 273 2454 luerit,
316 2404 402 2444 huic
427 2404 605 2444 admirari
632 2405 848 2458 cumprimis
873 2414 1073 2457 occurret,
1115 2409 1428 2461 quemadmodum
1453 2424 1548 2463 quae
1575 2417 1652 2451 tum

134 2471 180 2510 ab
203 2471 272 2510 hac
295 2471 444 2511 haeresi
466 2471 659 2511 mendacis
681 2472 862 2513 instinctu
882 2474 1038 2527 spiritus
1058 2475 1322 2515 administrata
1344 2483 1446 2527 suut,
1477 2480 1651 2532 proprias

132 2537 284 2578 illorum
310 2546 420 2578 notas
447 2539 685 2591 exprimant,
731 2540 793 2592 qui
819 2554 885 2594 per
911 2541 1125 2581 istiusmodi
1148 2543 1329 2582 haereses
1355 2551 1480 2584 motus
1503 2546 1587 2585 illos
1612 2546 1651 2586 in

133 2605 318 2658 apostolis
346 2605 602 2645 concitarunt.
662 2604 763 2645 Nam
791 2622 874 2647 cum
901 2607 963 2648 isti
996 2623 1018 2649 a
1044 2609 1128 2649 fidei
1158 2610 1376 2663 integritate
1402 2612 1649 2665 defecissent,

133 2678 173 2711 et
199 2673 238 2712 in
266 2673 382 2713 falsos
409 2673 603 2726 apostolos
632 2680 762 2713 essent
790 2676 991 2726 conversi,
1036 2677 1205 2730 aliosque
1234 2678 1390 2731 perinde
1417 2679 1533 2719 salsos
1559 2694 1651 2735 apo-

134 2739 253 2780 stolos
279 2740 497 2790 misissent,
531 2740 591 2793 qui
619 2740 810 2791 dicerent,
843 2745 932 2782 Nisi
947 2747 1273 2791 circumcidmm'm',
1309 2753 1345 2783 et
1362 2749 1577 2786 custodiatis
1600 2751 1651 2787 le-

131 2819 213 2855 gem
237 2810 381 2858 Moysi,
415 2823 486 2846 non
506 2811 662 2859 polestis
684 2810 843 2856 salvari,
876 2810 1012 2863 ingens
1034 2811 1122 2851 inde
1149 2813 1243 2851 sacta
1268 2813 1471 2853 commotio
1494 2822 1573 2865 est,
1611 2823 1650 2855 ut

176 2904 209 2937 2.
235 2909 331 2938 verba
357 2903 407 2941 ἔτι
431 2906 486 2940 ἐὰν
510 2907 767 2949 περιτέμνησὲε,
792 2919 869 2949 quae
915 2912 983 2942 edit.
1003 2915 1119 2952 princ„
1143 2922 1180 2943 ex
1199 2914 1264 2945 cod.
1288 2916 1433 2947 Vaticano
1449 2918 1584 2956 primum
1604 2918 1651 2948 in-

135 2950 346 2983 desiderantur
366 2956 431 2984 tam
448 2955 479 2984 in
499 2954 567 2985 cod.
582 2955 707 2993 Rhediy.
725 2964 819 2993 quam
839 2957 870 2986 in
915 2959 1007 2989 seruit
1030 2960 1183 2989 Petamus.
