2034 3267
456 208 631 240 PANARH
654 209 733 241 Lm.
754 210 776 242 1.
802 209 907 242 ToM.
928 210 969 241 11.
995 209 1123 242 HAER.
1144 210 1268 242 xxvi.
1541 205 1617 245 189

108 288 187 329 suis
212 287 283 342 ipsi
311 286 485 327 manibus
508 287 796 328 abominandam
819 288 1013 328 libidinem
1037 295 1245 340 exercent,
1286 288 1347 343 qui
1377 302 1461 329 cum
1484 291 1618 331 mulie·

107 355 212 396 ribus
241 369 284 395 se
312 354 582 404 commiscent,
626 356 780 395 assiduo
814 355 962 395 illarum
995 370 1067 396 usu
1102 369 1338 410 nequaquam
1365 358 1546 398 exsatiati
1576 358 1616 398 in

108 422 334 476 semetipsos
362 422 639 473 exardescunt,
681 425 779 468 Viri,
815 421 968 474 inquam
994 426 1030 461 in
1061 426 1179 471 viros,
1213 424 1311 464 sicut
1333 424 1514 479 scriptum
1537 433 1612 477 est,
1634 438 1805 469 Romam.

107 493 302 530 mercedem
327 493 467 528 errores
491 493 553 528 sui
576 493 612 528 in
635 491 834 539 semetipsis
857 492 1086 540 recipientes.
1147 489 1300 530 Etenim
1329 492 1465 546 perditi
1490 493 1617 547 profli-

108 556 262 610 gatique
286 557 457 597 homines
483 556 616 596 beatos
641 569 682 595 se
707 555 869 594 invicem
898 556 1139 609 praedicant,
1172 563 1348 611 tanquam
1371 560 1618 614 praecipuum

109 624 284 677 quiddam
324 625 471 664 facinus
508 637 550 662 ac
584 621 776 675 singulare
813 623 1066 675 susceperint.
1129 622 1347 676 Quinetiam
1384 626 1619 668 mulierculis

109 706 205 746 quas
230 691 302 731 sibi
329 691 541 744 morigeras
565 689 725 738 habent,
758 688 984 739 illudentes,
1028 692 1284 738 Mulierculas,
1318 692 1496 745 inquam,
1529 709 1619 734 onu-
1631 707 1813 738 2.'rim.3.6.

108 763 177 798 stis
206 763 391 810 peccatis,
437 772 480 796 ac
511 757 772 806 multiplicibus
794 758 1054 806 cupiditatibus
1073 758 1260 804 abductis,
1293 758 1498 799 identidem
1529 775 1618 801 nar-

107 834 216 876 rant,
250 826 361 875 hanc,
395 838 502 878 quam
528 822 706 862 videlicet
726 823 939 871 nominant,
972 837 1060 863 esse
1082 823 1286 877 virginem,
1313 839 1397 865 cum
1416 834 1504 867 aute
1523 829 1616 868 mul-

108 901 167 934 tos
199 895 271 934 iam
300 906 419 933 annos
442 891 571 929 vitiata
603 890 739 938 fuerit,
781 904 826 930 ac
851 889 1019 943 quotidie
1042 898 1327 945 constupretur.
1387 893 1500 947 Apud
1531 894 1616 935 illos

109 961 244 1015 quippe
275 959 430 1000 satietas
454 956 620 996 libidinis
648 957 771 1006 nulla3
817 964 854 997 et
883 972 955 1010 quo
985 958 1158 998 foediora
1183 958 1341 1012 quisque
1369 967 1616 1014 perpetrave-

108 1029 179 1077 rit,
213 1042 258 1067 eo
282 1025 412 1066 maiori
437 1024 603 1063 omnium
634 1024 743 1064 laude
766 1038 810 1063 ac
831 1024 1116 1079 praedicatione
1139 1025 1370 1066 celebratur.
1431 1025 1615 1081 Virgines

109 1109 223 1150 porro
249 1094 329 1134 illas
351 1091 538 1145 appellant
563 1105 657 1144 quae
685 1106 877 1145 nunquam
900 1091 1070 1145 legitimo
1097 1092 1311 1146 nuptiarum
1335 1107 1408 1133 usu
1432 1108 1476 1133 ac
1506 1103 1615 1135 natu-

108 1163 177 1203 rali
201 1162 264 1202 illa
283 1158 556 1200 consuetudine
578 1158 627 1198 ita
650 1160 872 1212 perfunctae
900 1167 1010 1209 sunt,
1044 1166 1085 1199 ut
1107 1159 1272 1200 infusum
1296 1173 1429 1200 semen
1461 1161 1615 1215 excipe-

108 1236 213 1278 rent,
245 1227 310 1267 sed
333 1239 428 1279 quae
451 1225 540 1265 licet
565 1225 729 1265 assiduis
751 1240 794 1266 se
817 1227 957 1281 stupris
988 1227 1219 1281 flagitiisque
1243 1228 1525 1280 contaminent,
1558 1236 1615 1269 ta·

107 1310 190 1336 men
216 1300 415 1347 antequam
441 1292 554 1332 libido
585 1293 708 1333 omnis
732 1294 934 1348 impleatur
961 1294 1258 1348 perditissimum
1282 1309 1391 1335 suum
1413 1295 1518 1336 illum
1549 1296 1615 1336 ad-

104 1361 317 1402 missarium
349 1360 572 1411 excutiunt,
617 1361 777 1414 illasque
807 1375 901 1415 quas
935 1361 1101 1401 diximus
1138 1362 1376 1415 turpissimas
1404 1363 1539 1403 sordes
1569 1364 1615 1403 ad

102 1429 332 1469 vescendum
355 1427 565 1481 excipiunt.
630 1426 673 1468 ln
698 1442 771 1482 quo
804 1429 969 1468 immane
996 1429 1088 1468 illud
1122 1429 1428 1483 horrendumque
1454 1427 1613 1470 Sellomi
1651 1435 1779 1464 Gen-38-

102 1510 185 1537 cum
210 1495 403 1536 Thamare
436 1495 582 1535 facinus
612 1494 830 1548 imitantur,
860 1502 988 1550 utpote
1015 1509 1112 1549 quae
1138 1496 1352 1537 servandae
1379 1496 1612 1550 virginitatis

101 1563 302 1604 artificium
334 1563 424 1602 illud
450 1562 710 1616 susceperint,
753 1569 792 1602 ut
824 1577 909 1603 cum
936 1563 1089 1603 assidue
1119 1572 1433 1618 corrumpantur,
1473 1564 1613 1605 nullam

101 1638 227 1671 tamen
250 1644 302 1671 ex
326 1643 370 1669 ea
392 1630 608 1684 corruptela
635 1630 865 1670 infusionem
895 1630 1051 1670 seminis
1074 1631 1287 1672 admittant.
1347 1630 1487 1685 Neque
1517 1646 1612 1672 vero

101 1705 165 1739 aut
185 1698 440 1747 Abraamum‚
475 1697 683 1746 duntaxat,
717 1705 782 1737 aut
803 1696 970 1752 Moysen
1003 1704 1117 1751 atque
1142 1697 1288 1749 Etiam,
1322 1699 1493 1752 adeoque
1524 1713 1612 1753 pro-

101 1766 233 1820 pbetas
260 1778 393 1805 omnes
417 1765 483 1805 sed
507 1771 544 1804 et
566 1765 675 1804 deum
698 1764 820 1819 ipsum
844 1779 865 1805 a
888 1779 961 1819 quo
985 1772 1075 1805 sunt
1098 1765 1211 1806 electi
1234 1766 1511 1807 contumeliose
1535 1773 1612 1807 tra—

102 1833 256 1874 ducunt.

191 1898 346 1940 Infinita
369 1914 483 1954 porro
504 1912 621 1954 penes
640 1899 724 1940 illos
745 1906 834 1940 sunt
855 1899 1094 1954 supposititia
1118 1908 1231 1955 atque
1255 1900 1498 1956 impudenter
1519 1916 1610 1943 con·
1635 1909 1713 1954 Cap.
1727 1911 1801 1943 ΧΠ.

99 1969 186 2009 ficta
213 1974 472 2008 monumenta.
535 1965 760 2007 Cuiusmodi
787 1974 846 2007 est
871 1967 932 2020 qui
958 1966 1018 2007 De
1043 1966 1238 2021 Progenie
1264 1967 1417 2009 Mariae
1435 1969 1534 2010 liber
1555 1970 1613 2010 in-

99 2035 293 2086 scribitur,
325 2035 364 2075 in
390 2049 463 2088 quo
487 2034 684 2074 horribilia
706 2034 888 2088 quaedam
910 2048 957 2074 ac
982 2035 1207 2076 detestanda
1227 2036 1376 2076 illorum
1400 2036 1499 2077 dicta
1521 2051 1612 2077 con-

100 2102 282 2143 tinentur.
345 2101 462 2143 Velut
483 2102 584 2141 inter
608 2101 695 2152 alia,
730 2115 812 2141 eam
835 2100 1049 2143 Zachariae
1076 2104 1180 2143 necis
1205 2102 1244 2143 in
1268 2103 1408 2158 templo
1435 2118 1611 2145 caussam

99 2170 298 2221 extitisse,
331 2170 430 2224 quod
462 2183 545 2209 cum
572 2169 695 2208 visum
720 2170 903 2222 quoddam
930 2169 983 2210 illi
1017 2178 1122 2210 esset
1144 2170 1334 2220 oblatum,
1376 2171 1487 2224 idque
1518 2186 1610 2225 prae

99 2244 202 2278 metu
221 2238 440 2292 significare
461 2237 601 2285 vellet,
635 2250 678 2275 os
704 2236 737 2276 ei
764 2236 883 2290 primo
907 2238 1145 2291 praeclusum
1169 2237 1234 2278 sit.
1281 2236 1440 2278 Viderat
1465 2245 1607 2289 autem,

97 2305 295 2358 inquiunt,
329 2319 413 2346 cum
441 2303 591 2344 incensi
622 2303 713 2343 hora
739 2305 904 2354 suffiret,
946 2305 1045 2345 asini
1068 2306 1188 2359 figura
1213 2311 1376 2344 stantem
1400 2305 1607 2357 hominem,

99 2386 142 2412 ac
163 2387 245 2412 cum
275 2372 406 2426 egredi
429 2371 567 2421 vellet,
600 2371 727 2424 itaque
752 2371 946 2426 proloqui,
989 2371 1072 2412 Vae
1093 2372 1227 2423 vobis,
1261 2386 1371 2426 quem
1393 2373 1494 2413 enim
1525 2380 1608 2414 tan-

98 2439 182 2480 dem
205 2440 401 2481 adoratis?
431 2439 474 2478 ab
499 2453 544 2479 eo
567 2438 628 2492 qui
652 2438 689 2478 in
714 2438 852 2492 templo
877 2438 979 2480 intus
1002 2440 1176 2495 apparuit
1199 2439 1277 2480 oris
1302 2440 1369 2492 illi,
1396 2454 1443 2480 ne
1467 2442 1608 2482 efferre

98 2515 250 2562 posset,
283 2521 375 2548 usus
405 2506 635 2546 interclusus
660 2513 741 2557 est3
783 2513 867 2560 post
894 2515 1021 2547 autem
1049 2508 1112 2548 ubi
1136 2521 1217 2547 vox
1248 2507 1369 2547 eidem
1402 2515 1461 2547 est
1493 2509 1607 2548 resti·

99 2580 194 2624 tuta,
227 2581 339 2629 atque
364 2575 433 2614 hoc
452 2574 492 2613 in
514 2571 678 2613 Iudaeos
702 2587 879 2614 arcanum
900 2575 1095 2628 evulgavit
1118 2575 1163 2614 ab
1183 2574 1258 2614 illis
1282 2574 1507 2615 interfectus
1530 2582 1604 2616 est.

97 2639 228 2693 Haec,
261 2642 458 2696 inquiunt,
502 2639 714 2680 Zachariae
750 2642 882 2682 mortis
922 2642 1075 2682 occasio
1116 2643 1199 2682 fuit.
1261 2641 1418 2682 Addunt
1447 2643 1607 2683 eandem

98 2706 198 2748 illam
233 2709 280 2750 ob
311 2723 487 2749 caussam
522 2708 666 2747 iussum
696 2722 718 2747 a
750 2708 970 2761 legislatore
1008 2709 1221 2764 pontificem
1256 2709 1508 2750 tintinnabula
1541 2724 1608 2763 gc-

99 2780 244 2826 stasse,
278 2784 318 2816 ut
343 2777 491 2830 quoties
516 2775 560 2815 ad
583 2775 814 2816 functionem
839 2790 945 2816 suam
971 2777 1183 2817 obeundam
1206 2777 1489 2830 ingrederetur,
1521 2791 1606 2818 cre-

140 2861 171 2896 4.
195 2865 280 2907 φησὶ
303 2868 367 2898 cod.
395 2868 490 2898 Vatic.
872 2868 935 2906 di9.
981 2864 997 2900 ὁ
1020 2866 1128 2908 ἱερεὺς
1149 2863 1201 2899 ὑπ’
1223 2862 1322 2900 αὐτοῦ
1351 2867 1407 2900 τοῦ
1426 2864 1606 2909 vop-offerd-

141 2909 171 2941 5.
195 2910 296 2962 <pocla
320 2913 385 2943 cod.
410 2913 504 2942 Vatic.
874 2922 988 2949 σαντος
1008 2910 1191 2953 προςετάγη
1206 2936 1215 2952 ,
1238 2911 1339 2954 φασὶν
1362 2913 1408 2943 ed.
1430 2914 1535 2943 Petav.
1573 2914 1606 2943 In

142 2951 173 2985 6.
199 2965 215 2986 0
236 2954 343 2996 ἱερεὺς
363 2955 545 2998 προςετάγη
571 2951 624 2988 ὑπ’
649 2951 749 2989 αὐτοῦ
771 2956 827 2989 τοῦ
873 2957 943 2989 edit.
960 2959 1058 2997 princ.
1077 2958 1268 2989 desideratur
1286 2967 1346 2990 vox
1364 2954 1560 2999 προςετάγη.

98 2997 385 3042 νομοθετήσαντος,
410 3000 510 3043 φασὶν
531 3002 619 3034 codd.
634 3002 729 3033 tatic.
750 3002 827 3033 Rhe-
