2034 3267
177 472 263 514 Κεφ.
287 469 320 509 ς’.

185 1682 272 1725 Κεφ.
293 1698 309 1721 ι,
323 1708 329 1714 .

193 1744 259 1773 pag.
277 1737 334 1764 258.

347 183 425 222 528
900 184 1059 216 SANCTI
1084 184 1306 216 EPIPHANII

350 265 452 306 Κάϊν
472 266 535 306 καὶ
561 262 584 305 ὁ
606 263 721 316 Σὴθ,
752 264 880 314 δῆλον.
940 259 984 301 Ὁ
1004 258 1207 316 γάρ”Αβελ
1225 258 1408 315 νεώτερος
1427 259 1673 314 άπεκτάνθη,
1705 259 1864 313 μηδέπω

346 349 482 388 γημας.

454 464 523 514 Ὡς
542 466 582 507 δὲ
605 467 645 507 ἐν
662 470 742 513 τοῖς
759 463 995 517 Ἰωβηλαίοις
1018 461 1249 517 εὑρίσκεται,
1283 466 1330 519 τῇ
1350 463 1416 502 καὶ
1437 463 1711 517 Λεπτογενέσει
1729 467 1866 504 καλου·

345 535 462 591 μένῃ,
504 534 571 574 καὶ
594 533 640 574 τά
667 531 838 586 ὀνόματα
862 536 941 573 τῶν
961 535 1156 587 γυναικῶν
1180 534 1249 571 τοῦ
1272 546 1310 570 τε
1332 528 1435 570 Κάϊν
1460 531 1526 571 καὶ
1549 535 1620 571 τοῦ
1642 530 1736 584 Σήθ
1760 528 1786 583 ’ἦ
1810 531 1865 582 βί-

345 604 434 655 βλος
457 602 636 656 περιέχει·
680 603 744 642 ἵνα
765 599 862 641 κατά
886 598 1009 640 πάντα
1032 597 1177 653 τρόπον
1201 592 1309 639 οὗτοι
1333 602 1688 650 καταισχυνθῶσιν,
1719 600 1760 638 οἱ
1777 595 1870 644 τούς

348 668 504 722 μύθους
525 673 576 726 τῷ
599 671 671 726 βίῳ
695 666 1008 725 ραψῳδήσαντες.
1068 670 1146 708 Τοῦ
1167 665 1239 721 γάρ
1259 663 1380 717 Ἀδοὶμ
1400 663 1652 720 γεννήσαντος
1673 663 1784 714 υἷούς
1805 665 1871 706 καὶ

348 737 569 792 θυγατέρας
591 734 739 791 ἀνάγκη
766 737 898 791 γέγονε
922 733 1002 776 κατ’
1031 736 1154 776 ἐκεῖνο
1176 737 1314 789 καιροῦ
1337 731 1522 784 άδελφαῖς
1541 739 1622 781 ταῖς
1647 734 1761 780 ἰδίαις
1782 746 1870 774 συν-

349 809 532 858 αφθῆναι
552 803 644 853 τοὺς
669 806 822 852 παῖδας.
889 801 947 844 Οὐ
972 801 1043 857 γάρ
1069 797 1119 854 ἦν
1142 800 1372 856 παράνομον
1392 799 1434 842 vo*
1460 805 1656 851 τοιοῦτον,
1698 801 1779 842 ἐπεὶ
1802 817 1870 853 μη-

349 873 413 914 δὲν
435 873 561 927 ἕτερον
584 874 694 927 γένος
718 867 778 925 ἦν.
839 872 919 912 Καὶ
939 869 1012 926 γάρ
1034 870 1098 911 καὶ
1118 868 1254 920 αὕτός,
1287 867 1339 917 ὥς
1359 870 1452 916 ε’πος
1471 869 1612 919 εἰπεῖν,
1643 866 1666 909 ὁ
1683 865 1804 919 Ἀδάμ
1824 862 1871 924 τῇ

350 943 428 997 ἰδία
464 942 631 995 θυγατρὶ
662 938 798 993 σχεδόν
827 944 874 997 τῇ
905 941 945 980 ἐκ
976 942 1044 979 τοῦ
1072 936 1249 990 σώματος
1277 935 1398 978 αὐτοῦ
1426 938 1642 993 πλασθείσῃ
1671 933 1872 988 συνήφθη,

351 1007 448 1050 κατά
473 1011 654 1063 συζυγίαν
679 1006 784 1064 αὐτῷ
809 1008 849 1049 ἐκ
874 1011 976 1047 θεοῦ
1001 1006 1268 1062 πεπλασμένῃ,
1299 1005 1364 1045 καὶ
1387 1002 1458 1045 οὐκ
1485 999 1534 1057 ἧν
1557 1001 1803 1057 παράνομον·
1835 1003 1878 1044 οἵ

350 1093 387 1117 τε
415 1075 556 1118 τούτου
588 1077 668 1117 υἱοὶ
697 1074 959 1128 συνήφθησαν
989 1072 1010 1115 ὁ
1041 1074 1108 1126 μὲν
1134 1071 1237 1113 Κάϊν
1265 1077 1313 1129 τῇ
1343 1069 1488 1128 άδελφῇ
1514 1077 1560 1128 τῇ
1583 1074 1722 1124 μείζονι
1745 1068 1873 1123 Σαυή,

352 1143 453 1186 οῧτω
479 1145 720 1200 καλουμένῃ,
763 1141 784 1184 ὁ
815 1143 854 1184 δὲ
881 1141 974 1194 Σήθ
997 1144 1123 1195 τρίτος
1151 1138 1237 1188 υἷὸς
1262 1137 1354 1191 μετά
1379 1137 1579 1192 τὸν”Αβελ
1602 1139 1806 1193 γεννηθεὶς
1827 1141 1874 1194 τῇ

350 1213 536 1269 λεγομένῃ
560 1210 680 1253 αὑτοῦ
702 1209 848 1267 άδελφῇ
869 1208 1042 1265 Ἀζουρᾷ.
1089 1206 1275 1262 Γεγόνασι
1295 1207 1336 1248 δὲ
1356 1210 1408 1263 τῷ
1426 1204 1547 1259 Ἀδάμ
1566 1207 1633 1248 καὶ
1654 1204 1760 1247 ἄλλοι
1778 1206 1873 1256 υἱοὶ,

355 1278 407 1329 ὥς
427 1278 453 1333 ἦ
476 1278 613 1332 Λεπτὴ
634 1280 788 1326 Γένεσις
809 1278 992 1332 περιέχει,
1024 1276 1133 1317 ἐννέα
1156 1273 1247 1327 μετά
1268 1272 1360 1322 τοῦς
1378 1279 1478 1328 τρεῖς
1497 1273 1677 1322 τούτους·
1709 1271 1761 1321 ὥς
1779 1270 1875 1314 εἶναι

353 1346 457 1405 αὐτῷ
485 1347 556 1389 δύο
578 1347 646 1399 μὲν
666 1346 898 1401 θυγατέρας,
931 1343 1096 1398 ἄρρενας
1119 1343 1159 1383 δὲ
1179 1344 1359 1392 δεκαδύο,
1390 1343 1457 1383 ἕνα
1478 1342 1546 1394 μὲν
1566 1341 1874 1391 ἆποκτανθέντα,

353 1417 488 1457 ἕνδεκα
516 1416 557 1457 δὲ
581 1414 901 1469 περιλειφθέντας
924 1417 976 1469 τῷ
1000 1414 1083 1468 βίῳ.
1133 1409 1259 1464 ’Έχεις
1289 1411 1330 1451 δὲ
1353 1411 1420 1450 καὶ
1443 1408 1591 1452 τούτων
1613 1408 1683 1462 τὴν
1706 1410 1875 1461 ἔμφασιν

353 1486 393 1525 ἐν
419 1488 466 1540 τῇ
488 1484 640 1524 Γενέσει
666 1486 735 1523 τοῦ
762 1480 924 1533 Κόσμου
951 1480 1017 1520 καὶ
1042 1477 1178 1536 πρώτῃ
1204 1481 1325 1535 βίβλῳ
1348 1477 1454 1533 παρά
1478 1482 1650 1518 Μωϋσεῖ
1669 1475 1772 1517 οὕτω
1799 1492 1874 1528 φα-

352 1550 515 1608 σκούσῃ·
565 1552 643 1591 Καὶ
672 1552 800 1603 ἔζησεν
826 1546 947 1600 Ἀδοὶμ
977 1548 1042 1600 ἔτη
1073 1544 1274 1588 ἐννακόσια
1303 1544 1528 1600 τριάκοντα,
1569 1545 1635 1586 καὶ
1670 1544 1870 1598 ἐγέννησεν

354 1617 466 1667 υἱούς
496 1620 558 1660 καὶ
590 1619 828 1673 θυγατέρας,
860 1617 927 1657 καὶ
958 1614 1142 1656 άπέθανε.

469 1687 777 1727 Πλατυνθέντων
802 1685 842 1725 δὲ
864 1688 940 1725 τῶν
960 1681 1206 1736 άνθρώπων,
1246 1682 1312 1722 καὶ
1332 1685 1401 1734 τῆς
1422 1684 1554 1736 γενεᾶς
1576 1684 1645 1721 τοῦ
1666 1677 1786 1732 Ἀδάμ
1810 1680 1874 1720 ἐπ-

356 1755 638 1807 εκτεινομένης,
670 1751 694 1806 ἦ
717 1751 894 1807 άκρίβεια
914 1749 940 1804 ἦ
962 1749 1059 1792 κατά
1077 1748 1144 1792 τόν
1164 1748 1289 1804 γάμον
1311 1747 1377 1791 τόν
1397 1746 1538 1801 σεμνόν
1558 1745 1785 1788 ἐπλατύνετο
1808 1763 1877 1787 κα-

354 1824 472 1874 θεξῆς
491 1824 780 1875 προβαίνουσα,
811 1821 876 1861 καὶ
901 1820 1055 1872 ἐπείπερ
1079 1819 1257 1873 γεγόνασι
1278 1819 1413 1865 παῖδες
1435 1820 1487 1873 τῷ
1506 1813 1626 1867 Ἀδάμ
1649 1815 1717 1855 καὶ
1739 1815 1877 1862 παῖδες

355 1893 526 1940 παίδων,
570 1890 780 1944 θυγατέρες
810 1888 850 1928 δὲ
881 1888 922 1928 ἐκ
946 1885 1093 1928 τούτων
1113 1884 1212 1927 κατά
1236 1884 1417 1938 διαδοχήν
1439 1884 1573 1938 γένους
1596 1881 1875 1937 ἐγεννήθησαν,

356 1956 493 1999 λοιπόν
524 1955 651 1998 οὐκέτι
675 1956 744 2004 τοὶς
766 1954 893 1996 αὐτῶν
918 1952 1088 2005 άδελφοὲς
1112 1952 1211 2008 πρός
1232 1952 1356 2008 γάμον
1377 1951 1538 2007 ἤγοντο,
1583 1948 1673 1991 άλλοὶ
1696 1951 1749 1998 εἰς
1769 1947 1876 1990 εὖνο-

357 2029 447 2078 μίαν
471 2026 632 2078 κατέστη
661 2025 728 2066 καὶ
758 2022 833 2078 πρό
865 2025 934 2064 τοῦ
957 2020 1023 2063 διά
1046 2022 1254 2070 Μωϋσέως
1276 2020 1473 2076 ἐγγράφου
1496 2017 1619 2072 νόμου
1643 2015 1666 2060 ὁ
1687 2015 1785 2059 κατα
1807 2016 1876 2059 τόν

355 2092 494 2146 σεμνόν
522 2094 646 2148 γάμον
673 2090 840 2144 θεσμὸς,
882 2091 949 2132 καὶ
979 2091 1020 2131 ἐκ
1047 2093 1124 2130 τῶν
1152 2090 1434 2144 πατραδέλφων
1462 2085 1591 2128 αὐτῶν
1619 2084 1688 2134 τάς
1710 2083 1878 2140 γαμετάς

355 2163 503 2202 ἑαυτῶν
527 2159 675 2215 ἤγοντο.
738 2160 816 2199 Καὶ
841 2157 965 2206 οὕτως
988 2158 1285 2210 πλατυνομένων
1311 2154 1396 2210 ἄρτι
1417 2160 1494 2196 τῶν
1517 2152 1738 2208 ἀνθρώπων
1764 2154 1875 2207 ἐμίγη

355 2227 402 2270 τοὶ
423 2228 493 2270 δύο
516 2230 628 2283 γένη,
659 2232 726 2269 τοῦ
750 2244 786 2268 τε
810 2225 912 2267 Κάϊν
935 2224 1035 2279 πρός
1055 2223 1095 2266 τὸ
1119 2226 1228 2279 γένος
1248 2228 1318 2266 τοῦ
1337 2222 1451 2277 Σὴθ,
1483 2223 1549 2264 καὶ
1571 2225 1642 2263 τοῦ
1663 2219 1756 2273 Σήθ
1779 2218 1879 2275 πρὸς

358 2296 546 2351 θάτερον,
590 2297 655 2337 καὶ
683 2294 729 2336 τά
761 2294 851 2335 ἄλλα
879 2298 956 2334 τῶν
987 2295 1083 2334 υἱῶν
1112 2298 1181 2334 τοῦ
1204 2290 1324 2345 Ἀδάμ
1352 2293 1452 2347 γένη.
1509 2288 1712 2330 Ἐντεῦθεν
1739 2286 1878 2329 λοιπόν

357 2369 426 2406 τοῦ
447 2368 715 2417 κατακλυσμοῦ
739 2361 861 2417 ἄρδην
883 2359 924 2402 τό
948 2365 1026 2401 πᾶν
1048 2365 1116 2413 τῆς
1137 2359 1305 2408 στάσεως
1325 2365 1402 2401 τῶν
1426 2356 1648 2412 άνθρώπων
1669 2354 1877 2397 άπολέσαν-

359 2450 423 2481 τος
445 2431 753 2483 διαπεφύλακται
783 2429 902 2483 μόνος
926 2433 1037 2478 Νῶε,
1080 2426 1203 2482 εὑρών
1232 2427 1342 2481 χάριν
1372 2426 1478 2480 παρὰ
1508 2430 1559 2482 τῷ
1583 2428 1686 2481 θεῷ,
1730 2425 1880 2471 δίκαιος

361 2498 534 2554 εὑρεθεὶς
558 2501 596 2541 ἐν
618 2504 663 2557 τῇ
686 2496 768 2540 κατ’
789 2500 911 2540 ἐκεῖνο
934 2501 1072 2550 καιροῦ
1094 2500 1222 2552 γενεᾷ·
1253 2494 1424 2550 λάρνακα
1447 2495 1487 2535 δὲ
1506 2490 1602 2534 κατά
1622 2490 1669 2532 τοὶ
1688 2489 1763 2544 ’ἤδη
1785 2489 1878 2546 πρό-

363 2584 471 2622 τερον
496 2566 589 2620 ἡμῖν
620 2567 799 2621 εἰρημένα
824 2563 1099 2607 κατεσκεύασεν
1130 2565 1253 2620 ἑαυτῷ
1283 2565 1323 2604 ἐκ
1348 2560 1636 2617 προςτάγματος
1664 2563 1784 2609 θεοῦ,
1826 2556 1880 2607 ὥς

364 2637 513 2688 ἔχουσιν
533 2637 575 2676 αἱ
593 2633 777 2688 άληθιναὶ
796 2634 958 2689 γραφαὶ,
991 2633 1030 2672 ἐν
1051 2627 1075 2688 Υᾗ
1097 2634 1357 2672 διασεσῶσθαι
1382 2628 1407 2684 ἡ
1429 2627 1526 2682 αὕτη
1547 2626 1686 2679 φάσκει
1703 2629 1770 2679 τῆς
1790 2624 1878 2679 άλη-

362 2706 472 2751 θείας
495 2706 627 2755 βίβλος
658 2701 777 2743 αὐτόν
805 2718 844 2742 τε
870 2702 935 2742 καὶ
963 2698 1031 2747 τάς
1057 2700 1333 2753 προειρημένας
1360 2696 1463 2755 αὐτῷ
1495 2696 1574 2749 ἅμα
1604 2692 1700 2736 ἕπτοὲ
1729 2693 1878 2746 ψυχάς·

364 2772 465 2823 φημὶ
487 2771 528 2812 δὲ
544 2770 613 2824 τήν
632 2786 670 2811 τε
692 2771 795 2811 ἰδίαν
814 2767 978 2824 σύζυγον
999 2768 1065 2808 καὶ
1083 2766 1176 2816 τούς
1196 2772 1297 2822 τρεῖς
1313 2764 1440 2816 υἵοῦς,
1469 2761 1656 2820 γυναῖκάς
1675 2777 1715 2803 τε
1732 2760 1880 2803 τούτων

365 2835 507 2891 ὁμοίως
526 2844 636 2893 τρεῖς.
692 2835 758 2878 Ἐκ
779 2835 918 2879 τούτου
939 2836 980 2876 δὲ
1000 2837 1165 2887 λείψανα
1185 2838 1416 2889 γεγενῆσθαι
1436 2836 1502 2886 τῆς
1521 2828 1618 2873 κατά
1639 2827 1707 2871 τὸν
1726 2827 1879 2882 ἅνθρω-

365 2923 439 2948 πον
461 2905 676 2954 συστάσεως
704 2906 745 2947 ἐν
769 2904 902 2961 κόσμῳ
925 2901 1039 2945 πάλιν
1066 2900 1091 2956 ἦ
1114 2901 1279 2956 άλήθεια
1301 2904 1539 2954 συνίστησιν·
1572 2897 1680 2940 ὅθεν
1703 2895 1800 2939 κατά
1821 2913 1878 2951 γε·
