2034 3267
549 167 608 198 AD
633 167 879 200 EPtsToLAM
906 168 1049 200 ACACH
1078 169 1133 201 ET
1156 170 1299 201 PAULI.
1631 166 1678 201 15

166 253 280 286 sunt:
325 244 565 295 Simoniani,
597 244 892 297 Menandriani,
926 245 1202 298 Saturniliani,
1235 246 1475 299 Basilidiani,
1507 247 1680 289 Nicolai-

165 321 251 364 tae,
286 311 486 362 Gnostici,
521 312 582 366 qui
607 319 644 352 et
669 312 906 361 Stratiotici,
939 328 983 354 ac
1007 313 1273 364 Phibionitae,
1305 315 1351 355 ab
1373 315 1458 356 aliis
1485 330 1579 357 vero
1607 315 1679 358 Se-

163 380 357 430 cundiani,
389 379 436 419 ab
455 380 540 420 aliis
562 379 770 429 zacchaei,
805 394 875 420 nec
897 396 972 420 non
996 380 1187 422 Coddiani
1212 389 1250 422 et
1268 381 1498 424 Borboritae
1523 398 1568 424 ac
1584 382 1680 424 Bar-

163 447 316 503 belytae
349 447 546 498 dicuntur,
581 445 894 501 Carpocratitae,
937 446 1201 500 Cerinthiani,
1240 450 1303 503 qui
1338 457 1376 490 et
1407 449 1677 503 Merinthiani,

163 514 387 565 Nazoraei,
422 513 631 565 Ebionaei,
661 512 882 564 Valentini,
916 512 1174 566 Secundiani,
1207 517 1341 569 quibus
1375 518 1562 558 accedunt
1584 517 1679 574 Epi-

163 582 310 637 phanes
346 588 384 622 et
414 580 608 629 isidorus,
640 579 871 620 Ptolemaei.
931 579 976 621 In
1009 582 1123 622 tertio
1145 590 1271 622 autem
1299 590 1399 624 tomo
1430 585 1568 639 prioris
1593 586 1680 626 libri

164 651 346 690 haereses
381 648 510 688 itidem
541 645 642 687 Xlll
675 654 786 687 sunt:
836 646 1049 698 Marcosii,
1083 647 1326 700 Colorbasii,
1360 650 1676 703 Heracleonitae‚

165 715 352 771 Ophitae,
402 714 561 765 Caiani,
603 712 805 764 Selhiani,
849 715 1099 764 Archontici,
1145 714 1403 767 Cei-doniam,
1435 717 1676 770 marciones,

160 783 433 833 Lucianistae,
477 780 740 835 Appelleiani‚
787 779 1019 833 Severiani‚
1063 782 1236 824 Tatiani.
1297 783 1404 824 Haec
1444 794 1502 825 est
1531 801 1679 828 summa

162 859 352 892 tomorum
382 850 494 889 trium
517 848 628 902 primi
658 848 760 887 libri.
823 847 992 889 Secundi
1017 863 1111 891 vero
1144 850 1229 889 libri
1255 851 1346 890 tomi
1369 852 1441 891 duo
1468 861 1579 904 sunt,
1613 869 1679 895 cu-

161 919 221 959 ius
254 919 291 958 in
327 917 453 972 priore
484 921 608 965 tomo,
653 915 715 968 qui
741 924 899 970 quartus
939 924 1020 967 est,
1062 916 1094 956 si
1125 924 1249 957 tomos
1278 918 1459 973 deinceps
1491 919 1537 959 ab
1570 920 1677 962 initio

163 998 356 1033 numeres,
391 983 571 1022 haereses
597 980 740 1022 XVlll
766 984 1014 1024 continentur
1040 984 1110 1024 hoc
1138 985 1272 1024 modo:
1316 984 1567 1037 Encratitae,
1602 985 1679 1028 Ca—

163 1054 382 1108 taphryges,
416 1049 477 1102 qui
508 1057 545 1089 et
568 1047 833 1091 Montanistae
856 1065 899 1091 ae
924 1051 1255 1105 Tascodrugitae,
1287 1051 1523 1107 Pepuziani,
1557 1055 1619 1108 qui
1642 1062 1681 1095 et

152 1117 411 1173 Quintiliani,
446 1117 581 1170 quibus
615 1117 875 1172 adiunguntur
901 1118 1171 1173 Artotyritae,
1203 1118 1676 1173 Tessareseaedecatitae,

159 1186 220 1240 qui
243 1183 394 1225 Pascha
416 1185 453 1224 in
479 1184 639 1224 eandem
666 1185 757 1225 anni
782 1187 880 1226 diem
906 1187 1138 1236 coniiciunt,
1174 1187 1314 1241 Alogi,
1347 1188 1409 1241 qui
1433 1195 1472 1227 et
1497 1187 1678 1242 Evange-

156 1254 248 1294 lium
281 1259 319 1292 et
347 1251 610 1306 Apocalypsin
642 1251 799 1293 Ioannis
834 1254 1058 1308 repudiant,
1091 1254 1319 1305 Adamiani,
1353 1254 1579 1309 sampsaei,
1615 1256 1678 1310 qui

156 1328 194 1361 et
222 1319 443 1369 Helcesaei,
480 1318 762 1370 Theodotiani,
795 1319 1161 1371 Melchisedeciani,
1195 1320 1536 1373 Bardesianistae,
1568 1321 1678 1364 Noe'-

158 1388 264 1438 tiani,
298 1386 460 1435 Valesii,
496 1383 670 1437 Cathari,
703 1387 904 1442 Angelici,
936 1388 1175 1442 Apostolici,
1210 1389 1273 1442 qui
1300 1389 1414 1429 etiam
1438 1389 1675 1444 Apotactici,

157 1456 294 1510 quibus
329 1453 472 1494 annexi
504 1461 594 1492 sunt
616 1452 877 1509 Saccophori,
912 1453 1144 1506 Sabelliani,
1179 1454 1452 1509 Origenistae,
1485 1457 1678 1498 foeditatis

156 1531 358 1572 auctores,
401 1519 648 1574 Origenistae
683 1521 728 1562 ab
762 1520 924 1576 Origine
958 1523 1206 1563 Adamanti0.
1269 1522 1310 1563 ln
1343 1524 1514 1564 secundo
1550 1531 1677 1565 autem

158 1598 260 1631 tomo
294 1589 465 1630 eiusdem
490 1588 603 1639 libri,
637 1589 699 1643 qui
722 1589 850 1643 priore
885 1590 947 1629 illa
983 1591 1207 1631 numerandi
1237 1591 1387 1631 ratione
1413 1591 1567 1645 quintus
1599 1599 1674 1642 est,

157 1659 341 1698 haereses
380 1656 546 1710 quinque
585 1664 695 1696 sunt:
750 1655 862 1697 Pauli
903 1655 1212 1708 Samosatensis,
1253 1657 1501 1708 Manichaei,
1547 1660 1678 1711 quiet

155 1725 387 1774 Acuanitae,
421 1722 659 1775 Hieracitae,
693 1722 909 1775 Meletiani,
944 1724 1006 1778 qni
1030 1725 1068 1764 in
1094 1725 1270 1780 Aegypto
1294 1726 1459 1765 schisma
1483 1727 1675 1777 fecerunt,

156 1792 310 1833 Ariani.
371 1791 500 1845 Atque
528 1791 620 1831 haec
652 1798 711 1831 est
743 1798 933 1831 tomorum
966 1792 1053 1832 libri
1080 1794 1238 1833 secundi
1263 1807 1428 1834 summa.
1489 1792 1678 1834 Similiter

155 1867 196 1901 et
224 1860 265 1900 in
286 1861 401 1900 tertio
426 1859 522 1898 libro
546 1859 637 1899 tomi
667 1859 739 1898 duo
763 1867 866 1900 sunt.
930 1857 972 1899 ln
1003 1859 1125 1914 primo
1159 1868 1261 1901 tomo
1293 1861 1394 1901 tertii
1417 1861 1526 1911 libri,
1561 1868 1676 1901 sexto

156 1935 282 1968 autem
311 1941 357 1967 eo
382 1940 493 1980 quem
514 1926 680 1966 diximus
702 1926 860 1977 ordine,
894 1926 1077 1967 haereses
1102 1926 1177 1967 VH
1202 1935 1313 1968 sunt:
1357 1928 1542 1979 Audiani,
1575 1927 1676 1969 Pho-

156 1994 304 2045 tiniani,
335 1993 595 2043 Marcelliani,
622 1991 868 2045 Semiariani,
893 1992 1249 2046 pneumatomachi,
1278 1996 1339 2049 qui
1367 1995 1516 2050 spiritui
1541 2003 1676 2036 sancto

155 2062 433 2103 contumeliose
457 2061 676 2111 detrahunt,
709 2061 886 2112 Ae'riani,
919 2062 1094 2113 Aeliani,
1126 2063 1171 2102 ab
1194 2064 1313 2104 Ae'tio
1338 2064 1558 2113 Anomoeo,
1592 2063 1675 2117 qui-

155 2129 226 2170 bus
251 2129 399 2169 accedit
431 2137 469 2169 et
489 2128 703 2169 Eunomius
727 2129 967 2170 Anomoeus.
1030 2128 1073 2169 In
1101 2132 1271 2171 secundo
1306 2145 1401 2170 vero
1437 2137 1539 2170 tomo
1573 2131 1675 2170 eius-

155 2198 239 2237 dem
269 2196 371 2238 tertii
394 2197 498 2247 libri,
530 2196 692 2250 septimo
716 2203 841 2236 autem
864 2211 915 2237 ex
937 2197 1125 2237 divisione
1150 2198 1213 2238 illa
1241 2212 1351 2252 quam
1375 2197 1558 2247 diximus,
1592 2198 1673 2252 qui-

154 2279 229 2319 que
255 2264 383 2320 operis
405 2263 522 2305 totid‘s
546 2270 761 2318 postremus
784 2272 858 2316 est,
882 2264 1065 2305 haereses
1087 2272 1251 2319 quatuor
1268 2273 1381 2305 sunt:
1416 2264 1670 2317 Dimoeritae‚

195 2441 249 2477 42.
274 2445 304 2478 οἱ
326 2444 383 2478 καὶ
401 2447 467 2477 cod.
484 2447 554 2476 Veri.
597 2445 689 2484 Vulgo
713 2442 742 2478 οἳ
766 2444 833 2478 καὶ.
933 2444 991 2479 καὶ
1023 2444 1243 2479 Μοντανισταὶ
1276 2444 1334 2477 καὶ
1362 2444 1659 2488 Τασκοδρουγῑται.

194 2498 247 2533 43.
273 2497 481 2534 Οὖαλεντινοὶ
500 2501 565 2532 cod.
583 2502 653 2531 Ven.
689 2502 783 2541 Vulyo
797 2497 888 2534 Οὕα-
977 2499 1031 2534 48.
1054 2500 1271 2534 Κυϊντιλιανοὶ
1293 2503 1359 2533 cod.
1384 2503 1481 2533 Venet.

151 2546 293 2579 λεπῖνθῑ·
976 2555 1030 2590 49.
1054 2556 1139 2591 κατὰ
1163 2559 1262 2589 adieci
1282 2567 1319 2588 ex
1340 2559 1406 2589 cod.
1433 2560 1551 2588 Veneto.

193 2599 246 2633 44·
273 2600 436 2643 &maffia-03
460 2600 516 2634 καὶ
540 2598 708 2642 ἦῦῖδωρθς
726 2603 791 2635 ⁶⁰d·
815 2605 887 2634 Ven·
976 2614 1029 2646 50.
1054 2612 1192 2647 Παύλου
1209 2613 1265 2646 τοῦ
1278 2612 1509 2655 Σαμοσατέως
1533 2615 1599 2645 cod.
1616 2615 1671 2646 Ve-

193 2643 248 2679 45.
271 2648 356 2678 Libri
376 2656 478 2677 omnes
498 2645 704 2687 Μαρκίωνες,
723 2649 766 2678 uti
781 2657 887 2687 supra.
931 2663 989 2691 neg,
1034 2661 1128 2698 Vu190
1152 2657 1401 2691 Παυλιανισταί,

193 2699 247 2735 46.
277 2704 324 2735 lta
360 2703 425 2734 cod.
461 2703 588 2742 Rhediy.
622 2706 650 2733 et
694 2704 763 2734 libri
801 2705 886 2734 edili.
976 2714 1028 2746 51·
1055 2715 1120 2746 τῶΊ
1145 2713 1176 2746 g„
1200 2713 1243 2756 Τῇ
1269 2711 1424 2756 Αῑγύπτῳ
1451 2713 1577 2767 agiona
1600 2715 1667 2746 cod,

147 2742 352 2780 'Aff⁵>=>=²0‘V0l·
375 2748 442 2778 θοὰ·
474 2749 569 2778 Vena·
934 2762 1032 2791 Venet.
1082 2761 1176 2798 Vulyo
1201 2758 1328 2802 σχίσμα
1352 2757 1384 2791 ἐν
1409 2758 1578 2802 Αἷγυπτῳ.

192 2800 246 2835 47.
272 2805 368 2843 Vulyo
390 2800 476 2835 κατὰ
498 2801 705 2843 Φρυγαστῶν
729 2802 886 2836 Μοντανι-
975 2804 1028 2835 52.
1051 2804 1250 2845 προείπαμεν
1274 2805 1340 2835 cod.
1364 2806 1462 2835 Vener.

150 2846 248 2880 στῶν.
285 2849 330 2887 Cf.
346 2857 443 2887 supra
459 2857 536 2886 quae
558 2849 783 2880 annotavimus.
810 2850 884 2880 Cod.
975 2848 1028 2880 53.
1053 2850 1104 2880 Sic
1124 2850 1190 2881 cod.
1216 2851 1286 2880 Ven.
1335 2851 1430 2888 Vulyo
1454 2844 1552 2881 οὕτω.

151 2894 250 2924 Venet.
284 2893 372 2924 habet
404 2890 688 2934 κατάφρυγαστων
720 2892 776 2925 καὶ
800 2893 887 2926 Μον-
976 2891 1029 2926 54.
1052 2890 1214 2926 Ἀετιανοὶ
1235 2889 1300 2926 ἀπὸ
1326 2903 1385 2925 om.
1409 2895 1474 2925 cod.
1502 2896 1598 2925 Venet-

148 2937 317 2969 τανιστῶν.
379 2938 500 2976 Repono
543 2935 628 2970 κατὰ
665 2935 821 2978 Φρύγας,
857 2938 886 2971 οἱ
976 2937 1027 2970 55.
1053 2934 1159 2974 οὕτως
1183 2939 1248 2970 cod.
1272 2939 1372 2970 Venet.
