2034 3267
236 255 323 297 Κεφ.
348 254 383 290 ε’.

252 317 317 344 pag.
337 310 377 337 19.

249 2555 314 2582 pag.
331 2549 372 2576 2⁰.

407 161 458 202 58
960 167 1115 200 SANCTI
1140 167 1355 199 EPIPHANH

512 242 653 297 ’Έσχον
687 243 728 284 δὲ
756 237 861 283 οὗτοι
897 244 936 282 οἱ
959 240 1147 282 Ἰουδαῖοι
1182 240 1266 294 ἄχρι
1300 247 1368 294 τῆς
1403 242 1480 285 άπὸ
1512 247 1743 298 Βαβυλῶνος
1771 245 1902 297 αι’χμα-

405 314 544 359 λωσίας
577 308 770 352 ἐπανόδου
804 311 961 360 βίβλους
995 324 1032 348 τε
1068 309 1134 349 καὶ
1163 307 1367 362 προφήτας
1401 309 1561 360 τούτους
1596 312 1660 353 καὶ
1693 315 1903 365 προφητῶν

404 381 560 431 βίβλους
587 374 743 422 ταύτας·
782 374 938 428 πρώτην
969 375 1036 427 μὲν
1069 376 1240 426 Γένεσιν,
1281 376 1460 428 δευτέραν
1491 377 1532 418 δὲ
1552 377 1735 428 ’Έξοδον,
1774 381 1904 432 τρίτην

406 442 634 492 Λευιτικὸν,
671 440 852 494 τετάρτην
879 440 1110 495 Ἀριθμοῦς,
1151 443 1329 495 πέμπτην
1352 443 1670 496 Δευτερονόμιον,
1708 447 1820 498 ἕκτην
1846 447 1903 496 βί-

402 515 494 565 βλον
515 508 646 562 Ἰησοῦ
668 514 736 550 τοῦ
760 513 898 562 Ναυῆ,
927 509 1097 562 ἑβδόμην
1122 514 1199 550 τῶν
1226 514 1399 563 Κριτῶν,
1428 507 1570 563 ὀγδόην
1596 516 1664 564 τῆς
1685 510 1815 562 Ῥοῦθ,
1846 513 1902 553 έν-

402 578 521 630 νάτην
547 580 616 618 τοῦ
643 574 754 629 Ἰώβ,
799 575 963 629 δεκάτην
990 576 1033 618 τὸ
1071 576 1307 630 Ψαλτήριον,
1346 575 1550 629 ἑνδεκάτην
1581 581 1799 632 Παροιμίας
1827 583 1902 620 Σο-

401 648 615 696 λομῶντος,
648 642 992 696 δυοδεκαιδεκάτην
1015 642 1328 697 Έκκλησιαστήν,
1367 643 1674 698 τριςκαιδεκάτην
1701 645 1742 687 τὸ
1761 642 1902 699 ςἈισμα

401 716 479 752 τῶν
502 709 701 767 ᾀσμάτων,
739 710 1147 765 τεσσαρεςκαιδεκάτην
1171 710 1325 766 πρώτην
1349 715 1579 762 Βασιλειῶν,
1617 712 1900 755 πεντεκαιδεκά-

401 796 470 831 την
496 780 675 833 δευτέραν
702 783 929 828 Βασιλειῶν,
967 778 1237 832 ἑκκαιδεκάτην
1262 781 1391 833 τρίτην
1420 782 1645 829 Βασιλειῶν,
1684 780 1901 823 ἑπτακαιδε-

399 844 520 898 κάτην
540 846 721 901 τετάρτην
746 850 969 896 Βασιλειῶν,
1009 844 1338 899 ὀκτωκαιδεκάτην
1361 844 1518 899 πρώτην
1541 848 1901 899 Παραλειπομένων,

401 914 739 966 ἐννεακαιδεκάτην
768 915 947 968 δευτέραν
974 914 1339 966 Παραλειπομένων,
1380 911 1555 965 εἰκοστὴν
1577 913 1619 954 vd
1644 913 1901 968 Δωδεκαπρό-

399 998 546 1034 φητον,
584 979 757 1033 εἰκοστὴν
787 980 944 1034 πρώτην
963 978 1122 1022 Ἡσαΐαν
1153 979 1219 1022 τὸν
1250 979 1477 1034 προφήτην,
1515 979 1690 1034 εἰκοστὴν
1721 981 1903 1036 δευτέραν

400 1047 467 1089 τὸν
490 1047 696 1101 προφήτην
716 1046 923 1101 Ἰερεμίαν,
962 1047 1053 1101 μετά
1075 1053 1151 1089 τῶν
1178 1047 1340 1102 Θρήνων
1369 1049 1434 1089 καὶ
1455 1047 1684 1089 Ἐπιστολῶν
1714 1047 1836 1090 αὐτοῦ
1864 1065 1903 1090 τε

400 1117 464 1156 καὶ
485 1120 556 1156 τοῦ
576 1114 748 1170 Βαροῦχ,
778 1115 952 1169 εἰκοστὴν
974 1119 1102 1169 τρίτην
1120 1114 1295 1168 Ἰεζεκιήλ
1314 1114 1379 1157 τόν
1397 1114 1621 1169 προφήτην,
1652 1115 1826 1169 εἰκοστὴν
1847 1132 1902 1157 τε-

399 1181 540 1235 τάρτην
568 1181 715 1236 Δανιὴλ
742 1182 808 1225 τὸν
834 1182 1058 1236 προφήτην,
1100 1182 1275 1235 εἰκοστὴν
1303 1184 1479 1234 πέμπτην
1508 1181 1549 1223 τὸ
1578 1187 1731 1237 πρῶτον
1755 1186 1902 1237 βιβλίον

399 1255 471 1291 τοῦ
499 1248 667 1305 Ἐσδρά,
709 1249 881 1303 εἰκοστὴν
910 1252 1019 1302 ἕκτην
1047 1249 1089 1291 τὸ
1121 1250 1300 1304 δεύτερον
1328 1253 1497 1302 βιβλίον,
1539 1248 1710 1303 εἰκοστὴν
1733 1250 1903 1304 ἑβδόμην

399 1316 441 1358 τὸ
472 1320 620 1369 βιβλίον
645 1316 812 1369 Ἐσθήρ.
874 1318 952 1357 Καὶ
977 1316 1089 1357 αὗται
1114 1318 1208 1357 εἰσὶν
1234 1318 1276 1357 αἱ
1295 1315 1507 1358 εἰκοσιεπτά
1530 1319 1653 1369 βίβλοι
1678 1320 1719 1358 αἱ
1739 1320 1782 1359 ἐκ
1803 1322 1902 1359 θεοῦ

399 1388 578 1425 δοθεῖσαι
601 1390 680 1433 τοῖς
701 1383 928 1433 Ἰουδαῖοις,
959 1383 1151 1424 εἰκοσιδύο
1173 1384 1213 1425 δὲ
1235 1382 1287 1431 ὥς
1308 1382 1355 1424 τά
1378 1383 1466 1438 παρ’
1486 1382 1615 1433 αὐτοῖς
1640 1392 1803 1438 στοιχεῖα
1826 1390 1902 1426 τῶν

397 1449 622 1504 θΕβραϊκῶν
643 1450 877 1505 γραμμάτων
899 1449 1198 1504 ἀριθμούμεναι,
1231 1449 1294 1492 διά
1315 1449 1357 1492 τὸ
1378 1453 1606 1493 διπλοῦσθαι
1632 1454 1724 1493 δέκα
1744 1455 1902 1505 βίβλους

399 1520 453 1566 εἰς
472 1520 581 1559 πέντε
601 1521 813 1574 λεγομένας.
857 1520 953 1573 Περὶ
973 1517 1111 1560 τούτου
1134 1519 1173 1559 δὲ
1197 1517 1286 1570 άλλη
1309 1535 1382 1560 που
1405 1524 1538 1570 σαφῶς
1557 1519 1768 1572 εἰρήκαμεν.
1809 1521 1901 1561 Εἰσὶ

401 1587 443 1627 δὲ
471 1587 537 1627 καὶ
565 1585 671 1628 ἄλλαι
696 1586 766 1627 δύο
793 1589 916 1639 βίβλοι
938 1584 1028 1640 παρ’
1051 1583 1182 1634 αὐτοῖς
1207 1587 1247 1627 ἒν
1268 1584 1504 1642 άμφιλέκτῳ,
1542 1584 1569 1639 ἦ
1587 1591 1720 1638 Σοφία
1743 1592 1811 1628 τοῦ
1833 1593 1898 1629 Σι-

400 1652 490 1706 ράχ,
529 1655 595 1695 καὶ
624 1652 650 1706 ’ἦ
673 1658 740 1695 τοῦ
766 1658 1041 1705 Σολομῶντος,
1083 1655 1197 1707 χωρὶς
1227 1652 1347 1694 ἄλλων
1370 1657 1482 1694 τινῶν
1506 1656 1662 1706 βιβλίων
1687 1654 1899 1708 ἐναποκρύ-

400 1738 496 1772 φων.
557 1725 689 1763 Πᾶσαι
712 1721 753 1762 δὲ
775 1716 888 1762 αῦται
909 1721 1007 1774 ἱεραὶ
1028 1723 1152 1773 βίβλοι
1171 1719 1238 1762 τὸν
1257 1719 1501 1772 Ἰουδαϊσμὸν
1524 1723 1736 1772 ἐδίδασκον,
1768 1724 1832 1763 καὶ
1854 1721 1900 1763 τά

398 1793 468 1830 τοῦ
489 1787 613 1840 νόμου
635 1787 882 1843 φυλάγματα,
921 1790 991 1836 ἕως
1011 1792 1080 1841 τῆς
1099 1792 1166 1829 τοῦ
1191 1791 1329 1843 κυρίου
1350 1786 1459 1841 ἡμῶν
1478 1787 1610 1841 Ἰησοῦ
1636 1794 1807 1844 Χριστοῦ
1828 1807 1898 1831 πα-

401 1858 577 1909 ρουσίας,
616 1857 679 1896 καὶ
709 1861 835 1904 καλῶς
859 1857 1042 1908 ἐφέροντο
1067 1855 1422 1910 παιδαγωγούμενοι
1452 1857 1492 1897 ἐν
1523 1860 1575 1912 τῷ
1599 1855 1724 1913 νόμῳ,
1764 1858 1799 1897 εἰ
1821 1858 1897 1898 ἐδέ-

399 1925 509 1972 ξαντο
541 1922 608 1964 τόν
642 1923 810 1977 Χριστὸν
838 1922 904 1964 τὸν
933 1921 1010 1964 ὗπό
1044 1927 1112 1964 τοῦ
1144 1926 1411 1978 παιδαγωγοῦ,
1450 1924 1550 1975 φημὶ
1584 1924 1625 1964 δὲ
1661 1929 1728 1965 τοῦ
1759 1923 1897 1976 νόμου,

400 1987 533 2039 αὐτοῖς
551 1992 869 2045 προκηρυχθέντα
888 2007 925 2031 τε
949 1991 1012 2031 καὶ
1036 1992 1366 2044 προφητευθέντα,
1390 1992 1452 2031 ἵνα
1474 1989 1671 2043 δεξάμενοι
1692 1989 1812 2032 αὐτοῦ
1828 1990 1899 2044 τὴν

398 2056 567 2110 θεότητα
595 2059 660 2099 καὶ
688 2056 758 2111 τήν
787 2060 970 2112 ἔνσαρκον
999 2056 1118 2099 αὐτοῦ
1142 2061 1358 2113 παρουσίαν
1384 2056 1581 2110 μάθωσιν,
1623 2057 1670 2099 οὐ
1692 2057 1897 2100 κατάλυσιν

399 2123 543 2177 νόμου,
574 2124 665 2166 ἄλλα
689 2125 758 2178 τήν
780 2130 849 2167 τοῦ
871 2125 993 2178 νόμου
1014 2125 1217 2180 πλήρωσιν.
1273 2124 1436 2178 Ἐπειδὴ
1462 2127 1500 2166 οἰ
1517 2124 1631 2166 τύποι
1655 2127 1693 2166 ἐν
1715 2130 1767 2182 τῷ
1791 2125 1896 2182 νόμῳ

397 2187 516 2245 ἦσαν,
554 2211 579 2245 η
604 2193 644 2234 δὲ
666 2192 829 2246 ἀλήθεια
852 2195 893 2235 έν
913 2199 966 2250 τῷ
988 2191 1198 2250 ευαγγελίῳ.
1254 2192 1368 2234 Ἐκεῖ
1384 2211 1454 2248 γαρ
1477 2211 1502 2245 η
1525 2209 1709 2246 περιτομη
1733 2207 1895 2247 σαρκικη

400 2258 668 2331 ὑπηρετησασα
691 2260 814 2317 χρόνω
844 2262 915 2309 ε’ως
941 2265 1007 2313 τῆς
1030 2260 1190 2314 μεγάλης
1209 2278 1438 2341 περιτομης,
1475 2261 1640 2302 τουτέστι
1671 2265 1739 2301 τοῦ
1763 2263 1895 2312 βαπτί-

400 2341 541 2380 σματος
570 2323 639 2370 τοῦ
661 2329 950 2382 περιτέμνοντος
970 2326 1072 2380 ἡμᾶς
1094 2326 1170 2369 α’πὸ
1194 2327 1494 2381 αμαρτημάτων,
1529 2328 1594 2369 καὶ
1619 2330 1898 2382 σφραγίσαντος

399 2393 500 2447 ἡμᾶς
527 2398 580 2444 εἰς
612 2395 733 2448 ὄνομα
759 2401 870 2438 θεοῦ
929 2397 1007 2436 Και
1033 2397 1083 2447 ἠν
1115 2397 1195 2437 ἐκεῖ
1218 2396 1432 2449 σάββατον,
1470 2396 1624 2448 κατέχον
1647 2393 1748 2446 ημᾶς
1771 2396 1823 2443 εἰς
1852 2412 1892 2436 το

399 2463 494 2516 μέγα
511 2462 718 2516 σάββατον,
748 2464 939 2505 τουτέστιν
959 2465 1012 2511 εἷς
1033 2461 1251 2504 α’νάπαυσιν
1276 2467 1457 2518 Χριστοῦ,
1486 2464 1549 2504 ἵνα
1569 2464 1609 2504 ἐν
1633 2466 1785 2518 Χριστῷ
1804 2464 1894 2514 σαβ-

399 2533 610 2583 βατίσωμεν
630 2529 706 2572 άπὸ
728 2529 1019 2584 ἁμαρτημάτων.
1061 2531 1138 2571 Καὶ
1159 2526 1207 2583 ἧν
1226 2533 1306 2572 ἐκεῖ
1322 2531 1517 2583 πρόβατον
1533 2529 1669 2584 ἄλογον
1688 2527 1896 2581 θυόμενον,

399 2601 651 2653 καθοδηγοῦν
671 2597 772 2651 ἡμᾶς
794 2601 846 2646 εἰς
862 2597 904 2640 τὸ
926 2600 1020 2653 μέγα
1040 2597 1236 2653 πρόβατον
1254 2600 1317 2639 καὶ
1340 2597 1568 2652 ἐπουράνιον
1589 2595 1684 2651 ’ὑπὲρ
1705 2594 1814 2648 ἡμῶν
1832 2598 1897 2637 καὶ

399 2663 494 2718 ’ὑπὲρ
523 2665 614 2707 ’ὅλου
640 2672 712 2707 τοῦ
739 2666 888 2719 κόσμου
918 2667 1047 2707 τυθέν.
1108 2667 1185 2706 Καὶ
1211 2661 1260 2718 ἦν
1286 2667 1367 2707 ἐκεῖ
1390 2664 1672 2712 άποδεκάτωσις
1697 2662 1896 2715 άσφαλιζο-

400 2733 514 2784 μένη,
542 2735 605 2774 ἵνα
630 2732 680 2786 μὴ
705 2733 810 2791 λάθῃ
834 2732 935 2786 ἡμᾶς
958 2733 999 2775 τό
1027 2735 1141 2783 ἰῶτα,
1172 2731 1198 2785 ἦ
1223 2732 1356 2784 δεκάς,
1385 2732 1426 2774 τὸ
1452 2737 1604 2787 πρῶτον
1625 2736 1805 2783 στοιχεῖον
1829 2735 1897 2771 τοῦ

400 2797 531 2852 Ἰησοῦ
561 2799 758 2853 ὀνόματος.

516 2866 627 2908 Ἐπεὶ
657 2863 727 2908 οῦν
755 2873 806 2925 τῷ
836 2867 941 2925 τύπῳ
970 2867 1168 2921 ἤχθησαν,
1211 2869 1277 2909 καὶ
1308 2867 1380 2909 οὐκ
1415 2868 1595 2918 ἔφθασαν
1628 2866 1682 2913 εἰς
1711 2866 1897 2905 τελείωσιν

401 2934 469 2989 τὴν
505 2933 569 2976 διά
605 2935 724 2987 νόμου
762 2937 825 2977 καὶ
862 2940 1074 2991 προφητῶν
1109 2935 1174 2977 καὶ
1213 2934 1332 2977 ἄλλων
1369 2935 1432 2976 καὶ
1469 2931 1595 2985 πάσης
1624 2934 1758 2985 βίβλου
1787 2947 1894 2984 κεκη-
