2034 3267
1087 108 1106 128 d

459 236 635 267 PANARH
659 236 741 266 ΜΒ.
761 237 786 266 1.
812 236 919 268 TOM.
939 237 978 267 11.
1004 235 1132 266 ΗΑΕΒ.
1154 236 1283 268 xxlv.
1547 229 1624 267 149

104 331 177 370 quo
203 330 285 355 cuni
311 314 454 355 caeteri
482 314 700 354 nniversam
724 314 761 354 in
784 313 1023 367 Angelorum
1047 314 1324 354 multitudinem
1349 314 1485 355 sortito
1515 330 1622 356 mun-

103 385 188 424 dum
212 383 509 430 distribuerunt3
555 396 607 421 ex
637 396 710 435 quo
736 382 875 420 factum
911 389 970 420 cst
1000 389 1038 421 ut
1062 381 1116 421 illi
1145 380 1373 422 Iudaeorum
1400 396 1522 436 genus
1553 385 1619 423 ob-

101 450 265 491 veniret.
322 448 388 490 Sic
411 451 707 503 omnipotentem
732 448 796 487 ille
820 448 1012 487 dominum
1036 462 1168 488 verum
1195 463 1240 488 ac
1268 450 1389 489 solum
1415 451 1524 490 deum
1549 465 1619 490 nec

100 518 213 558 alium
242 516 518 557 contumeliose
552 523 735 570 appetens
767 515 859 566 (uos
890 515 989 553 enim
1015 516 1177 554 eundem
1204 516 1346 556 domini
1378 519 1500 557 nostri
1532 518 1619 559 lesu

99 583 245 626 Christi
274 593 418 639 patrem
442 584 686 633 confitemur)
713 581 812 620 hunc
835 582 988 634 inquam
1012 581 1209 635 abnegans
1230 597 1346 623 unum
1371 598 1423 624 ex
1446 585 1493 625 iis
1524 599 1619 639 quos

99 653 264 707 appellat
288 652 449 705 Angelis
478 649 689 699 constituit,
724 655 764 687 ut
787 655 847 689 est.
872 661 892 687 a
918 648 1028 687 nobis
1053 655 1265 689 ostensum.
1321 648 1427 704 Ergo
1454 649 1618 692 Iudaeos

98 721 235 760 sortito
261 720 313 759 illi
346 718 553 771 contigisse
579 715 714 766 tradit,
748 728 858 768 quein
885 722 922 754 et
944 715 1058 768 longe
1081 715 1239 769 reliquis
1265 715 1426 769 Angelis
1449 721 1620 772 praefra-

99 787 257 827 ctiorem
283 801 393 835 esse,
439 799 482 825 ac
512 783 649 823 virium
686 796 839 822 suarum
871 781 1032 822 audacia
1066 783 1204 822 fretum
1230 781 1429 824 lsrae'litas
1464 798 1515 825 ex
1539 788 1618 826 Ae-

99 862 215 908 gypto
243 854 452 902 liberasse,
487 850 583 904 quod
613 848 778 889 caeteris
806 849 851 889 ad
876 849 1089 888 audendum
1113 850 1283 903 paratior
1301 851 1616 907 pervicaciorque

99 923 212 961 foret.
273 923 399 974 Atque
426 932 477 958 ex
503 917 636 957 eadem
671 916 890 968 arrogantia
917 917 1059 956 factum
1083 924 1142 956 est
1178 916 1229 956 nti
1264 931 1332 971 per
1363 931 1548 959 summam
1578 921 1615 960 in

100 989 208 1029 deum
239 984 540 1028 maledicentiam
575 983 849 1038 praestigiator
882 983 946 1023 ille
984 991 1138 1034 narrat,
1181 984 1279 1023 idem
1316 992 1357 1025 ut
1389 983 1616 1027 ludaeorum

100 1057 192 1096 deus
216 1056 380 1108 reliquas
407 1052 582 1092 nationes
615 1051 695 1091 suis
727 1051 820 1105 ipsis
843 1050 1031 1091 Israelitis
1054 1052 1172 1091 vellet
1198 1052 1414 1102 subiicere,
1457 1067 1617 1108 eamque

100 1124 146 1163 ob
170 1136 340 1163 caussam
372 1119 470 1159 bella
493 1118 720 1159 concitaret.
783 1117 886 1159 Sunt
910 1126 948 1158 et
973 1119 1046 1158 alia
1071 1119 1177 1173 plura
1205 1133 1301 1172 quae
1325 1120 1455 1160 laxata
1483 1129 1616 1161 contra

100 1192 207 1230 deum
232 1189 359 1240 lingua
382 1187 559 1240 elatoque
587 1200 654 1226 ore
678 1186 917 1226 miserrimus
946 1186 1152 1226 homuncio
1184 1186 1328 1227 iactare
1363 1201 1438 1228 non
1465 1195 1525 1228 est
1549 1203 1617 1229 ve-

98 1259 206 1297 ritus.
268 1254 394 1294 Veluti
428 1268 512 1294 cum
552 1254 656 1293 addit
686 1263 891 1308 propterea
929 1254 1106 1294 nationes
1138 1254 1305 1308 reliquas
1339 1269 1422 1294 cum
1455 1255 1618 1296 Iudaeo-

97 1338 177 1363 rum
206 1329 320 1375 gente
350 1322 448 1361 bella
471 1322 665 1376 gessisse,
700 1335 859 1375 eamque
882 1321 1053 1376 plurimis
1077 1322 1258 1362 affecisse
1285 1323 1418 1373 malis,
1452 1323 1499 1363 ob
1524 1324 1617 1364 alio-

96 1405 176 1430 rum
200 1389 440 1444 Angelorum
476 1389 654 1429 videlicet
684 1389 891 1438 invidiam,
936 1389 998 1443 qui
1031 1389 1130 1443 quod
1170 1389 1215 1428 ah
1246 1388 1311 1429 illo
1350 1391 1542 1431 contemni
1574 1406 1616 1431 se

93 1458 268 1497 viderent
298 1457 478 1496 commoti
518 1471 624 1496 suam
657 1456 817 1510 quisque
859 1463 1014 1508 gentem
1054 1464 1189 1496 contra
1222 1454 1420 1497 lsra'e'litas
1458 1458 1617 1513 impule-

93 1531 195 1565 runt.
259 1523 428 1578 indeque
462 1525 603 1564 factum
634 1531 694 1564 est
731 1532 773 1564 ut
810 1531 994 1578 perpetua
1033 1523 1072 1563 in
1110 1524 1180 1564 hos
1219 1523 1318 1563 bella
1358 1526 1615 1580 tumultusque

93 1592 272 1633 concitati
303 1592 459 1632 fuerint.

202 1658 403 1700 Eiusmodi
426 1666 485 1699 est
511 1667 598 1714 apta
623 1659 685 1699 illa
710 1660 754 1700 ad
781 1659 1087 1714 persuadendum
1109 1660 1332 1714 impostoris
1364 1662 1503 1702 oratio.
1539 1660 1614 1714 Qui
1642 1675 1721 1719 Cap.
1740 1679 1792 1710 m,

94 1727 206 1767 etiam
241 1727 286 1766 de
314 1724 471 1767 Christo
498 1727 655 1781 perinde
687 1728 828 1778 sentit,
871 1727 1002 1782 specie
1033 1734 1144 1767 tenus
1170 1728 1357 1768 duntaxat
1389 1729 1615 1769 mortalibus

94 1793 332 1849 apparuisse.
396 1792 546 1849 Quippe
572 1795 669 1848 quod
695 1795 732 1834 in
761 1808 806 1834 eo
834 1794 1086 1845 cernebatur,
1121 1794 1212 1834 nihil
1235 1803 1387 1849 praeter
1411 1796 1614 1850 imaginem

94 1862 238 1913 l'uisse3
263 1875 386 1915 neque
408 1876 501 1902 vero
525 1869 590 1902 aut
611 1861 801 1901 hominem
826 1862 1006 1902 extitisse
1028 1870 1095 1902 aut.
1115 1877 1268 1902 carnem
1293 1863 1479 1903 induisse.
1514 1862 1613 1905 Sub-

92 1929 172 1969 iicit
200 1936 238 1969 et
261 1929 373 1969 aliam
397 1930 503 1969 velut
524 1929 562 1969 in
591 1944 707 1970 scena
735 1929 896 1969 fabulam
921 1930 1114 1970 secundus
1140 1930 1291 1981 histrio,
1325 1945 1408 1970 cum
1433 1932 1479 1970 de
1501 1930 1614 1972 Chri-

92 1996 141 2037 sti
167 2010 280 2037 eruce
305 1996 487 2051 disputat.
548 1997 678 2050 Negat
705 1997 805 2036 enim
833 1995 961 2037 lesum
990 2011 1078 2038 esse
1110 2012 1286 2051 passum,
1327 1999 1395 2038 sed
1430 1998 1612 2039 vicarium

93 2064 127 2104 ei
156 2062 353 2105 Simonem
378 2062 625 2119 Cyrenaeum
651 2064 861 2104 substituit.
923 2054 1011 2118 Quo
1046 2065 1146 2105 enim
1182 2072 1354 2120 tempore
1382 2064 1613 2121 Hierosoly-

92 2131 162 2172 mis
191 2131 366 2172 dominus
391 2132 537 2172 eiectus
563 2139 643 2182 est,
687 2139 727 2172 ut
757 2132 795 2172 in
817 2132 1018 2186 evangelio
1051 2133 1235 2188 scriptum
1261 2141 1343 2184 est,
1384 2134 1816 2187 angariave-Marc.15‚21.

92 2206 180 2239 runt
205 2198 402 2240 Simonem
426 2200 612 2253 quendam
638 2197 883 2254 Cyrenaeum
909 2208 948 2240 ut
972 2202 1091 2241 ferret
1119 2215 1288 2241 crucem.
1351 2200 1416 2241 Ex
1445 2215 1520 2254 quo
1552 2216 1613 2241 ca-

91 2266 247 2307 villandi
274 2267 604 2320 concinnandique
632 2267 795 2307 fabulam
820 2281 926 2308 suam
957 2269 1201 2308 occasionem
1226 2268 1401 2334 arripuit,
1436 2269 1612 2309 nimirum

93 2332 288 2374 Christum
314 2332 536 2384 Simonem,
570 2348 653 2374 cum
676 2335 709 2374 is
733 2349 884 2375 crucem
905 2343 1098 2390 portaret,
1131 2336 1170 2376 in
1197 2350 1303 2376 suam
1335 2343 1610 2387 commutasse,

92 2401 251 2455 eiusque
271 2402 440 2442 vicissim
465 2401 636 2441 induisse
667 2402 827 2442 formam
857 2403 984 2457 itaque
1007 2401 1208 2444 Simonem
1239 2404 1284 2443 ad
1316 2403 1442 2444 crucis
1472 2404 1614 2459 suppli-

92 2469 188 2509 cium
220 2483 291 2509 suo
321 2470 408 2509 loco
439 2468 656 2509 tradidisse.
720 2467 797 2521 Qui
828 2471 913 2510 dum
946 2471 983 2510 in
1024 2485 1138 2511 cruce
1177 2471 1388 2524 suffigitur,
1433 2469 1560 2511 lesum
1591 2487 1610 2511 a

93 2537 243 2576 nemine
281 2544 551 2591 conspectum,
595 2550 738 2590 eosque
769 2537 831 2590 qui
870 2535 1066 2578 Simonem
1106 2539 1327 2592 suffigerent
1356 2539 1610 2586 deridentem,

93 2618 144 2644 ex
173 2604 336 2644 adverso
368 2603 604 2644 constitisse.
667 2603 768 2643 Tum
794 2605 839 2644 ad
861 2619 1023 2660 superos
1045 2620 1132 2646 esse
1157 2606 1399 2657 subvectum,
1434 2621 1517 2646 cum
1544 2621 1612 2660 pro

93 2684 134 2710 se
157 2671 344 2725 figendum
363 2669 559 2711 Simonem
587 2671 864 2723 substituisset,
897 2673 1066 2727 nihilque
1091 2673 1188 2713 adeo
1212 2687 1436 2728 perpessum
1460 2674 1498 2713 in
1524 2687 1614 2713 coe-

93 2737 166 2777 lum
194 2739 387 2779 evolasse.
440 2736 593 2778 Interea
616 2736 766 2788 Simon,
799 2753 875 2780 non
896 2737 1076 2781 Christus
1098 2741 1136 2780 in
1162 2754 1315 2781 crucem
1340 2740 1512 2781 sublatus
1537 2749 1610 2781 est.

95 2802 202 2845 lesus
225 2807 342 2856 enim,
370 2807 436 2855 ait,
466 2806 503 2845 in
528 2807 675 2846 coelum
705 2814 862 2847 evectus
877 2806 1052 2849 Virtutes
1076 2822 1210 2848 omnes
1237 2809 1468 2863 penetravit,
1492 2809 1614 2848 donec

95 2923 208 2960 τούτου
233 2926 327 2961 ἕνεκα
351 2931 417 2961 cod.
441 2931 565 2969 Rhediy
588 2934 612 2961 et
634 2931 707 2961 editi
728 2932 805 2961 libri.
875 2942 986 2973 φωσεν
1009 2936 1119 2973 reliqui
1141 2935 1220 2964 libri.

141 2970 216 3002 Cn.
240 2974 295 3004 111.
330 2993 374 2998 —
425 2976 453 3007 1.
491 2986 531 3016 με
533 2974 830 3026 ταμεμορφωκένα.
918 2978 950 3009 2.
973 2977 1246 3020 παραδεδωκέναι
1271 2980 1337 3009 cod.
1365 2981 1460 3010 Vatic.
1490 2983 1515 3010 et
1546 2981 1615 3009 edit.

95 3017 158 3047 cod.
187 3018 279 3049 Vatic.
302 3022 328 3050 ct
348 3020 417 3051 inde
437 3021 483 3051 ed.
506 3022 611 3051 Petav.
659 3030 699 3061 με
701 3016 828 3062 ταμόρ-
874 3024 1004 3054 petavii.
1040 3023 1225 3065 παρέδωκε.
1242 3024 1307 3055 cod.
1334 3025 1458 3063 Rhediy.
