2034 3267
147 244 235 287 Κεφ.
259 241 301 286 γ’.

184 1686 252 1715 pag.
271 1677 311 1704 58.

275 2401 303 2438 01,

327 161 401 200 12ss
879 161 1036 195 SANGTI
1060 160 1278 192 EP11²HAN11

429 238 502 284 ςΗν
523 242 564 282 δὲ
589 239 686 290 αὕτη
709 236 792 278 τότε
813 235 839 289 ἡ
862 238 926 278 ἐπὶ
948 242 1028 284 τοῖς
1038 235 1204 288 ΓἘλλησί
1226 252 1265 276 τε
1289 237 1356 277 καὶ
1382 239 1529 292 Τρωσὶ,
1559 239 1626 279 καὶ
1647 235 1832 279 άνωτάτω

322 310 437 366 πρινή
459 309 525 351 τόν
548 306 694 358 κόσμον
715 305 915 359 γενέσθαι,
958 305 1024 344 καὶ
1057 301 1149 355 μετὰ
1179 301 1248 343 τὸν
1276 301 1422 354 κόσμον
1452 304 1516 346 διά
1545 310 1624 347 τῶν
1656 303 1834 360 άοράτων

325 377 528 430 δυνάμεων
549 373 593 414 τοὶ
615 376 678 414 ἴσα
699 371 864 413 ἰσότυπα
880 376 1126 423 πεποιηκυῖα.
1185 369 1296 422 Αῧτη
1317 371 1358 410 δέ
1380 371 1479 412 ἐστιν
1500 371 1526 425 ἦ
1545 378 1618 414 νῦν
1638 372 1710 414 σύν
1732 372 1832 425 ἐμοὶ,

324 447 391 487 καὶ
425 441 488 483 δια
524 440 666 493 ταύτην
693 438 953 492 κατελήλυθα,
995 439 1062 479 καὶ
1092 437 1187 490 αὕτη
1219 437 1259 478 δὲ
1293 437 1508 492 προςεδόκα
1537 438 1606 493 τὴν
1637 439 1733 493 ἐμὴν
1763 456 1836 480 πα-

884 504 929 520 RN

324 513 492 566 ρουσίαν.
523 507 635 561 Αὕτη
656 506 727 563 γάρ
748 509 847 548 ἐστιν
869 524 894 559 η
932 511 1093 556 Εννοια,
1116 503 1142 558 ἦ
1160 503 1250 560 παρ’
1269 502 1424 561 Ὁμήρῳ
1441 502 1580 559 Ἐλένη
1602 507 1834 559 καλουμένη·

322 579 388 619 καὶ
411 575 549 618 τούτου
575 577 702 617 ἕνεκεν
725 572 974 629 ἀναγκάζεται
1000 571 1120 626 αὐτὴν
1152 571 1569 627 διαγράφειν”Ὀμηρος
1592 575 1656 614 ἐπὶ
1682 573 1834 628 πύργου

1292 639 1361 653 „el

322 645 539 697 ἓστηκέναι,
569 645 633 685 καὶ
658 642 724 684 διὰ
753 640 952 693 λαμπάδος
979 639 1216 692 ὑποφαίνειν
1244 657 1325 688 τοις
1364 644 1508 692 Ελλησι
1535 638 1604 693 τὴν
1635 640 1730 682 κατὰ
1759 645 1837 681 τῶν

327 716 498 766 Φρυγῶν
516 709 739 764 ἐπιβουλήν.
795 707 1092 763 Ἐχαρακτήριζε
1114 709 1154 749 δὲ
1174 707 1237 749 διὰ
1259 713 1327 760 τῆς
1347 705 1615 760 λαμπηδόνος,
1648 705 1699 756 ῶς
1723 709 1835 761 ἔφην,

322 779 392 832 τήν
417 784 486 821 τοῦ
518 778 672 820 ἄνωθεν
705 776 835 829 φωτός
869 778 1036 826 ἔνδειξιν.
1095 775 1169 817 Διὸ
1200 777 1266 816 καὶ
1297 775 1364 817 τόν
1389 773 1478 829 παρ’
1500 773 1654 831 Ὁμήρῳ
1680 774 1838 829 δούριον

321 850 445 889 ἵππον
478 847 809 899 μεμηχανημένον,
851 843 896 885 ὃν
926 847 1142 896 νομίζουσιν
1161 843 1353 896 ’Έλληνες
1387 845 1561 895 ἐπίτηδες
1593 846 1838 897 γεγενῆσθαι,

324 917 424 970 ἔλεγε
445 913 560 956 πάλιν
587 912 610 955 ό
638 913 733 968 γόης
766 912 824 954 ὅτι
848 910 982 967 ἅγνοιά
1006 913 1081 953 ε’στι
1107 915 1183 953 τῶν
1202 913 1351 961 ἐθνῶν,
1382 911 1447 951 καὶ
1471 908 1522 959 ῶς
1544 912 1584 952 οἱ
1608 908 1760 965 Φρύγες
1785 911 1841 951 ἕλ-

326 999 458 1031 κοντες
494 979 613 1023 αύτὸν
647 980 782 1036 ἀγνοίᾳ
817 979 883 1021 τὸν
913 981 1013 1021 ἴδιον
1044 978 1209 1033 ὄλεθρον
1240 977 1524 1027 ἐπεσπάσαντο,
1564 976 1666 1019 οὕτω
1695 978 1762 1019 καὶ
1793 975 1842 1017 τὰ

327 1052 440 1102 ἔθνη,
461 1049 654 1091 τουτέστιν
678 1051 718 1089 οἱ
736 1047 957 1102 ἅνθρωποι,
981 1045 1090 1095 ἐκτὸς
1109 1051 1178 1099 τῆς
1200 1048 1293 1098 ε’μῆς
1312 1044 1488 1100 γνώσεως
1511 1043 1575 1086 διοὶ
1596 1049 1665 1098 τῆς
1685 1043 1843 1100 ἀγνοίας

327 1120 501 1160 ἕλκουσιν
523 1117 673 1164 ἑαυτοῖς
692 1114 762 1168 τὴν
790 1114 992 1156 ἀπώλειαν.
1047 1112 1158 1154 Ἀλλοὶ
1188 1115 1254 1154 καὶ
1279 1112 1452 1165 Ἀθηνᾶν
1475 1111 1591 1154 πάλιν
1618 1112 1689 1166 τὴν
1722 1110 1843 1165 αὐτὴν

738 1182 805 1196 ..51

327 1188 428 1240 ἔλεγε
448 1183 517 1237 τήν
541 1182 628 1238 παρ’
652 1182 778 1224 αὐτων
808 1188 979 1224 Εννοιαν
998 1182 1259 1234 καλουμένην,
1289 1179 1482 1235 χρώμενος
1503 1182 1625 1233 δῆθεν
1654 1179 1676 1221 ὁ
1700 1178 1844 1227 πλάνος

326 1260 410 1302 ταῖς
431 1257 501 1294 τοῦ
520 1250 633 1305 οἷγίου
649 1249 865 1291 άποστόλου
892 1248 1053 1290 Παύλου
1078 1254 1242 1299 φωναῖς,
1273 1252 1490 1300 μεταποιῶν
1508 1264 1545 1288 τε
1564 1246 1632 1300 τήν
1655 1246 1843 1300 ἀλήθειαν

330 1323 383 1369 εἷς
409 1319 451 1361 τὸ
479 1317 600 1360 αὐτοῦ
625 1320 794 1368 ψεῦδος,
824 1315 890 1366 τὸ,
918 1314 1170 1356 Ἐνδύσασθε
1196 1315 1263 1356 τὸν
1284 1313 1451 1367 θώρακα
1473 1320 1542 1367 τῆς
1565 1318 1746 1365 πίστεως,
1777 1315 1844 1355 καὶ

329 1387 399 1441 τὴν
424 1387 727 1440 περικεφαλαίαν
755 1388 824 1424 τοῦ
860 1385 1070 1436 σωτηρίου,
1110 1384 1176 1423 καὶ
1204 1384 1415 1435 κνημῖδας,
1453 1383 1519 1423 καὶ
1540 1382 1748 1436 μάχαιραν,
1779 1382 1845 1423 καὶ

329 1454 498 1509 θυρεόν·
528 1457 648 1493 ταῦτα
669 1451 795 1492 πάντα
819 1452 883 1492 ἐπὶ
907 1455 974 1502 τῆς
992 1454 1062 1490 τοῦ
1092 1453 1342 1497 Φιλιστίωνος
1362 1453 1585 1504 μιμολογίας
1605 1448 1627 1492 ὁ
1650 1447 1841 1499 άπατεῶν,

331 1522 376 1564 τά
394 1521 470 1563 ὑπὸ
494 1526 564 1562 τοῦ
589 1518 804 1560 ἀποστόλου
827 1519 1007 1573 εἰρημένα
1032 1516 1096 1558 δια
1115 1517 1266 1572 στερεὸν
1286 1516 1466 1572 λογισμόν
1485 1519 1550 1558 καὶ
1576 1521 1702 1559 πίστιν
1723 1515 1845 1572 ἇγνῆς

333 1589 580 1643 ἀναστροφῆς
604 1588 667 1628 καὶ
693 1585 858 1639 δύναμιν
881 1589 994 1626 θείου
1016 1586 1132 1640 λόγου
1156 1586 1220 1626 καὶ
1245 1586 1499 1640 ἐπουρανίου,
1531 1587 1583 1633 εἰς
1604 1584 1740 1638 χλεύην
1768 1589 1845 1625 λοι-

332 1657 407 1700 πὸν
431 1657 497 1698 καὶ
529 1654 641 1697 οὐδὲν
671 1655 797 1707 ἕτερον
824 1654 1105 1707 μεταστρέφων.
1173 1658 1185 1680 ¹
1204 1656 1248 1694 Τί
1273 1651 1365 1707 γάρ,·
1406 1654 1523 1705 φησὶ,
1560 1658 1688 1694 Ταῦτα
1717 1651 1845 1693 πάντα

334 1727 387 1774 εἰς
410 1723 580 1776 Ἀθηνᾶς
613 1721 762 1770 τύπους
791 1723 1068 1774 μυστηριωδῶς
1099 1719 1327 1773 ἐσχημάτιζε.
1385 1719 1458 1761 Ano*
1481 1719 1595 1761 πάλιν
1619 1722 1760 1775 ἔλεγεν,
1793 1717 1846 1768 ὥς

335 1798 545 1847 προεῖπον,
576 1788 809 1841 ὑποφαίνων
839 1790 986 1841 ἐκείνην
1011 1787 1080 1840 τὴν
1100 1787 1175 1840 μετ’
1197 1786 1316 1829 αὐτοῦ
1335 1793 1497 1842 γυναῖκα
1517 1785 1584 1840 τὴν
1606 1786 1683 1829 davd
1714 1786 1846 1842 Τύρου

334 1865 553 1914 ληφθεῖσαν
580 1856 705 1914 αύτῷ,
736 1856 805 1909 τὴν
831 1854 1037 1909 ὁμώνυμον
1060 1861 1128 1908 τῆς
1157 1860 1321 1904 παλαιᾶς
1338 1853 1509 1907 Ἑλένης,
1539 1854 1585 1896 τοὶ
1611 1854 1736 1896 πάντα
1756 1853 1846 1897 ταύ-

337 1945 406 1980 την
426 1931 574 1975 καλῶν,
611 1926 677 1966 καὶ
692 1923 903 1974 ”Εννοιαν,
946 1925 1009 1964 καὶ
1032 1922 1224 1976 Ἀθηνᾶν’,
1264 1925 1330 1965 καὶ
1352 1921 1534 1975 ΓΕλένην,
1573 1924 1639 1964 καὶ
1666 1922 1714 1964 τοὶ
1742 1922 1845 1965 ἅλλα.

340 1996 417 2035 Καὶ
441 1992 505 2035 δια
525 1992 684 2045 ταύτην,
717 1993 834 2045 φησὶ,
865 1992 1130 2044 καταβέβηκα·
1171 1996 1285 2032 τοῦτο
1307 1989 1379 2046 γάρ
1411 1991 1489 2031 ε’στι
1519 1989 1561 2031 τὸ
1583 1992 1848 2045 γεγραμμένον

337 2065 378 2104 ἐν
399 2066 449 2119 τῷ
471 2059 671 2117 εὐαγγελίῳ
692 2058 733 2101 τὸ
761 2058 958 2113 πρόβατον
978 2057 1019 2099 τὸ
1044 2060 1348 2112 πεπλανημένον.
1393 2056 1502 2098 Ἀλλᾶ
1520 2059 1586 2098 καὶ
1607 2058 1740 2100 εἰκόνα
1761 2057 1848 2100 τινὰ

337 2130 588 2184 παραδέδωκε
615 2133 697 2175 τοῖς
728 2125 872 2176 αὐτοῦ,
914 2124 967 2174 ὥς
989 2128 1110 2178 δῆθεν
1140 2125 1261 2168 αὐτοῦ
1286 2121 1425 2176 οὖσαν,
1465 2127 1531 2166 καὶ
1563 2130 1847 2179 προςκυνοῦσιν

340 2196 461 2250 αὐτὴν
495 2198 535 2238 έν
565 2197 656 2236 εἴδει
678 2193 785 2243 Διός.
832 2192 974 2246 ’Ἄλλην
1003 2194 1042 2234 δὲ
1077 2192 1256 2242 ῶςαύτως
1280 2192 1439 2246 ”Ελένης
1469 2192 1600 2234 εἰκόνα
1623 2194 1848 2247 παρέδωκεν

340 2263 471 2314 αὐτοῖς
505 2265 546 2305 ἐν
577 2261 739 2315 σχήματι
762 2260 958 2315 Ἀθηνᾶς,
1000 2262 1066 2303 καὶ
1096 2266 1357 2316 προςκυνοῦσι
1377 2259 1515 2309 ταύτας
1544 2263 1583 2302 οί
1602 2260 1700 2316 πρὸς
1730 2259 1850 2303 αὐτοῦ

340 2331 590 2386 ἠπατημένοι.

457 2397 694 2452 1Μυστήρια
718 2398 759 2439 δὲ
783 2394 950 2438 ὑπέθετο
974 2396 1238 2451 αἰσχρότητος,
1269 2395 1416 2451 ῥύσεως
1439 2413 1478 2437 τε
1504 2394 1710 2448 σωμάτων,
1743 2394 1851 2443 ὅπως

344 2466 569 2521 σεμνότερον
601 2464 873 2520 ὑφηγήσομαι,
912 2462 1063 2519 ἀνδρῶν
1095 2465 1163 2516 μὲν
1199 2463 1263 2505 δια
1296 2469 1363 2517 τῆς
1393 2462 1626 2518 ἀπορροίας,
1657 2467 1851 2517 γυναικῶν

345 2535 385 2576 δὲ
407 2533 470 2575 διὰ
496 2538 572 2575 τῶν
597 2531 678 2574 κατ’
704 2532 886 2585 ε’θισμὸν,
914 2536 991 2573 τῶν
1015 2533 1228 2584 ε’μμηνίων,
1260 2536 1422 2589 συλλογῇ
1447 2548 1521 2572 τινι
1540 2529 1767 2587 αἰσχροτάτη
1797 2531 1852 2578 εἰς

346 2600 534 2655 μυστήρια
569 2600 819 2655 συνάγεσθαι·
862 2600 924 2640 καὶ
961 2603 1080 2641 ταῦτα
1109 2597 1204 2639 εἶναι
1237 2598 1426 2653 μυστήρια
1453 2603 1570 2651 ζωῆς,
1607 2596 1785 2652 γνώσεώς
1813 2613 1852 2637 τε

346 2674 412 2721 τῆς
433 2667 677 2721 τελειοτάτης.
704 2667 828 2721 ’Όπερ
849 2666 1006 2720 μάλιστα
1026 2664 1186 2719 ὑπάρχει
1207 2671 1258 2722 τῷ
1279 2665 1349 2720 τὴν
1370 2665 1521 2707 σύνεσιν
1541 2666 1582 2707 έκ
1601 2669 1699 2706 θεοῦ
1720 2680 1850 2716 κεκτη-

347 2737 448 2793 μένῳ
474 2738 675 2789 βδελυρίαν
707 2740 847 2788 μᾶλλον
875 2732 1055 2788 ἡγεῖσθαι
1084 2734 1150 2774 καὶ
1172 2733 1347 2775 θάνατον
1375 2732 1471 2787 ἤπερ
1493 2732 1601 2786 ζωήν.
1658 2729 1852 2783 Ὀνόματα

394 2838 469 2871 CAP.
492 2839 545 2869 ΙΙΙ.
580 2856 620 2863 -
669 2839 695 2870 1.
724 2840 817 2879 Vulgo
840 2836 871 2870 τί
892 2836 954 2879 γάρ
982 2847 1078 2879 φησι,
1124 2837 1204 2867 thod.
1226 2837 1310 2868 fidei
1339 2838 1387 2868 lib.
1408 2838 1459 2875 IV,
1492 2845 1558 2875 cap.
1582 2834 1608 2867 1.
1637 2835 1673 2865 de
1705 2835 1853 2866 Gnosticis

349 2885 462 2916 ταῦτα.
1123 2882 1229 2920 refert:
1264 2882 1371 2920 „Sunt
1400 2887 1507 2912 autem
1535 2890 1649 2911 uxores
1677 2878 1740 2910 illis
1759 2889 1853 2910 com-

396 2928 472 2959 Cn.
494 2928 547 2958 IV.
572 2946 613 2951 -
659 2927 685 2958 1.
712 2929 876 2967 Epiphanii
898 2928 989 2958 verba
1008 2927 1079 2957 illu·
1124 2936 1255 2961 munes,
1292 2925 1442 2968 quodque
1473 2924 1593 2956 nnllam
1627 2934 1694 2955 non
1725 2922 1759 2955 in
1789 2922 1852 2954 illis

346 2977 444 3005 strant
466 2982 501 3004 ea
523 2982 600 3012 quae
623 2974 740 3004 Nicetes
753 2974 912 3004 Choniates
927 2973 1009 3003 Thes.
1022 2972 1079 3004 Or·
1124 2970 1309 3013 spurcitiem
1323 2977 1356 3002 et
1372 2969 1592 3013 impuritatem
1607 2967 1723 3011 arguit,
1734 2967 1766 3000 in
1781 2967 1852 3011 ipso
