2034 3267
438 157 617 188 PANARn
641 158 722 189 Ltss.
740 159 764 189 Ι.
789 158 966 190 TOM.1n.
991 158 1301 190 HAER.XXXtX.
1551 149 1630 189 529

109 237 185 286 itti,
230 234 375 277 Cainus
409 249 453 275 ac
488 233 653 287 Setbus,
697 237 920 287 habuerint,
962 237 1117 277 minime
1154 244 1214 277 est
1247 237 1467 277 obscurum.
1529 235 1632 277 Nam

112 304 258 345 Abelus
290 310 436 343 matura
467 305 634 344 nondum
664 312 790 346 aetate
821 306 994 345 sublatus
1021 312 1080 346 est
1103 320 1123 346 e
1150 306 1295 356 medio,
1342 319 1463 359 neque
1487 319 1528 346 se
1555 319 1633 346 nia-

111 372 292 412 trimonio
324 372 596 412 coniunxerat.

222 438 370 480 Extant
401 440 436 479 in
465 439 668 490 lubilacis,
712 441 774 494 qui
797 440 894 480 liber
917 439 1084 480 Genesis
1108 439 1233 481 Parva
1258 441 1418 491 dicitur,
1464 455 1629 482 uxorum

113 505 224 549 Caini
258 505 442 561 Setbique
476 508 651 558 nomina,
697 515 736 548 ut
766 508 827 561 qui
860 508 1042 547 confictas
1074 508 1159 548 illas
1193 509 1339 549 fabulas
1371 509 1408 548 in
1442 509 1634 550 bominum

111 577 227 616 vitam
259 576 495 616 invexerunt
525 577 668 631 pudore
702 575 856 615 omnino
891 575 1171 616 suffundantur.
1236 576 1388 617 Etenim
1421 592 1503 617 cum
1533 579 1636 618 Ada-

112 658 195 684 mus
227 644 424 698 utriusque
455 659 573 684 sexus
606 644 747 683 liberos
779 644 1036 697 suscepisset,
1084 658 1244 684 neeesse
1276 659 1344 699 per
1373 645 1436 685 itta
1467 653 1637 700 tempora

113 712 183 752 suit
209 718 250 752 ut
275 712 337 752 titii
363 712 602 752 matrimonia
629 725 712 751 eum
740 711 940 751 sororibus
965 711 1121 750 inirent.
1182 710 1323 766 Neque
1348 712 1382 752 id
1411 720 1493 753 erat
1518 714 1637 753 inter-

113 780 277 830 dietum3
323 788 525 835 propterea
557 779 655 833 quod
686 792 807 832 genus
838 778 938 818 aliud
971 786 1055 819 erat
1086 779 1278 819 bominum
1312 781 1470 820 nultum.
1535 780 1638 834 Quin

114 847 228 887 etiam
256 847 426 888 Adamus
458 848 539 902 ipse
572 861 656 886 cum
689 861 782 896 sua,
827 853 866 886 ut
893 847 945 886 ita
975 847 1119 898 dicam,
1164 848 1237 887 filia
1264 849 1443 902 coniugio
1471 849 1638 889 sociatus

115 923 196 965 est,
239 929 348 969 quam
381 916 425 955 de
457 915 538 955 eius
570 928 731 969 corpore
763 915 857 954 deus
890 915 1112 955 effinxerat:
1160 917 1268 956 nefas
1302 916 1402 956 enim
1438 915 1529 956 illud
1563 931 1638 956 non

116 991 212 1024 erat.
274 982 326 1022 Et
349 997 400 1022 ex
423 982 523 1022 iilius
547 982 678 1022 liberis
706 979 852 1023 Cainus
874 996 1048 1022 sororem
1074 990 1163 1023 natu
1191 984 1372 1023 maiorem
1400 983 1533 1034 duxit,
1569 983 1641 1024 Sa-

115 1065 201 1091 vem
227 1051 395 1091 nomine.
458 1048 601 1091 Seuius
625 1065 740 1105 porro
765 1050 903 1091 Adami
931 1051 1091 1091 liliorum
1117 1051 1253 1092 tertius
1279 1061 1364 1106 post
1387 1053 1550 1093 Abelum
1577 1067 1643 1107 gc-

117 1120 217 1159 nitus
241 1133 323 1158 cum
348 1118 418 1159 atta
443 1132 578 1158 sorore
603 1118 735 1158 Azura
760 1119 987 1159 coniunctus
1010 1127 1083 1159 est.
1144 1117 1319 1160 Fuerunt
1343 1128 1382 1160 et
1406 1121 1468 1160 alii
1490 1121 1643 1161 Adamo

116 1186 247 1236 liberi,
289 1193 330 1226 ut
355 1187 390 1226 iu
416 1184 544 1227 Parva
572 1187 635 1226 itta
662 1185 807 1227 Genesi
833 1188 1014 1242 scriptum
1042 1194 1122 1238 est,
1166 1202 1303 1228 novem
1330 1189 1480 1228 scilieet
1504 1203 1643 1229 seeun-

117 1255 201 1295 dum
229 1255 376 1309 priores
401 1255 487 1294 illos
519 1262 620 1304 tres,
655 1262 694 1294 ut
719 1256 755 1294 in
783 1262 901 1295 totum
930 1256 1025 1295 filias
1051 1257 1167 1306 duas,
1201 1271 1328 1297 mares
1356 1257 1554 1297 duodecim
1581 1272 1644 1298 su-

116 1322 306 1377 sceperit,
353 1337 372 1363 e
407 1322 542 1376 quibus
573 1323 724 1362 occisus
757 1337 876 1373 unus,
918 1324 1093 1363 undecim
1127 1325 1355 1378 superstites
1384 1325 1506 1365 relicti
1536 1335 1638 1366 sunt.

118 1388 227 1444 Quae
254 1391 380 1431 omnia
404 1391 441 1430 in
466 1390 601 1431 Mundi
628 1388 854 1444 Originibus
881 1405 925 1431 ac
955 1392 1075 1446 primo
1098 1390 1224 1432 Mosis
1249 1392 1443 1433 volumine
1473 1393 1529 1434 his
1557 1408 1644 1433 ver-

116 1459 174 1499 bis
197 1459 484 1513 significantur:
517 1462 570 1498 Et
594 1462 687 1498 vioez't
709 1462 832 1498 Adam
858 1463 965 1498 annis
990 1462 1284 1508 DCCCCXXX,
1319 1468 1357 1499 et
1383 1464 1519 1512 genuit
1532 1463 1644 1513 filios

116 1535 152 1566 et
169 1529 304 1579 filias,
338 1535 374 1567 et
402 1535 569 1566 mortuus
597 1535 665 1566 est.

230 1662 412 1706 Ceterum
433 1663 660 1718 amplificato
685 1663 878 1703 bominum
900 1678 1044 1717 genere
1065 1671 1255 1718 auctoque
1275 1672 1515 1720 posterorum
1537 1665 1642 1705 Ada-

117 1732 168 1772 mi
192 1746 352 1772 numero
377 1731 637 1771 honestissimi
658 1732 889 1772 matrimonii
913 1733 1045 1787 pudori
1065 1733 1370 1773 accuratioribus
1390 1734 1567 1788 paulatim
1591 1734 1645 1774 le-

117 1800 228 1854 gibus
259 1807 319 1840 est
346 1799 576 1840 consultum.
637 1797 712 1840 Ubi
740 1800 839 1839 enim
868 1801 1018 1841 Adamo
1050 1801 1114 1840 filii
1146 1815 1191 1841 ac
1219 1809 1379 1856 nepotes
1407 1802 1642 1855 obtigerunt,

119 1883 172 1910 ex
197 1868 321 1922 iisque
347 1868 444 1908 filiae
467 1867 622 1922 generis
644 1866 892 1908 successione
915 1875 1164 1923 procreatae,
1209 1877 1285 1910 tum
1313 1871 1463 1910 demum
1487 1884 1645 1911 sorores

117 1937 156 1978 in
182 1935 425 1977 matrimonio
454 1936 593 1976 habere
617 1950 692 1975 non
716 1936 835 1976 licuit.
898 1935 1033 1991 ltaque
1057 1937 1119 1977 vel
1142 1944 1231 1978 ante
1253 1938 1434 1993 scriptam
1459 1953 1479 1979 a
1501 1937 1644 1994 Moyse

118 2006 240 2060 legem
269 2005 517 2045 honestarum
546 2003 762 2058 nuptiarum
787 2011 909 2045 status
938 2005 1090 2059 optimis
1117 2006 1283 2046 decretis
1310 2007 1540 2047 constitutus
1569 2013 1642 2047 est.

118 2073 227 2128 Ergo
252 2072 502 2114 consobrinas
530 2072 670 2112 ducere
694 2086 776 2112 mos
802 2073 886 2113 fuit.
950 2071 1036 2126 Qua
1061 2074 1212 2113 ratione
1237 2075 1374 2114 factum
1401 2082 1462 2114 est
1486 2081 1525 2114 ut
1552 2075 1645 2114 inul-

120 2142 297 2196 tiplicatis
321 2140 537 2180 bominibus
560 2141 633 2180 duo
656 2139 694 2179 in
718 2155 830 2180 uuum
853 2155 995 2194 genera
1017 2141 1296 2192 miscerentur,
1331 2140 1445 2182 Caini
1466 2142 1647 2183 videlicet

121 2224 165 2250 ac-
195 2208 327 2259 Setbi,
372 2216 448 2249 tum
485 2208 663 2262 deinceps
696 2208 864 2262 reliquae
896 2209 1055 2249 filiorum
1088 2210 1226 2250 Adami
1257 2210 1396 2264 stirpes
1429 2209 1645 2263 promiscue

122 2278 388 2331 iungerentur.
445 2275 587 2316 Postea
611 2290 693 2316 cum
715 2290 897 2330 aquarum
919 2278 1131 2318 exundatio
1153 2278 1305 2318 humani
1328 2278 1484 2332 generis
1505 2285 1646 2318 statum

122 2346 290 2387 funditus
315 2344 546 2394 delevisset,
581 2358 677 2384 unus
700 2358 750 2384 ex
771 2345 945 2385 omnibus
967 2345 1142 2386 Noe'mus
1164 2353 1342 2386 servatus
1366 2353 1439 2397 est,
1474 2345 1537 2400 qui
1558 2359 1645 2399 gra-

121 2415 243 2455 tiosus
274 2414 369 2468 apud
402 2414 510 2453 deum
544 2412 752 2462 extiterat,
797 2414 894 2466 quod
923 2421 1049 2454 aetate
1077 2429 1144 2454 sua
1171 2414 1294 2454 iustus
1322 2421 1427 2455 esset
1447 2415 1642 2454 inventus.

122 2480 220 2532 Hie,
267 2488 305 2521 ut
334 2488 423 2521 ante
449 2479 769 2529 memoravimus,
813 2494 940 2521 arcam
967 2481 1038 2522 sibi
1063 2483 1133 2522 (leo
1160 2482 1313 2522 iubente
1341 2483 1546 2522 fabricatus
1571 2489 1645 2533 est,

123 2550 437 2603 quemadmodum
456 2562 639 2603 germana
660 2548 809 2588 divinae
831 2548 925 2603 legis
948 2558 1193 2590 monumenta
1216 2557 1418 2590 testantur.
1461 2549 1548 2603 Qua
1566 2551 1648 2604 qui-

124 2618 209 2657 dem
242 2618 279 2657 in
310 2631 400 2657 arca
428 2624 621 2657 servatum
648 2614 839 2656 No’e'mum
870 2616 908 2657 in
940 2619 1073 2659 eodem
1100 2619 1277 2659 sincerae
1302 2619 1515 2673 scripturae
1539 2619 1648 2658 votu-

124 2685 225 2725 mine
257 2685 444 2739 proditum
479 2691 560 2734 est,
606 2698 690 2723 eum
724 2698 844 2738 eoque
879 2693 1048 2740 septem,
1094 2702 1190 2740 quae
1226 2693 1315 2726 ante
1347 2686 1644 2737 nominavimus,

126 2753 265 2807 capita,
302 2753 373 2793 hoc
396 2759 455 2793 est
475 2752 676 2806 coniugem
693 2752 813 2806 ipsius
835 2767 920 2793 cum
943 2755 1062 2795 tribus
1083 2754 1231 2805 liberis,
1265 2768 1310 2794 ae
1334 2755 1488 2795 totidem
1514 2768 1646 2795 eorum

126 2821 328 2862 uxoribus.
393 2818 653 2873 Quamobrem
686 2821 841 2874 generis
872 2821 1024 2862 humani
1056 2821 1237 2876 reliquias
1267 2823 1306 2862 in
1338 2822 1438 2862 hune
1468 2823 1646 2863 mundum

1659 447 1735 490 Cap.
1758 448 1813 480 Vt.

1663 1337 1737 1364 Gen.
1756 1336 1780 1364 5.

1669 1668 1829 1711 cap.V11.

1669 2357 1742 2385 Gen.
1761 2358 1786 2384 7.

127 2903 148 2929 a
167 2887 320 2930 Noe’mo
341 2889 545 2943 productas
568 2901 654 2929 esse
676 2888 850 2930 veritatis
871 2889 990 2944 ipsius
1012 2889 1232 2931 testimonio
1257 2897 1424 2931 constat.
1484 2889 1551 2931 Ex
1572 2905 1646 2946 quo
1665 2900 1738 2927 Gen·
1758 2899 1799 2926 11-

195 2953 309 2991 Corpus
327 2953 504 2983 Haereseoi.
523 2953 558 2980 11.
1327 2962 1379 3001 34
