2034 3267
463 151 637 183 PANARu
662 151 743 183 1113.
762 153 785 184 1.
811 152 916 184 ToM.
938 153 976 184 u.
999 153 1270 185 effluxxvi.
1558 147 1628 186 183

109 233 199 268 Erit
219 237 389 281 tauquam
414 232 554 280 lt‘gvmm
577 233 674 282 quod
689 233 895 282 plautatum
920 240 975 270 est
994 247 1099 270 secus
1113 235 1290 271 decursus
1311 246 1505 285 aquarum,
1531 236 1630 284 quod
1645 240 1746 267 Psauu
1767 241 1826 277 1‚³·

104 299 270 348 fractum
294 311 398 335 sunm
419 298 522 335 dabit
551 301 588 336 in
610 306 768 349 [empore
790 313 869 336 suo.
933 299 1060 352 Atque
1082 299 1119 338 in
1147 314 1193 339 eo
1214 301 1310 353 quod
1337 300 1518 354 scriptum
1550 307 1625 351 est,

111 367 226 402 Sectis
241 366 418 402 decursus
437 379 629 416 aquarum,
658 365 816 404 iudicari
837 365 906 404 viri
933 366 1148 405 foeditatem
1168 369 1355 406 asseruit:
1391 368 1489 407 istud
1513 381 1622 416 vero,

110 433 215 480 Quod
232 433 400 482 fructum
421 446 524 470 suum
547 433 649 470 dabit
668 435 705 470 in
728 439 886 482 tempore
907 447 987 479 suo,
1023 433 1227 487 voluptatis
1252 434 1516 475 demonstrare
1539 450 1625 490 pro-

109 497 267 537 luviem.
327 496 428 538 Nam
455 499 551 552 quod
575 499 737 538 additum
762 505 844 548 est,
884 501 1082 551 Etsolz'um
1109 503 1187 538 eius
1211 516 1282 539 non
1305 504 1460 555 defluet,
1496 509 1571 543 tum
1605 519 1625 543 u

109 564 234 614 nobis,
259 564 447 618 inquiunt,
474 565 682 619 perficitur,
716 578 799 603 cum
823 564 860 603 in
886 572 1025 604 terram
1050 566 1227 607 decidere
1252 582 1326 607 uon
1352 570 1528 621 patimur,
1559 574 1624 611 sed

106 632 260 685 ipsimet
290 633 379 672 illud
410 633 658 672 absumimus.

217 700 277 739 Ac
299 714 346 739 ne
369 699 526 754 prolatis
546 699 694 738 illorum
716 698 945 738 testimoniis
968 700 1052 753 plus
1074 700 1290 741 detrimenti
1315 717 1424 755 quam
1450 705 1623 745 utilitatis
1650 713 1726 756 Cap.
1750 714 1807 743 lx.

108 767 302 817 adseram,
346 768 488 807 ideirco
512 765 692 819 pleraque
722 765 875 805 silentio
906 767 1221 819 praetermittam.
1282 769 1465 823 Alioquin
1497 773 1624 812 omnia

107 848 205 886 quae
236 835 281 874 ab
316 835 389 874 illis
415 834 588 872 dicuntur
619 831 689 871 boc
725 832 809 872 loco
836 832 1066 886 explicando
1102 848 1459 876 commemorarem.
1520 838 1620 878 Nam

108 902 205 954 qnod
232 901 268 941 iu
291 902 475 954 scriptura
496 898 656 951 legimus
681 897 816 939 Rhaab
844 901 1040 940 coccinum
1065 901 1102 941 in
1129 903 1295 942 fenestra
1322 904 1513 956 posuisse,
1542 919 1615 945 uon
1653 917 1741 945 loma
1762 920 1785 945 a,

108 969 303 1009 coccinum
329 973 423 1016 erat,
456 965 647 1018 inquiunt,
680 967 746 1006 sed
775 967 960 1007 muliebre
986 968 1223 1022 pudendum,
1257 969 1294 1009 in
1322 984 1394 1023 quo
1417 972 1620 1012 coccineus

110 1035 216 1075 color
236 1041 468 1075 menstruum
492 1033 716 1086 sanguinem
744 1033 948 1087 siguificat.
998 1034 1099 1088 Quin
1126 1035 1239 1075 etiam
1262 1038 1396 1077 eodem
1422 1038 1512 1077 illud
1537 1052 1622 1092 spe-

109 1109 208 1142 ctat:
241 1103 329 1140 Bibe
350 1114 479 1151 aquam
504 1103 548 1138 de
572 1104 645 1139 tuis
667 1105 776 1141 vasis.
836 1100 1032 1155 Siquidem
1057 1102 1216 1142 interire
1241 1117 1413 1154 carnem,
1447 1118 1518 1143 nce
1548 1119 1618 1145 ex·
1637 1119 1761 1155 frma,
1778 1120 1815 1146 15.

61 1217 65 1220 ι
109 1169 214 1209 citari
245 1169 366 1207 denuo
398 1167 641 1221 praedicant,
677 1182 835 1222 eamque
866 1170 911 1208 ad
935 1168 1153 1224 Principem
1177 1171 1386 1225 pertinere.
1438 1170 1525 1211 Vim
1553 1186 1620 1212 au-

110 1245 182 1276 tem
212 1235 334 1284 illam,
368 1248 465 1287 quae
496 1234 533 1273 in
566 1236 771 1275 menstruis
803 1244 862 1276 est
890 1251 934 1276 ac
965 1238 1136 1288 semine,
1170 1239 1332 1278 animam
1365 1252 1474 1287 esse,
1509 1252 1618 1292 quam

106 1303 301 1343 collectam
333 1302 581 1342 comedimus.
642 1301 753 1343 Unde
784 1318 868 1343 cum
901 1305 1079 1344 carnibus
1103 1312 1168 1345 aut
1191 1306 1381 1355 oleribus,
1416 1313 1481 1346 aut
1504 1321 1617 1361 pane,

104 1376 168 1408 aut
197 1370 271 1408 alio
303 1368 478 1423 quopiam
510 1370 726 1419 vescimur,
762 1371 858 1411 bene
891 1373 936 1412 de
967 1373 1107 1413 creatis
1138 1373 1253 1413 rebus
1284 1387 1500 1422 meremur,
1532 1374 1617 1412 ‹lnm

105 1450 153 1476 ex
186 1437 241 1476 liis
273 1437 448 1476 omnibus
485 1437 647 1476 animam
687 1453 936 1492 corrogamus
975 1454 1019 1480 ac
1051 1440 1249 1481 nobiscum
1281 1441 1319 1481 in
1350 1443 1496 1482 coelum
1529 1456 1619 1483 eve-

105 1504 242 1544 llimus.
304 1502 471 1558 ideoque
502 1518 646 1556 genere
674 1507 774 1545 omui
805 1506 975 1546 carnium
1002 1515 1181 1558 utuntur,
1216 1515 1256 1548 ut
1281 1509 1458 1561 geiiei'iS‚
1493 1509 1615 1558 aiunt,

104 1572 223 1611 nostri
246 1571 512 1612 misereamur.
573 1571 778 1612 Caeterum
811 1575 971 1614 eandem
1006 1576 1136 1616 inesse
1164 1584 1297 1630 putant
1321 1578 1549 1617 animalibus
1581 1585 1618 1617 et

105 1639 237 1680 bestiis
272 1647 311 1679 et
341 1640 507 1693 piscibus
545 1654 588 1679 ac
629 1640 872 1694 serpentibus
903 1642 1089 1693 animam,
1133 1658 1228 1697 quae
1265 1644 1478 1684 bominibus
1509 1645 1614 1692 iusit,

103 1721 172 1747 nec
196 1721 270 1746 non
296 1714 334 1747 et
358 1707 525 1747 oleribus
556 1715 593 1747 et
614 1707 817 1747 arboribus
842 1722 886 1748 ac
907 1710 1144 1762 germinibus
1169 1711 1350 1751 infusam.
1413 1710 1490 1751 lam
1524 1727 1616 1752 vero

102 1775 164 1828 qui
190 1788 241 1814 cx
269 1775 314 1814 iis
338 1773 579 1814 Pbibionitae
601 1784 790 1815 vocantur
815 1778 1034 1817 execranda
1066 1779 1128 1817 illa
1156 1779 1323 1819 libidinis
1350 1793 1486 1829 sacra,
1519 1794 1614 1833 quae

101 1857 120 1881 a
143 1842 251 1882 nobis
278 1842 466 1896 explicata
490 1850 592 1892 sunt,
628 1840 856 1884 CCCLXV
882 1844 1099 1885 nominibus
1121 1847 1358 1897 adscribunt,
1393 1846 1614 1901 quacPrin-

101 1909 222 1963 cipum
247 1923 333 1949 esse
359 1909 513 1963 propria
538 1911 740 1950 commenti
765 1917 867 1950 sunt.
924 1910 979 1951 lta
1007 1914 1239 1954 mulierculis
1266 1915 1485 1965 illudenth
1520 1919 1614 1955 Con-

96 1980 254 2028 gredere
280 1991 437 2023 mecmn,
478 1977 675 2031 inquiunt,
716 1985 757 2016 ul
790 1986 824 2016 te
856 1983 906 2018 ud
928 1983 1133 2032 Principem
1158 1986 1373 2033 perducam.
1436 1982 1534 2023 Tum
1567 1985 1613 2023 ad

99 2044 270 2097 singulos
295 2045 417 2084 coitus
438 2044 640 2084 barbarum
661 2045 810 2099 aliquod
836 2046 1018 2088 unius‘ex
1047 2048 1122 2088 illis
1147 2063 1284 2089 nomen
1314 2058 1458 2089 temere
1489 2051 1535 2091 ab
1566 2051 1613 2091 iis

99 2112 357 2165 excogitatum
385 2113 659 2167 pronunciant,
700 2127 744 2152 ac
769 2113 942 2154 nimirum
967 2115 1037 2156 hac
1070 2118 1231 2157 formula
1257 2125 1485 2172 precantur:
1534 2119 1617 2157 Tibi

98 2181 149 2218 N.
176 2181 389 2234 offerimus,
425 2188 466 2219 ut
486 2183 536 2219 N.
562 2183 718 2219 vicissim
743 2183 894 2235 offerus.
958 2181 1052 2223 Inde
1074 2184 1147 2224 alio
1175 2199 1309 2225 rursus
1336 2185 1373 2225 in
1398 2199 1612 2238 congressu

99 2246 206 2286 alteri
232 2261 274 2287 se
304 2247 442 2286 offerre
467 2248 708 2301 praedicant,
742 2256 782 2288 ut
802 2256 839 2288 et
862 2249 895 2290 is
918 2250 1027 2290 alteri
1055 2260 1336 2305 repraesentet.
1400 2251 1458 2293 lta
1488 2253 1610 2293 donec

99 2381 224 2420 derint.
249 2381 396 2436 potius,
437 2382 587 2436 quoties
615 2380 807 2422 Venerem
837 2393 1036 2439 repetunt,
1071 2386 1255 2426 eiusmodi
1287 2388 1435 2440 aliquod
1468 2402 1607 2429 nomen

97 2448 302 2502 appellant.
363 2448 457 2489 Inde
482 2463 549 2504 per
577 2450 706 2489 eadem
738 2450 799 2490 illa
824 2452 1066 2506 turpitudinis
1095 2454 1260 2507 vestigia
1285 2455 1530 2505 relabuntur,
1563 2469 1607 2495 ac

97 2515 366 2556 circumventis
398 2531 419 2557 a
451 2531 493 2556 se
525 2517 760 2557 mulierculis
794 2518 969 2560 illudunt..
1030 2519 1237 2575 Postquam
1273 2531 1396 2562 autem
1432 2523 1606 2562 iterando

96 2583 247 2638 saepius
282 2584 507 2633 concubitu,
550 2598 594 2623 ac
631 2584 727 2624 fictis
760 2585 832 2625 illis
871 2588 1086 2628 nominibus
1115 2590 1333 2643 repetendis
1368 2587 1604 2630 DCCXXX

96 2664 292 2691 numerum
319 2651 546 2705 implerunt,
589 2651 768 2706 deinceps
795 2654 856 2706 qui
894 2654 929 2694 id
965 2657 1112 2709 egerit,
1158 2657 1279 2711 palam
1310 2658 1355 2698 de
1389 2672 1430 2698 se
1457 2657 1604 2712 praedi·

139 2772 169 2804 3·
193 2774 278 2816 φησὶ
303 2776 390 2806 ΰθᾱά·
416 2776 509 2806 rafic-
534 2779 559 2805 θ’
582 2776 704 2815 ῙῖῙῑθᾶῐϋ-
913 2777 944 2810 6.
968 2780 1203 2822 πεπλασμένῡη
1227 2783 1291 2813 cod.
1315 2783 1406 2813 t'auc.
1434 2784 1549 2822 Reliqui
1569 2785 1603 2811 liw

139 2814 169 2867 {l-
192 2818 277 2861 φησὶ
298 2821 385 2851 codd,
411 2821 504 2850 ratic.
528 2823 554 2850 e!
586 2822 711 2859 Rhediy.
871 2825 915 2855 bri
940 2824 1203 2867 πεπλανημένων.

139 2871 168 2893 o.
193 2861 232 2897 τὰ
255 2865 379 2907 (repone
400 2863 473 2907 τὰς)
497 2863 560 2906 τῆς
580 2867 644 2896 cocl.
666 2867 759 2897 Vatic.
