2034 3267
571 616 620 670 S.
673 614 1186 670 EPIPHANII

379 759 684 793 οοΝεΤΑΝΤΙΑΕ
711 759 829 798 QUAE
854 759 902 790 IN
928 759 1069 790 CYPRO
1093 759 1174 790 EST
1199 758 1390 790 EPISCOPI

296 869 589 916 ADVERSUS
620 869 787 911 LXXX
818 868 1114 911 HAERESES
1147 868 1286 912 OPUS
1319 868 1468 923 QUOD

658 985 693 1032 P
714 985 754 1032 A
775 984 813 1032 N
832 984 874 1031 A
892 985 938 1032 R
955 985 979 1031 I
998 983 1039 1031 U
1055 983 1102 1030 M

572 1119 669 1150 SIVE
696 1118 875 1150 ARCULA
903 1117 1194 1149 INSCRIBITUR.

230 1273 451 1315 Instituenti
477 1275 567 1314 mihi
591 1275 636 1315 de
665 1275 737 1315 fide
765 1275 911 1329 pariter
935 1281 974 1314 et
995 1273 1243 1324 infidelitate,
1287 1274 1409 1328 deque
1444 1274 1563 1315 rectis
1594 1288 1639 1314 ac
1665 1283 1741 1324 Cap.
1766 1283 1788 1312 Ι.

124 1343 317 1399 perversis
356 1343 596 1395 dogmatibus
632 1356 849 1382 sermonem
886 1341 1033 1395 ingredi
1074 1341 1239 1381 omnium
1277 1342 1399 1396 primo
1432 1342 1477 1381 de
1510 1342 1639 1382 mundi

123 1410 406 1466 procreatione,
441 1409 562 1462 deque
583 1409 629 1449 iis
652 1424 746 1463 quae
771 1410 951 1462 deinceps
973 1415 1062 1448 sunt
1083 1416 1305 1457 consecuta,
1340 1409 1514 1448 facienda
1535 1423 1641 1449 men-

122 1479 174 1518 tio
203 1484 276 1518 est.
339 1475 457 1530 quue
486 1491 557 1529 ego
595 1491 669 1516 non
702 1477 796 1516 meis
824 1477 970 1515 viribus
1001 1482 1067 1516 aut
1091 1476 1249 1530 privatis
1283 1476 1641 1516 ratiocinationibus

125 1546 245 1585 fretus
272 1545 490 1597 aggrediar,
525 1544 591 1583 sed
626 1551 812 1597 quatenus
844 1543 991 1597 quidem
1020 1543 1193 1583 dominus
1219 1543 1386 1583 omnium
1420 1558 1463 1584 ac
1490 1544 1641 1584 miseri-

126 1626 213 1652 cors
238 1612 331 1651 deus
358 1611 550 1666 prophetis
577 1611 656 1651 suis
682 1611 852 1665 aperuit,
886 1624 1095 1663 eorumque
1125 1610 1236 1650 nobis
1270 1611 1456 1650 beneficio
1485 1611 1641 1651 uuiver-

127 1693 254 1719 sarum
277 1693 406 1718 rerum
432 1679 629 1729 notitiam,
663 1686 841 1732 quantum
869 1678 1060 1717 hominum
1086 1684 1221 1717 natura
1246 1679 1334 1728 sert,
1367 1678 1564 1732 impertire
1586 1678 1642 1718 di-

126 1753 264 1800 guatus
287 1753 362 1786 est.
421 1744 489 1785 Me
516 1760 610 1785 vero
642 1745 715 1785 iam
749 1753 824 1784 tum
859 1745 940 1799 ipso
967 1745 1234 1798 disputationis
1266 1745 1375 1784 initio
1407 1745 1513 1798 angit
1544 1745 1641 1785 haud

125 1813 373 1853 mediocriter
393 1820 505 1866 atque
526 1820 646 1853 terret
668 1812 835 1866 suscepti
856 1812 983 1867 operis
1006 1812 1242 1866 magnitudo.
1286 1810 1419 1865 Quare
1440 1812 1641 1852 sanctissi-

125 1895 227 1920 mum
247 1880 351 1920 illum
375 1881 501 1930 deum,
535 1880 692 1933 eiusque
716 1879 830 1919 filium
856 1880 1007 1919 unicum
1028 1877 1154 1919 Iesum
1174 1878 1387 1929 Christum,
1416 1893 1487 1920 nec
1508 1894 1583 1919 non
1605 1886 1644 1919 et

127 1954 298 1988 sanctum
327 1947 409 1987 eius
433 1948 605 2001 spiritum
630 1947 793 2001 appello,
826 1954 868 1986 ut
889 1948 934 1986 ad
960 1947 1117 1987 huiusce
1140 1947 1197 1986 rei
1223 1947 1486 1986 illustrandam
1510 1947 1643 2000 cogni-

127 2014 269 2054 tionem
305 2021 472 2054 mentem
507 2022 674 2054 nostram
705 2014 833 2054 divina
864 2014 948 2054 luce
983 2015 1200 2069 perfundat.
1260 2012 1314 2054 Ut
1345 2014 1446 2054 enim
1477 2014 1642 2068 gentiles

127 2082 359 2136 scriptores,
392 2089 468 2121 tam
497 2089 632 2136 poetae
661 2095 770 2134 quam
802 2081 958 2122 alterius
988 2082 1167 2135 generis,
1200 2082 1349 2130 solent,
1383 2096 1467 2122 cum
1496 2082 1643 2122 fabulo-

127 2163 210 2189 sum
229 2149 378 2202 aliquod
401 2164 494 2203 opus
513 2149 729 2199 instituunt,
754 2147 954 2189 Musarum
978 2149 1185 2204 implorare
1209 2148 1422 2203 quampiam
1443 2172 1495 2179 —-
1517 2163 1641 2203 neque

128 2216 228 2256 enim
265 2217 376 2256 deum
415 2215 597 2257 invocant
630 2216 654 2255 ii
693 2230 852 2270 quorum
891 2217 1014 2256 omnis
1049 2231 1101 2256 ex
1131 2217 1358 2256 daemonum
1391 2217 1517 2257 afflatu
1555 2231 1643 2271 pro·

127 2297 262 2336 gressa
285 2283 472 2338 sapientia
497 2291 571 2333 est,
604 2283 811 2337 eademque
835 2290 1004 2334 terrena,
1038 2298 1110 2324 nec-
1130 2297 1150 2323 e
1174 2284 1452 2338 superioribus‚
1487 2291 1526 2324 ut
1547 2284 1642 2325 scri·
1661 2294 1719 2322 lac.
1738 2294 1767 2329 3,
1786 2294 1825 2321 15.

127 2357 231 2404 ptum
256 2358 338 2401 est,
373 2351 631 2399 descendens,
664 2373 719 2379 —-
747 2352 798 2390 ita
826 2365 896 2391 nos
927 2365 1056 2391 rerum
1088 2351 1256 2391 omnium
1287 2352 1568 2391 moderatorem
1599 2366 1644 2392 ac

128 2418 321 2458 dominum
356 2432 535 2471 rogamus
574 2425 614 2457 ut
653 2417 788 2458 adesse
825 2419 1000 2458 tenuitati
1033 2426 1188 2460 nostrae
1223 2419 1339 2469 velit,
1386 2432 1431 2458 ac
1469 2425 1643 2459 sanetum

129 2484 238 2524 nobis
262 2485 434 2539 spiritum
458 2485 676 2534 immittere,
711 2498 756 2525 ne
778 2486 865 2539 quid
887 2486 924 2525 in
951 2500 1067 2540 opere
1088 2486 1284 2541 proposito
1307 2487 1552 2526 contexendo
1577 2486 1646 2526 fal·

129 2565 212 2591 sum
248 2559 286 2591 et
314 2553 566 2592 adulterinum
594 2552 836 2592 misceamus.
900 2551 1022 2606 Quem
1057 2568 1127 2594 nos
1162 2554 1334 2608 spiritum
1373 2553 1643 2594 imbecillitatis

129 2625 285 2658 nostrae
319 2620 463 2659 conscii
495 2634 562 2674 pro
599 2619 687 2659 fidei
719 2620 830 2660 modo
863 2634 908 2660 ac
945 2622 1094 2662 ratione
1125 2621 1259 2661 donari
1294 2621 1403 2661 nobis
1437 2634 1644 2676 magnope-

129 2699 173 2726 re
203 2700 418 2740 precamur.

175 2841 206 2875 3.
230 2841 327 2884 3εόν,
361 2845 442 2883 quod
465 2845 555 2884 vulyo
580 2845 782 2885 desideratur,
815 2855 863 2877 re·
908 2847 961 2886 qui
984 2849 1062 2879 libri.

133 2889 214 2918 stitui
238 2898 275 2919 ex
298 2890 363 2920 cod.
389 2891 504 2920 Veneto.
952 2890 983 2924 6.
1019 2889 1130 2929 αὐτοῖς
1170 2892 1257 2923 codd.
1294 2894 1392 2925 Venet.
1428 2896 1455 2925 et
1487 2894 1644 2934 Rhediyer;

177 2929 207 2962 4.
232 2931 299 2965 υἱὸν
324 2935 389 2964 cod.
417 2936 486 2964 Ven.
529 2935 633 2967 παῖδα
653 2935 762 2973 reliqui
783 2936 862 2966 libri.
911 2938 1006 2977 Vulyo
1031 2934 1147 2977 αὐτῆς.

176 2975 207 3006 5.
230 2976 305 3018 περὶ
323 2976 446 3011 τούτων
469 2979 534 3010 cod.
553 2981 634 3019 Ven„
656 2976 770 3012 τούτου
791 2982 862 3012 reli·
951 2981 983 3015 7.
1008 2980 1045 3015 τὸ
1071 2984 1169 3014 adieci
1192 2991 1230 3014 ex
1255 2984 1321 3014 cod.
1345 2985 1414 3015 Ven.
