2034 3267
458 189 634 221 PANARu
660 189 740 222 Liss.
761 192 784 222 1.
809 189 914 222 TOM.
935 191 973 222 11.
998 191 1258 222 HAER.XXX.
1536 183 1615 222 267

98 267 202 307 uitae
226 266 480 307 detestantur.
530 266 660 320 Quare
683 268 719 308 in
742 266 978 308 Circuitibus
997 269 1082 309 istis
1105 283 1213 308 suum
1241 268 1286 308 ad
1311 267 1525 308 institutum
1552 282 1616 308 ac-

97 334 387 374 commodarunt
420 335 569 384 omnia,
612 349 656 374 ac
690 336 735 375 ‹le
760 333 878 375 Petro
903 336 1063 389 plurima
1097 336 1294 375 mendacia
1326 337 1612 376 confinxerunt.

97 399 323 441 Cuiusmodi
359 408 419 441 est
452 403 553 442 inter
583 410 734 452 cetera,
783 402 950 455 quotidie
984 403 1086 442 illum
1118 403 1366 443 castimoniae
1397 417 1533 443 caussa
1559 404 1615 443 la-

95 469 217 518 visse,
251 469 349 522 quod
376 468 437 509 isti
466 470 591 509 facere
617 477 917 510 consueverunt.
981 469 1082 508 Tum
1107 470 1153 509 ab
1177 470 1352 509 animatis
1379 471 1553 511 omnibus
1578 478 1616 511 et

96 534 299 585 carnibus,
333 536 557 590 reliquoque
581 537 682 576 omni
705 536 803 589 quod
832 549 947 575 carne
971 543 1122 575 constet
1148 536 1402 588 abstinuisse,
1437 538 1614 592 quoniam

95 603 141 642 ab
163 602 210 642 iis
232 610 306 643 tam
332 602 457 642 Ebion
482 604 570 643 olim
595 618 702 656 quani
730 603 840 642 hodic
859 601 1062 642 Ebionitae
1085 617 1219 643 omues
1238 604 1462 645 abhorrent.
1497 603 1615 646 Cum-

97 684 170 723 que
192 671 355 724 aliquem
384 684 434 710 ex
456 671 528 710 illis
550 669 853 722 interrogaveris
875 684 944 709 cur
966 670 1116 709 tandem
1142 670 1189 708 ab
1213 670 1389 710 animatis
1415 686 1502 712 sese
1524 688 1615 713 con-

95 738 238 787 tineat,
272 737 372 777 alind
394 737 483 777 nihil
508 744 661 791 praeter
685 736 756 775 hoc
781 736 997 790 imperitum
1020 743 1059 775 et
1082 737 1268 776 insulsum
1291 739 1480 792 excipiet,
1515 742 1614 794 quod

93 805 157 844 illa
182 819 201 844 e
228 819 431 858 corporum
456 804 557 843 coitu
583 803 863 857 concubituque
886 804 1116 857 gignantur,
1150 817 1193 843 se
1220 804 1363 844 idcirco
1387 820 1461 845 non
1489 808 1610 847 vesci.

95 871 159 912 Ex
186 887 259 926 quo
283 872 373 912 illud
400 884 641 923 consequeus
666 877 746 919 est,
781 870 850 910 hos
876 871 980 925 ipsos
1007 871 1069 924 qui
1096 884 1148 910 ex
1173 871 1307 910 eodem
1333 872 1404 912 viri
1430 873 1613 914 feminae-

94 953 166 993 que
190 939 393 994 complexu
429 937 506 977 nati
539 944 651 986 sunt,
686 937 963 977 abominandos
990 951 1100 989 esse,
1145 938 1177 978 si
1202 952 1294 979 vera
1322 947 1410 980 sunt
1435 955 1532 994 quae
1564 955 1614 981 ex

95 1021 161 1047 ore
194 1021 263 1047 suo
294 1006 407 1046 stulte
437 1018 481 1043 ac
512 1003 668 1043 ridicule
701 1012 945 1045 vomuerunt.

205 1071 384 1114 Ceterum
409 1070 599 1124 baptismo
621 1086 770 1125 quoque
803 1079 957 1126 praeter
982 1073 1240 1126 quotidianum
1264 1073 1366 1114 illurn
1392 1074 1606 1126 initiantur,
1633 1079 1811 1122 Ca1›.th.

95 1148 131 1181 et
154 1155 204 1181 ex
231 1137 535 1180 Christianorum
561 1139 826 1192 ecclesiaeque
853 1139 1066 1179 imitatione
1097 1141 1279 1195 mysteria
1304 1143 1488 1195 quaedam
1520 1158 1613 1196 quo-

94 1207 219 1247 tannis
243 1205 458 1255 celebrant,
492 1206 529 1244 in
556 1206 690 1259 quibus
723 1221 842 1260 panes
875 1221 1059 1262 azymos,
1103 1216 1141 1247 et
1171 1209 1214 1248 ad
1247 1209 1405 1249 atteram
1438 1211 1611 1264 mysterii

92 1282 234 1330 partem
262 1286 407 1312 meram
439 1286 574 1326 aquam
601 1274 796 1314 adhibent.
858 1273 989 1325 Duos,
1023 1282 1064 1315 ut
1087 1275 1161 1315 iam
1187 1276 1290 1326 dixi,
1325 1291 1344 1316 a
1371 1278 1441 1317 deo
1467 1278 1611 1318 consti-

92 1349 191 1381 tutos
222 1346 425 1390 asserunt,
472 1338 668 1380 Christum
702 1348 741 1380 et
773 1341 980 1381 diabolum.
1043 1340 1216 1394 Quorum
1249 1344 1301 1383 illi
1341 1345 1480 1394 futuri,
1524 1345 1610 1385 huic

90 1407 303 1463 praesentis
337 1408 457 1447 seculi
489 1415 660 1461 potestas
695 1416 752 1448 est
789 1410 1015 1459 commissa,
1060 1410 1173 1463 idque
1204 1411 1300 1450 adeo
1337 1412 1610 1466 omnipotentis

87 1475 187 1516 illius
218 1475 395 1514 mandato
428 1476 473 1514 ad
505 1475 688 1528 cuiusque
721 1477 1016 1529 postulationem
1050 1491 1137 1517 esse
1168 1479 1323 1519 factum.
1389 1477 1449 1520 Ob
1480 1479 1515 1519 id
1550 1479 1610 1520 le-

87 1557 169 1584 sum
203 1557 254 1582 ex
283 1542 384 1582 virili
423 1543 571 1582 semine
608 1544 829 1596 productum
861 1545 1043 1594 affirmat,
1087 1552 1125 1584 et
1155 1545 1344 1596 electum,
1388 1546 1516 1600 itaque
1549 1549 1609 1588 dei

87 1610 201 1650 filium
230 1609 456 1663 appellatum
477 1610 523 1649 ab
548 1624 593 1650 eo
619 1608 839 1660 Christum,
873 1611 936 1665 qui
962 1611 999 1651 in
1031 1612 1154 1666 ipsum
1182 1614 1380 1654 columbae
1412 1615 1534 1668 figura
1562 1616 1608 1655 de

88 1677 196 1717 coelo
220 1678 397 1732 delapsus
431 1685 505 1717 est.
567 1676 725 1731 Negant
755 1691 848 1719 vero
874 1692 895 1718 a
921 1680 992 1718 deo
1018 1679 1122 1719 illum
1157 1694 1244 1721 esse
1279 1689 1386 1735 patre
1418 1683 1606 1736 genitum,

87 1745 154 1785 sed
188 1752 365 1799 tanquam
402 1759 516 1784 unum
544 1759 594 1785 ex
616 1746 856 1799 archangelis
881 1753 1074 1797 creatum,
1122 1755 1159 1787 et
1184 1748 1230 1788 iis
1267 1756 1393 1788 tamen
1422 1750 1606 1790 maiorem

88 1812 149 1865 qui
175 1819 212 1852 et
231 1812 401 1866 angeliS,
436 1819 474 1852 et
497 1813 689 1853 universis
715 1827 810 1866 quae
833 1814 986 1853 suntab
1011 1815 1272 1869 omnipotente
1302 1817 1454 1856 condita
1487 1817 1606 1857 domi-

87 1886 222 1930 netur,
255 1887 294 1920 et
316 1880 354 1919 in
381 1880 480 1920 hunc
502 1880 632 1920 orbern
658 1881 780 1931 venit,
813 1888 925 1935 atque
949 1881 1020 1921 hoc
1046 1883 1143 1935 quod
1172 1889 1232 1922 est
1252 1883 1290 1922 in
1314 1884 1464 1924 illorum
1488 1899 1606 1925 evan-

86 1947 188 2000 gelio
216 1947 404 1987 docuerit.
465 1951 570 1999 Ego,
604 1948 748 2000 inquit,
790 1952 840 1987 ad
868 1950 1083 2000 abroganda
1112 1953 1301 2002 sacrfficz'a
1333 1956 1436 2000 veni,
1470 1961 1508 1991 et
1533 1957 1612 1992 m'sz'

84 2016 303 2066 saerfficare
327 2017 533 2062 desieritis,
568 2018 629 2054 dee·
650 2019 686 2054 in
712 2031 775 2054 vos
798 2019 856 2055 ira
880 2032 951 2056 non
977 2019 1147 2056 cessabit.
1211 2018 1411 2060 Eiusmodi
1439 2034 1531 2073 ergo
1561 2021 1606 2060 il-

85 2081 206 2122 lorum
232 2082 405 2122 instituta
431 2090 535 2122 sunt.
594 2081 806 2123 Praeterea
830 2084 1106 2138 Apostolorum
1133 2085 1229 2125 alios
1253 2087 1376 2127 Actus
1403 2086 1606 2128 circumse-

84 2155 188 2198 runt,
223 2150 261 2189 iu
284 2150 420 2203 quibus
445 2150 606 2205 plurima
632 2157 721 2190 sunt
745 2150 950 2205 impietatis
970 2152 1119 2192 illorum
1140 2154 1320 2207 vestigia,
1354 2155 1513 2209 eiusque
1538 2171 1605 2210 po·

86 2216 271 2257 tissimum
294 2218 523 2257 auctoritate
544 2217 630 2257 libri
646 2218 689 2257 ad
713 2219 1000 2272 oppugnandam
1016 2221 1218 2260 veritatem
1234 2229 1446 2262 armantur.
1483 2221 1604 2277 Quip-

85 2298 130 2338 pe
155 2291 281 2324 certos
311 2285 387 2325 illic
420 2286 585 2338 gradus,
625 2285 663 2325 in
697 2286 819 2340 iisque
848 2285 977 2327 lacobi
1003 2287 1247 2328 narrationes
1271 2290 1453 2342 quasdam
1479 2291 1604 2345 expli-

84 2358 194 2402 cant,
228 2352 364 2406 quibus
395 2353 582 2393 adversus
614 2353 792 2407 templum
825 2361 862 2393 et
890 2355 1100 2406 sacrificia,
1143 2355 1346 2409 ignemque
1379 2356 1443 2410 qui
1475 2365 1534 2398 est
1564 2359 1602 2398 in

84 2419 194 2459 altari
226 2420 446 2460 declamans
481 2419 688 2460 inducitur.
756 2422 955 2462 Accedunt
994 2430 1031 2462 et
1069 2423 1139 2462 alia
1172 2424 1446 2477 quamplurima
1489 2425 1602 2479 louge

83 2486 353 2538 stolidissima,
386 2494 427 2527 ut
447 2488 509 2527 vel
524 2485 684 2527 Paulum
707 2488 828 2542 ipsum
851 2490 925 2529 illic
949 2504 1132 2530 accusare
1154 2505 1228 2529 non
1253 2491 1476 2531 erubuerint
1494 2507 1601 2532 men-

83 2553 297 2594 dacissimis
322 2554 544 2608 quibusdam
569 2555 834 2606 sermonibus,
867 2572 961 2611 quos
987 2557 1169 2597 falsorum
1196 2572 1247 2596 ex
1274 2558 1338 2597 illo
1363 2573 1482 2612 grege
1510 2573 1601 2613 apo-

84 2621 267 2661 stolorum
300 2635 412 2661 error
434 2628 546 2674 atque
576 2622 798 2674 improbitas
828 2624 1079 2678 excogitavit.
1142 2623 1340 2678 Siquidem
1361 2625 1598 2667 Tarsensem

84 2686 186 2727 illum
211 2689 432 2740 nominant,
463 2689 498 2728 id
523 2689 620 2743 quod
647 2688 728 2743 ipse
752 2704 826 2730 non
851 2699 980 2745 negat,
1013 2691 1090 2732 imo
1114 2693 1235 2746 palam
1262 2693 1474 2747 profitetur.
1518 2694 1599 2734 Ad-

127 2855 157 2886 3·
187 2855 281 2890 δόλια
300 2854 548 2899 ἐπιτηδεύματα
572 2859 636 2889 cod¹
666 2860 757 2889 Vatic.
863 2857 900 2893 ου’
924 2865 1001 2901 cett,
1024 2863 1077 2893 sed
1098 2864 1277 2893 auctoritate
1298 2864 1472 2895 cod.1'aeic.
1492 2866 1600 2896 sustuli

113 2907 158 2941 ·4.
182 2912 305 2953 πολλῆς
329 2915 395 2944 cod.
418 2916 512 2945 Varie.
859 2918 1084 2949 incommodum
1109 2919 1187 2949 illud
1210 2915 1261 2951 τά.

127 2965 156 2997 5.
185 2968 255 2999 Cod.
271 2970 432 3009 Rhedi9.et
453 2971 526 3001 edili
547 2971 655 3001 habent
677 2968 763 3003 ἔνὲεν
776 2968 816 3004 τοὶ
