2034 3267
514 173 689 205 PANARn
715 174 796 205 Lm.
812 175 837 205 1.
863 174 969 205 ToM.
991 175 1043 205 111.
1068 174 1196 205 HAER.
1217 174 1412 205 xxxvm.
1643 165 1721 205 509

208 251 259 292 tia
282 251 345 293 vel
364 252 408 291 ad
429 254 646 306 usurpanda
668 253 727 293 dei
749 252 932 308 mysteria
956 252 1222 304 convenimus,
1256 252 1395 292 nullum
1421 251 1616 292 nobiscum
1639 265 1722 291 sce-

206 320 289 369 lus,
334 320 563 374 voluptatem
597 321 760 371 nullam,
805 321 927 360 nullas
961 334 1042 360 cnm
1079 333 1266 374 quoquam
1298 319 1532 370 simultates,
1580 319 1719 359 nullum

208 386 369 440 denique
394 387 432 427 in
459 388 594 428 animis
619 388 760 428 nostris
784 387 1037 441 improbitatis
1059 387 1262 440 vestigium
1288 387 1505 427 efferamus.
1567 386 1721 440 Alioqui

209 455 397 508 quomodo
419 455 628 495 columbam
649 454 895 504 imitabimur,
920 454 992 494 nisi
1013 454 1177 494 malitiae
1197 454 1315 494 simus
1336 456 1543 509 expertes?
1581 452 1722 507 Quam—

209 536 317 575 quam
344 537 465 575 genus
488 523 578 563 illud
601 523 727 563 avium
753 537 828 562 non
854 523 957 562 omni
982 535 1030 561 ex
1056 528 1163 576 parte
1191 521 1377 561 laudabile
1401 523 1464 561 sit.
1526 521 1598 562 Est
1622 522 1720 562 enim

206 590 434 644 propensius
457 591 492 630 in
514 590 705 630 libidinem
721 621 731 639 ,
765 603 809 629 ac
829 589 930 629 coitu
954 588 1190 641 frequentius
1209 589 1350 639 utitur,
1384 596 1510 643 utpote
1533 590 1723 630 salacissi-

206 671 305 696 mum
342 665 378 697 et
412 658 677 712 voluptuosum
709 657 870 706 animal,
917 656 1012 696 adde
1043 655 1271 695 imbecillum
1309 663 1347 695 et
1382 656 1576 709 ignavum.
1646 656 1723 698 Sed

207 725 305 779 quod
325 725 424 765 idem
441 726 593 765 minime
616 725 751 764 malum
774 724 999 778 patiensque
1020 723 1083 773 sit,
1114 737 1184 762 nec
1205 723 1367 763 iniuriae
1390 725 1618 774 meminerit,
1646 732 1721 765 tum

207 806 300 833 vero
323 793 420 846 quod
445 791 640 832 columbae
665 791 793 846 specie
814 791 970 845 spiritus
993 797 1146 831 sanctus
1168 790 1407 844 apparuerit,
1441 791 1601 846 idipsum
1627 793 1724 846 quod

207 860 354 914 spiritui
380 867 512 900 sancto
536 866 685 913 gratum
710 873 752 898 ac
774 858 977 898 iucundum
1003 865 1082 907 est,
1124 858 1341 898 innocentis
1365 859 1560 899 columbae
1583 860 1724 914 simpli-

206 928 357 968 citatem
380 926 519 967 imitari
546 941 616 966 nos
642 926 700 966 dei
723 925 893 966 Verbum
918 926 1135 977 admonuit,
1179 935 1240 975 ut,
1285 926 1383 979 quod
1407 926 1451 965 ad
1474 926 1613 966 bonum
1639 928 1724 967 atti-

206 1002 292 1045 net,
336 995 542 1049 prudentes
573 1000 611 1034 et
637 993 785 1044 callidi,
831 995 875 1034 ad
903 994 1039 1033 malum
1066 1007 1159 1034 vero
1184 994 1375 1048 simplices
1401 1007 1486 1034 esse
1512 994 1722 1035 videamur.

207 1060 293 1116 Qua
316 1062 464 1102 ratione
486 1062 609 1102 omnis
631 1062 780 1102 illorum
803 1061 1032 1102 machinatio
1056 1060 1293 1102 dissolvitur.
1347 1059 1448 1102 Nam
1472 1069 1510 1101 et
1532 1063 1725 1115 apostolus

205 1130 478 1170 veteratoriam
506 1129 749 1170 calliditatem
778 1136 816 1170 et
841 1130 1021 1170 malitiam
1049 1129 1364 1170 abundantiorem
1392 1129 1482 1169 nulli
1511 1144 1621 1183 quam
1647 1130 1725 1170 dia-

205 1198 292 1238 bolo
318 1212 362 1238 ac
387 1198 556 1252 serpenti
582 1197 728 1238 tribuit.
794 1200 934 1245 Timeo,
968 1196 1111 1250 inquit,
1144 1212 1190 1236 ne
1211 1200 1313 1236 Sient
1332 1212 1482 1249 serpens
1500 1201 1637 1237 Hevam
1663 1213 1719 1237 se·
1735 1205 1923 1241 2-Gor.tt,3.

207 1268 317 1305 duoez't
333 1273 472 1304 astaectza
493 1280 574 1312 sua,
609 1269 660 1304 ila
681 1273 967 1317 corrumpantur
987 1279 1117 1304 sensus
1137 1269 1263 1312 vestri,
1297 1272 1335 1303 et
1351 1268 1526 1305 excidant
1544 1280 1565 1304 a
1587 1269 1726 1318 simpli-

206 1336 316 1372 citate
344 1341 379 1372 et
408 1337 578 1372 castilate
600 1335 742 1372 Christe·
767 1347 810 1372 ac
841 1336 995 1372 iustitia.
1061 1331 1158 1372 Vide
1184 1339 1224 1372 ut
1248 1346 1344 1386 quae
1370 1340 1504 1373 contra
1528 1332 1678 1374 Hevam
1705 1348 1724 1374 a

207 1408 385 1455 serpente
417 1408 561 1442 structa
593 1407 681 1441 sunt
711 1401 965 1455 corruptelam
1000 1407 1036 1440 et
1059 1400 1329 1454 nequissimam
1352 1401 1528 1441 astutiam
1555 1416 1599 1442 ac
1623 1403 1726 1442 frau-

206 1470 289 1509 dem
312 1470 506 1524 apostolus
532 1482 619 1509 esse
641 1468 883 1523 pronuntiet,
917 1481 1041 1522 neque
1066 1468 1176 1508 laude
1201 1468 1355 1523 dignum
1381 1469 1567 1523 quicpiam
1593 1470 1638 1510 ab
1661 1470 1724 1510 illo

207 1543 464 1592 perpetratum
497 1537 665 1577 deliniat.

332 1603 525 1658 Quocirca
561 1605 663 1644 omni
704 1618 756 1644 ex
790 1611 897 1659 parte
932 1604 1083 1644 illorum
1118 1604 1394 1658 constringitur
1433 1619 1477 1644 ac
1513 1605 1729 1645 declaratur
1756 1610 1903 1653 Cup.lX.

208 1672 397 1722 amentia,
431 1672 462 1712 si
487 1672 570 1726 quis
595 1672 769 1713 veritatis
794 1672 1003 1712 doctrinam
1028 1686 1071 1712 ac
1094 1672 1250 1726 spiritus
1272 1672 1393 1712 sancti
1415 1673 1614 1713 scientiam
1635 1673 1728 1713 velit

207 1740 422 1795 percipere.
485 1738 563 1780 Sed
590 1754 637 1780 ne
663 1747 809 1794 tempus
834 1739 932 1780 ultra
958 1748 1179 1791 conteram,
1212 1740 1282 1780 hac
1306 1740 1410 1780 velut
1437 1740 1573 1780 difficili
1597 1754 1640 1780 ac
1663 1754 1728 1794 pe-

207 1807 375 1848 riculosa
399 1808 520 1862 pelagi
544 1814 769 1862 tempestate
788 1810 1027 1862 perfunctus,
1058 1807 1236 1862 scapham
1258 1808 1304 1847 ad
1324 1808 1421 1848 alios
1442 1808 1727 1861 navigationum

208 1889 343 1916 cursus
375 1875 599 1930 expediam,
643 1876 738 1916 adeo
768 1883 809 1915 ut
836 1877 966 1916 fauces
992 1876 1093 1930 ipsas
1120 1875 1290 1916 studiose
1318 1883 1490 1927 teneam,
1535 1876 1663 1916 divina
1689 1876 1726 1916 vi

207 1957 252 1984 ac
275 1951 495 1984 sanctorum
521 1943 697 1998 precibus
721 1944 911 1993 confisus,
941 1949 985 1983 'ut
1007 1950 1046 1983 et
1067 1943 1315 1984 vehementes
1340 1944 1427 1984 irati
1451 1944 1566 1984 maris
1591 1944 1726 1984 fluctus

206 2019 245 2052 et
269 2018 545 2052 venenatarum
570 2010 708 2051 ibidem
731 2010 938 2051 bestiarum
963 2011 1111 2065 species
1135 2012 1414 2066 praetereundo
1435 2012 1645 2062 videamus,
1669 2012 1725 2052 ni-

207 2080 332 2134 hilque
362 2080 472 2119 nobis
503 2079 656 2119 interim
685 2093 951 2119 muraenarum
987 2086 1051 2119 ant
1077 2080 1297 2134 pastinacae
1329 2087 1394 2120 aut
1420 2080 1631 2120 dracaenae
1661 2087 1725 2119 aut

205 2147 390 2188 carcharii
421 2147 483 2187 vel
508 2161 744 2201 scorpaenae
774 2147 880 2187 virus
912 2147 1019 2187 exitii
1052 2148 1210 2198 afferat,
1253 2162 1297 2188 ac
1326 2150 1473 2188 demum
1501 2148 1546 2187 ad
1574 2147 1721 2187 felicem

207 2215 383 2256 veritatis
415 2207 561 2270 portum
594 2214 769 2268 precibus
801 2222 839 2255 et
869 2215 1106 2256 orationibus
1137 2216 1219 2255 freti
1252 2215 1445 2269 navigium
1476 2215 1722 2270 appellamus,

206 2291 246 2324 ut
279 2284 372 2324 haec
407 2283 443 2323 in
477 2283 586 2323 nobis
617 2296 708 2322 vera
739 2283 787 2322 sit
818 2283 1031 2338 scripturae
1062 2283 1274 2324 sententia:
1321 2286 1394 2333 Qui
1418 2286 1597 2335 navigant
1624 2298 1724 2322 mare
1742 2290 1857 2351 liggalffl.

206 2355 360 2391 virtutes
390 2355 529 2390 domim·
550 2358 720 2390 narrant.
784 2351 843 2390 Ad
869 2351 1026 2391 alteram
1055 2352 1169 2406 igitur
1193 2351 1395 2405 deinceps,
1440 2358 1480 2391 ut
1503 2352 1539 2391 id
1563 2364 1720 2391 narrare
1792 2345 1799 2359 ’
1853 2344 1859 2351 ’

206 2419 418 2475 possimus,
450 2419 723 2474 profectionem
755 2419 1006 2474 accingimur.

526 2577 973 2627 ADVERSUS
1029 2577 1408 2637 cAIANOS‚

431 2674 537 2719 quae
574 2662 640 2706 est
674 2657 866 2706 haeresis
894 2659 1090 2719 XVIII.,
1127 2659 1218 2707 sive
1245 2656 1503 2705 XXXVIII.

321 2756 397 2811 Qui
419 2756 554 2800 Caiani
580 2758 693 2811 vulgo
716 2766 982 2814 nuncupantur
1004 2760 1182 2800 haeresin
1205 2772 1312 2799 suam
1337 2772 1359 2798 a
1380 2755 1502 2798 Caino
1524 2755 1719 2810 cognomi·
1746 2761 1862 2804 Cap.1-

209 2833 362 2866 narunt.
425 2826 537 2867 Hunc
561 2825 661 2866 enim
686 2827 927 2880 praedicant,
961 2836 998 2868 et
1024 2834 1219 2883 parentem
1245 2840 1353 2867 suum
1379 2825 1581 2880 appellant.
1645 2821 1721 2876 Qui

211 2894 358 2948 quidem
384 2894 524 2946 variis,
568 2901 609 2935 ut
632 2894 684 2934 ita
709 2894 853 2946 dicam,
896 2911 917 2938 e
938 2897 1116 2937 fluctuum
1139 2894 1404 2936 iactationibus
1427 2893 1566 2935 emersi
1587 2892 1720 2934 eodem
