2034 3267
360 179 439 218 212
918 180 1077 212 SANCT1
1103 181 1321 214 EPIPHANH

362 261 574 317 περιόντων
600 262 677 298 τῶν
707 254 953 306 ἀποστόλων,
998 257 1097 308 φημὶ
1137 256 1179 296 δὲ
1206 260 1284 296 τῶν
1309 259 1396 311 περὶ
1426 261 1575 314 Πέτρου
1603 262 1669 302 καὶ
1700 263 1873 309 Παῦλον,

365 327 599 372 ἐπισκόπους
628 322 766 371 ἄλλους
800 325 1084 372 καθίστασθαι,
1126 321 1190 364 διά
1224 321 1267 363 τὸ
1302 322 1392 370 τοῦς
1423 324 1660 376 ἀποστόλους
1693 326 1874 374 πολλάκις

363 398 426 439 ἐπὶ
454 393 521 441 τάς
547 391 662 439 ἄλλας
690 393 880 444 πατρίδας
903 388 973 442 τήν
995 393 1155 443 πορείαν
1177 391 1415 441 στέλλεσθαι,
1453 393 1517 433 διά
1537 394 1578 436 vd
1602 394 1780 449 κήρυγμα
1806 398 1874 435 τοῦ

367 465 557 515 Χριστοῦ,
600 457 652 511 μή
682 456 877 499 δύνασθαι
908 457 949 498 δὲ
977 455 1048 509 τὴν
1077 462 1154 498 τῶν
1176 455 1373 509 Ῥωμαίων
1402 458 1512 499 πόλιν
1540 459 1631 502 ι’ίνευ
1661 460 1876 503 ἐπισκόπου

364 527 471 570 εἶναι.
526 525 569 567 Ὁ
596 526 664 579 μὲν
688 524 760 579 γάρ
786 529 947 572 Παῦλος
971 525 1038 565 καὶ
1061 525 1125 565 ἐπὶ
1149 524 1217 577 τήν
1241 523 1437 565 Ἱσπανίαν
1461 523 1695 579 ἀφικνεῖται,
1729 530 1879 581 Πέτρος

364 595 404 637 δὲ
430 592 612 642 πολλάκις
636 591 792 634 Πόντον
815 608 854 632 τε
879 593 946 632 καὶ
971 594 1165 632 Βιθυνίαν
1190 592 1440 643 ἐπεσκέψατο.
1497 590 1694 648 Ένεχώρει
1720 597 1761 636 δὲ
1788 592 1879 648 μετά

361 661 404 704 τό
427 665 715 713 κατασταθῆναι
739 658 941 712 Κλήμεντα
964 660 1029 700 καὶ
1051 659 1365 713 παραιτήσασθαι
1397 661 1448 707 (εἴ
1466 676 1508 714 γε
1537 659 1661 708 οὕτως
1689 661 1878 715 ἐπράχθη,

362 733 595 781 διανοοῦμαι
620 726 715 783 γάρ,
755 725 824 779 ούχ
847 724 1033 782 ὁρίζομαι)
1057 725 1218 779 ὕστερον
1247 725 1339 777 μετά
1367 724 1408 767 τό
1434 728 1733 778 τετελευτηκέναι
1756 734 1880 769 Λῖνον

362 798 430 840 καὶ
454 801 606 849 Κλῆτον
631 793 987 841 ἐπισκοπεύσαντας
1015 793 1114 846 πρὸς
1135 793 1300 835 δεκαδύο
1332 795 1395 845 ἔτη
1419 794 1576 835 ἕκαστον
1607 792 1698 846 μετά
1721 793 1790 846 τὴν
1812 799 1882 836 τοῦ

362 863 475 920 άγίου
502 865 655 917 Πέτρου
682 863 748 903 καὶ
775 860 937 902 Παύλου
962 859 1134 913 τελευτὴν
1157 860 1227 913 τήν
1254 862 1317 902 ἐπὶ
1343 865 1393 917 τῷ
1421 860 1626 918 δωδεκάτῳ
1650 862 1723 902 ἔτει
1749 863 1879 915 Νέρω-

363 950 431 981 νος
454 931 684 987 γενομένην,
712 933 850 970 τοῦτον
873 923 993 976 αὖθις
1018 927 1310 982 ἀναγκασθῆναι
1329 927 1400 980 τήν
1429 928 1643 981 ἐπισκοπὴν
1667 934 1879 981 κατασχεῖν.

351 1000 489 1053 “’Όμως
508 997 533 1052 ἡ
552 1002 626 1039 τῶν
648 998 688 1039 ἐν
704 994 829 1053 Ῥώμῃ
851 994 1074 1037 ἐπισκόπων
1092 994 1252 1048 διαδοχὴ
1271 994 1415 1048 ταύτην
1435 997 1506 1048 ἔχει
1526 994 1596 1047 τήν
1616 994 1880 1037 άκολουθίαν·

366 1069 518 1122 Πέτρος
536 1066 602 1107 καὶ
623 1069 793 1114 Παῦλος,
823 1069 947 1112 Λῖνος
968 1063 1032 1103 καὶ
1054 1067 1217 1115 Κλῆτος,
1244 1062 1418 1115 Κλήμης,
1450 1061 1686 1117 Εὐάρεστος,
1715 1061 1884 1112 Ἀλέξαν-

364 1139 478 1189 δρος,
510 1132 676 1182 Ξύστος,
712 1132 966 1183 Τελέσφορος,
999 1128 1244 1183 Εὐάρεστος,
1272 1127 1442 1184 Ὗγῖνος,
1477 1134 1592 1179 Πῖος,
1622 1129 1831 1182 Ἀνίκητος,
1863 1127 1886 1171 ό

365 1201 445 1244 ἅνω
466 1204 506 1244 ἐν
521 1206 574 1257 τῷ
592 1197 791 1255 καταλόγῳ
812 1198 1163 1250 προδεδηλωμένος.
1204 1197 1283 1237 Καὶ
1305 1195 1358 1249 μή
1378 1214 1434 1244 τις
1457 1196 1646 1253 θαυμάσῃ
1669 1197 1726 1238 ὅτι
1746 1199 1886 1239 ἕκαστα

365 1270 490 1317 οὕτως
519 1267 690 1322 άκριβῶς
719 1264 938 1318 διήλθομεν.
995 1263 1075 1304 Διά
1103 1263 1174 1317 γάρ
1200 1262 1348 1304 τούτων
1373 1261 1432 1304 άεὶ
1459 1262 1500 1305 τό
1530 1265 1650 1315 σαφὲς
1677 1267 1882 1305 δείκνυται.

361 1336 427 1378 Ἐν
446 1334 598 1390 χρόνοις
618 1336 770 1383 τοίνυν,
803 1329 854 1379 ῶς
879 1333 1049 1383 ἔφημεν,
1077 1328 1281 1382 Ἀνικήτου
1304 1329 1330 1383 ή
1355 1332 1676 1385 προδεδηλωμένη
1700 1336 1883 1385 Μαρκελ-

203 1422 271 1450 pag.
290 1413 345 1441 108.
364 1407 448 1446 λίνα
472 1405 512 1445 ἐν
531 1400 657 1458 Ῥώμῃ
678 1399 862 1454 γενομένη
875 1432 883 1448 ,
922 1397 994 1450 τήν
1014 1396 1139 1450 λύμην
1160 1402 1228 1450 τῆς
1253 1402 1470 1452 Καρποκρᾶ
1492 1401 1738 1447 διδασκαλίας
1761 1399 1884 1451 ἐξεμέ·

205 2420 290 2463 Κεφ.

318 2418 355 2460 'st

365 1485 484 1521 σασα,
514 1467 680 1515 πολλοὺς
700 1471 777 1507 τῶν
801 1467 920 1507 ἐκεῖσε
940 1466 1188 1518 λυμηναμένη
1210 1463 1383 1516 ἠφάνισε.
1443 1466 1521 1506 Καὶ
1546 1467 1660 1506 ἔνθεν
1681 1467 1835 1520 γέγονεν
1858 1463 1885 1518 ή

363 1537 459 1593 άρχή
482 1539 713 1578 Γνωστικῶν
732 1538 810 1574 τῶν
830 1533 1086 1585 καλουμένων.
1117 1531 1279 1585 ’Ἐχουσι
1300 1533 1341 1573 δὲ
1361 1531 1511 1580 εἰκόνας
1531 1532 1801 1587 ἐνζωγράφους
1821 1532 1886 1573 διά

363 1603 590 1660 χρωμάτων,
619 1602 718 1650 τινὲς
740 1601 781 1642 δὲ
803 1602 845 1641 ἐκ
867 1605 1010 1654 χρυσοῦ
1034 1601 1099 1641 καὶ
1120 1598 1292 1655 άργύρου
1310 1602 1375 1641 καὶ
1399 1605 1534 1652 λοιπῆς
1556 1599 1662 1652 ῦλης,
1694 1600 1805 1641 ἅτινα
1828 1603 1888 1642 ἐκ·

364 1670 578 1725 τυπώματά
609 1683 726 1721 φασιν
755 1666 853 1709 εἶναι
881 1672 950 1708 τοῦ
974 1665 1118 1719 Ἰησοῦ,
1158 1669 1225 1708 καὶ
1252 1672 1371 1708 ταῦτα
1401 1666 1477 1709 ύπό
1510 1671 1681 1708 Ποντίου
1711 1667 1887 1709 Πιλάτου

366 1744 595 1795 γεγενῆσθαι
618 1736 663 1777 τά
687 1734 945 1787 ἐκτυπώματα
969 1739 1037 1775 τοῦ
1060 1734 1179 1776 αὐτοῦ
1198 1733 1338 1787 Ἰησοῦ,
1369 1733 1430 1776 ὅτε
1455 1734 1627 1787 ένεδήμει
1648 1740 1700 1792 τῷ
1724 1741 1800 1776 τῶν
1824 1734 1888 1776 άν-

365 1805 542 1861 θρώπων
567 1806 677 1859 γένει.
737 1804 927 1856 Κρύβδην
954 1802 994 1842 δὲ
1018 1801 1086 1849 τάς
1111 1801 1292 1851 τοιαύτας
1316 1804 1465 1855 ἔχουσιν
1491 1802 1661 1850 εἰκόνας·
1705 1801 1796 1843 άλλά
1820 1804 1888 1844 καὶ

367 1871 596 1926 φιλοσόφων
621 1876 756 1920 τινῶν,
798 1868 1045 1924 Πυθαγόρου
1069 1871 1134 1910 καὶ
1159 1869 1371 1918 Πλάτωνος
1393 1870 1454 1910 καὶ
1479 1868 1780 1923 Ἀριστοτέλους,
1821 1871 1888 1910 καὶ

367 1944 533 1989 λοιπῶν,
575 1936 662 1992 μεθ’
686 1932 740 1978 ῶν
765 1935 991 1988 φιλοσόφων
1018 1938 1082 1977 καὶ
1108 1939 1215 1991 ἕτερα
1241 1935 1494 1989 ἐκτυπώματα
1519 1941 1589 1978 τοῦ
1609 1935 1734 1988 Ἰησοῦ
1758 1938 1888 1978 τιθέα-

368 2023 441 2056 σιν,
469 2005 692 2061 ἷδρύσαντές
709 2021 747 2046 τε
767 2009 1027 2058 προςκυνοῦσι
1049 2006 1114 2045 καὶ
1134 2004 1180 2045 τά
1200 2009 1279 2046 τῶν
1303 2007 1429 2046 ἐθνῶν
1452 2006 1662 2045 ἐπιτελοῦσι
1683 2003 1886 2058 μυστήρια.

370 2073 588 2127 Στήσαντες
612 2072 683 2127 γάρ
707 2071 848 2120 ταύτας
871 2070 939 2119 τάς
963 2071 1114 2120 εἰκόνας
1139 2071 1184 2112 τά
1207 2077 1284 2113 τῶν
1311 2074 1435 2113 ἐθνῶν
1459 2073 1533 2124 ἔθη
1555 2070 1693 2112 λοιπὸν
1716 2076 1886 2112 ποιοῦσι.

377 2147 470 2183 Τίνα
492 2142 534 2182 δέ
555 2142 655 2181 ἐστιν
677 2142 808 2182 ἐθνῶν
829 2141 924 2191 ἔθη,
957 2137 1031 2179 ἄλλ’
1052 2138 1078 2192 ἢ
1098 2143 1233 2180 θυσίαι
1257 2141 1324 2180 καὶ
1347 2138 1392 2180 τά
1416 2137 1527 2188 ἄλλα,
1567 2143 1701 2191 Ψυχῆς
1723 2139 1764 2179 δὲ
1788 2136 1889 2180 εἶναι

373 2209 496 2263 μόνης
521 2210 713 2263 σωτηρίαν
742 2208 860 2259 φασὶ,
893 2207 958 2248 καὶ
987 2204 1074 2259 ούχὶ
1104 2206 1302 2260 σωμάτων.

491 2418 565 2454 Δεῖ
589 2414 720 2453 τοίνυν
748 2410 911 2459 τούτους
942 2408 1164 2463 ἀνατρέπειν
1189 2411 1304 2452 παντὶ
1329 2411 1475 2452 σθένει·
1517 2409 1649 2462 μηδεὶς
1678 2407 1750 2462 γάρ
1776 2426 1891 2450 κατα-

377 2483 568 2534 φρονείτω
600 2479 737 2534 λόγου,
775 2480 842 2520 καὶ
873 2477 1033 2531 μάλιστα
1063 2477 1168 2532 παρὰ
1202 2476 1433 2526 άπατεῶνος.
1488 2475 1580 2517 Ἀλλ’
1612 2478 1713 2516 εἴποι
1741 2493 1798 2524 τις
1829 2476 1890 2528 ἂν,

383 2546 440 2588 Ού
463 2547 534 2602 γάρ
558 2549 636 2588 ἐστι
657 2545 819 2601 φωρατά
843 2548 909 2587 καὶ
933 2548 1079 2598 μωρίας
1103 2547 1264 2597 ἔμπλεα,-
1302 2544 1394 2586 Ἀλλ’
1419 2543 1500 2586 ἔσθ’
1525 2543 1601 2595 ὅπη
1625 2543 1691 2583 καὶ
1714 2542 1760 2583 τά
1782 2543 1893 2599 μωροὶ

378 2619 506 2656 πείθει
530 2613 621 2663 τοῦς
645 2614 822 2668 ἄφρονας
848 2615 913 2654 καὶ
936 2612 1026 2660 τούς
1050 2612 1232 2661 συνετούς
1256 2614 1530 2666 παρεκτρέπει,
1572 2609 1638 2651 ἐάν
1662 2609 1713 2662 μὴ
1740 2617 1846 2668 παρῇ
1871 2609 1894 2652 ὁ

378 2687 471 2730 νοῦς
493 2680 514 2723 ό
538 2684 578 2722 ἐν
602 2686 647 2738 τῇ
668 2680 832 2737 άληθεία
853 2679 1081 2732 ἠσκημένος.
1138 2678 1394 2732 Ἐμπεσόντος
1415 2682 1544 2721 τοίνυν
1565 2679 1631 2719 καὶ
1650 2677 1788 2719 τούτου
1818 2683 1831 2705 ¹
1846 2683 1893 2735 τῇ

380 2752 560 2801 Σίμωνος
583 2752 719 2804 μαγείᾳ
740 2749 807 2789 καὶ
828 2753 904 2789 τῶν
925 2752 1090 2796 λοιπῶν,
1124 2753 1204 2794 τοῖς
1225 2746 1357 2795 αὐτοῖς
1377 2748 1442 2787 καὶ
1463 2751 1597 2787 τοῦτον
1615 2742 1893 2799 α’νατρέψομεν.

382 2818 437 2855 Εἰ
465 2815 536 2870 γάρ
568 2815 594 2868 ή
623 2815 817 2870 ἄγνωστος
846 2815 912 2856 καὶ
939 2812 1249 2866 άκατονόμαστος
1277 2814 1440 2867 δύναμις
1468 2814 1568 2853 αἰτία
1595 2812 1747 2866 γέγονεν
1772 2810 1894 2852 ἄλλων

429 2918 504 2949 CAP.
524 2918 595 2950 vn.
622 2936 665 2941 —
695 2919 722 2950 1.
745 2920 785 2961 τῇ
808 2919 896 2949 codd.
922 2919 1016 2949 Vatic.
1038 2918 1115 2948 the-
1163 2928 1238 2955 στος
1260 2919 1330 2949 edit.
1351 2919 1457 2950 Petav.
1480 2917 1587 2946 vilium
1611 2916 1698 2945 habet
1723 2911 1739 2946 ὁ
1764 2909 1833 2956 ἄγν.

381 2965 444 3004 di9.
481 2964 577 3002 Vulyo
595 2963 666 2995 τοῦ.
682 2980 725 2985 -
743 2965 777 2994 In
796 2973 874 3002 seqq.
892 2972 948 3002 pro
966 2959 989 3002 ἦ
1011 2957 1116 3003 ἄγνω-
