2034 3267
434 214 611 246 PANAnn
637 215 717 247 Lis.
737 216 761 246 1.
784 215 965 251 ToM,1n.
989 215 1116 247 HAER.
1137 215 1282 249 xxxv.
1537 207 1613 248 481

103 297 394 350 dogmatumque
422 293 649 344 consensio,
693 302 733 334 ut
763 308 892 334 eorum
925 302 1057 345 secta,
1100 302 1275 348 tanquam
1306 294 1436 349 biceps
1467 295 1618 348 anguis,

102 362 278 418 bipartita
303 362 513 402 videretur.
574 360 717 402 Postea
742 362 846 402 vetut
867 369 976 416 caput
1001 376 1022 402 a
1042 362 1232 416 serpentis
1251 377 1412 417 corpore
1433 362 1620 404 divulsum

103 445 148 471 ac
171 431 320 485 spirans
343 429 463 469 adbuc
487 429 656 484 plurimis
686 429 807 469 exitio
831 430 922 480 suit,
956 444 1038 469 cum
1064 430 1186 469 maius
1210 430 1384 483 quiddam
1411 445 1486 471 non
1509 431 1622 470 modo

104 498 325 553 aequalibus
361 497 463 547 suis,
509 498 575 537 sed
610 504 648 537 et
681 496 910 546 maioribus,
953 511 996 536 ac
1031 497 1178 536 doctius
1212 497 1353 536 afferre
1383 498 1619 538 crederetur.

106 564 330 620 Ogdoadem
351 565 449 605 enim
472 572 603 605 censet
626 579 700 604 non
723 564 910 618 gradatim
934 565 1046 604 unius
1066 564 1214 603 Aeonis
1234 564 1280 604 ab
1301 565 1421 605 altero
1446 579 1624 620 procrea-

106 634 209 674 tione
233 640 481 688 propagatam
509 633 649 682 fuisse,
694 633 760 672 sed
786 646 858 672 sex
880 632 1048 685 reliquas
1069 632 1227 671 Aeonas
1252 632 1394 686 pariter
1415 633 1624 687 eodemque

105 709 298 743 momento
330 716 349 741 a
383 714 561 755 supremo
586 698 754 740 Parente
785 707 823 740 et
854 700 935 739 eius
961 698 1148 749 Ennoea,
1191 699 1261 739 hoc
1292 707 1351 739 est
1382 698 1626 755 Cogitatione

107 783 305 819 manasse,
352 769 449 822 quod
481 768 553 808 iste
585 768 639 808 sic
668 776 846 821 tanquam
872 766 1090 807 obstetricis
1121 773 1249 821 partes
1281 768 1426 821 egisset
1450 769 1623 809 affirmat.

109 837 240 892 Quare
267 851 341 877 non
366 844 406 877 ut
429 836 491 876 alii
523 850 542 876 e
571 834 701 875 Verbo
726 834 892 889 Vitaque
916 834 1119 875 Hominem
1147 841 1185 874 ct
1207 833 1445 887 Ecclesiam3
1490 843 1552 876 ant
1576 850 1624 876 ex

110 905 299 955 Homine,
342 911 382 945 nt
412 903 633 958 quibusdam
665 902 811 957 placet,
856 910 894 942 et
919 902 1098 943 Ecclesia
1119 901 1292 943 Verbum
1319 917 1363 943 ac
1386 902 1514 944 Vitam
1541 918 1629 958 pro-

109 973 225 1014 diisse
252 987 334 1013 cum
362 972 442 1012 suis
466 971 528 1011 ille
553 971 699 1011 statuit.
762 968 840 1011 Sed
868 971 903 1010 id
931 971 1005 1011 alia
1030 970 1179 1011 ratione
1203 971 1407 1011 definiunt:
1452 971 1628 1011 nimirum

110 1041 208 1096 quod
230 1038 441 1095 Supremus
462 1038 525 1078 ille
549 1037 695 1079 Parens
721 1039 932 1093 producere
959 1039 1164 1093 cogitavit,
1199 1039 1269 1079 hoc
1292 1039 1480 1079 vocabulo
1501 1037 1629 1079 Patris

111 1109 353 1164 appellatum.
415 1105 519 1146 ldem
543 1121 658 1161 porro
677 1105 834 1148 Veritas
856 1121 938 1146 cum
961 1113 1081 1156 esset,
1117 1105 1300 1147 Veritatis
1321 1107 1541 1161 insignitum
1564 1121 1632 1147 no-

112 1177 228 1217 mine.
290 1174 548 1229 Quamobrem
573 1189 657 1215 eum
685 1182 882 1215 ostentare
907 1189 948 1215 se
973 1175 1111 1225 vellet,
1145 1175 1306 1229 idipsum
1332 1174 1535 1215 Hominem
1564 1190 1632 1216 no-

112 1245 310 1285 minatum.
373 1241 482 1296 Quos
509 1249 635 1283 autem
663 1257 747 1283 cum
775 1244 1005 1297 produceret
1032 1242 1136 1297 prius
1162 1243 1288 1283 animo
1316 1251 1531 1298 reputarat‚
1576 1244 1633 1284 his

112 1311 312 1353 Ecclesiae
341 1324 480 1351 nomen
507 1310 746 1351 attributum.
809 1310 934 1351 Homo
960 1325 1052 1351 vero
1078 1309 1247 1351 Verbum
1273 1312 1475 1365 produxit3
1520 1318 1634 1366 atque

112 1380 172 1421 hic
193 1378 471 1434 primogenitus
495 1386 553 1419 est
574 1377 714 1419 Filius.
779 1376 856 1419 Sed
880 1377 1052 1419 Verbum
1076 1377 1168 1419 Vita
1189 1380 1451 1433 consequitur.
1505 1382 1634 1433 Atque

111 1447 164 1487 ita
189 1444 345 1501 Ogdoas
370 1446 490 1501 prima
519 1447 732 1487 conficitur.
795 1445 918 1487 Porro
943 1461 1080 1500 magna
1105 1453 1162 1487 est
1188 1448 1288 1487 inter
1313 1448 1398 1488 illos
1424 1447 1468 1487 de
1497 1445 1635 1488 Salva-

113 1523 197 1556 tore
223 1515 428 1555 dissensio.
492 1513 657 1568 Quidam
682 1514 782 1555 enim
807 1529 855 1555 ex
879 1515 1054 1554 omnibus
1079 1515 1279 1555 conflatum
1305 1515 1549 1566 existimant,
1580 1522 1636 1556 at-

115 1597 187 1638 que
210 1583 296 1623 ideo
319 1581 583 1632 Eudocetum,
626 1582 697 1622 hoc
720 1589 779 1623 est
803 1581 1149 1637 Beneplacentem,
1185 1590 1386 1634 vocatum,
1427 1583 1526 1637 quod
1551 1597 1636 1623 eum

115 1650 296 1692 Pleroma
317 1664 428 1691 omne
451 1651 641 1690 communi
665 1651 713 1691 sit
736 1651 877 1691 affectu
898 1665 942 1691 ac
962 1650 1231 1691 benevolentia
1251 1658 1511 1706 prosecutum.
1558 1650 1639 1692 Alii

116 1719 209 1760 solis
233 1733 284 1758 ex
309 1718 508 1758 Aeonibus
535 1721 665 1759 decem
681 1750 690 1768 ‚
736 1719 797 1773 qui
822 1733 844 1759 a
868 1717 999 1759 Verbo
1024 1717 1189 1773 Vitaque
1214 1718 1376 1760 derivati
1399 1726 1509 1770 sunt,
1552 1734 1638 1774 pro-

119 1789 256 1828 fectum
288 1786 390 1826 illum
423 1794 625 1838 asserunt,
670 1793 707 1826 et
733 1801 864 1827 eorum
897 1801 916 1826 a
948 1786 1083 1841 quibus
1110 1795 1232 1827 ortum
1258 1786 1407 1842 accepit
1433 1787 1640 1828 retinuisse

119 1854 288 1896 nomina.
352 1853 452 1895 Sunt
476 1855 537 1909 qui
561 1854 760 1895 duodecim
785 1869 835 1895 ex
858 1855 1079 1905 Aeonibus,
1113 1870 1209 1909 qnos
1238 1855 1363 1896 Homo
1390 1870 1436 1896 ac
1461 1854 1550 1896 Vita
1573 1870 1640 1909 ge-

120 1924 289 1973 nuerint,
325 1923 555 1978 profluxisse
576 1923 759 1973 sentiant,
794 1923 840 1963 ob
863 1923 975 1978 idque
994 1921 1134 1964 Filium
1153 1922 1330 1964 Hominis
1351 1924 1499 1975 vocari,
1533 1923 1642 1978 qnasi

123 1990 298 2032 Hominis
331 1999 523 2046 nepotem.
586 1989 793 2032 Nonnullis
827 1992 949 2045 placet
983 1992 1144 2032 eundem
1178 2006 1197 2031 a
1234 1989 1391 2033 Christo
1424 1999 1462 2033 et
1494 1990 1642 2047 Spiritu

121 2058 267 2101 Sancto
290 2060 334 2100 ad
359 2059 649 2100 sustentandum
673 2057 852 2099 Pleroma
876 2061 1069 2113 genitum,
1111 2060 1273 2114 ideoque
1297 2058 1493 2101 Christum
1518 2061 1644 2115 appel-

124 2128 258 2179 latum,
292 2135 331 2168 ut
351 2128 434 2168 eius
457 2142 477 2167 a
503 2142 576 2182 quo
599 2133 724 2167 ortum
748 2134 949 2182 acceperat
969 2142 1105 2168 nomen
1132 2128 1338 2168 obtineret.
1388 2128 1466 2169 Alii
1488 2142 1538 2168 ex
1561 2128 1643 2168 illo-

125 2211 207 2237 rum
233 2210 417 2247 numero,
463 2204 503 2236 ut
529 2196 578 2236 ita
603 2195 748 2246 dicam,
792 2195 969 2250 rhapsodi
994 2210 1180 2236 summum
1206 2196 1474 2237 universorum
1496 2194 1643 2236 Paren-

124 2272 200 2305 tem
233 2278 277 2304 ac
307 2263 468 2319 primum
502 2263 727 2319 principium
759 2263 994 2318 primumque
1025 2264 1258 2316 cogitatione
1289 2264 1409 2304 maius
1439 2263 1642 2304 Hominem

126 2332 256 2373 vocari
292 2332 499 2381 deliniunt,
544 2332 653 2385 idque
685 2345 862 2385 magnum
893 2331 983 2372 illud
1015 2339 1052 2372 et
1076 2346 1255 2372 arcanum
1289 2345 1376 2372 esse
1401 2331 1641 2387 mysterium,

128 2401 227 2454 quod
253 2400 316 2440 illa
344 2399 484 2440 ceteris
507 2399 681 2440 omnibus
704 2399 938 2440 antecellens
960 2400 1162 2453 omniaque
1185 2399 1386 2440 continens
1410 2398 1542 2440 Virtus
1566 2398 1646 2440 Ho-

129 2468 240 2508 minis
266 2468 520 2523 appellatione
544 2474 771 2518 censeatur,
805 2475 842 2508 et
865 2468 1007 2508 idcirco
1032 2466 1274 2509 Salvatorem
1297 2468 1543 2523 semetipsum
1563 2467 1645 2508 Ho-

130 2535 241 2576 minis
273 2536 471 2576 nominare
501 2536 632 2576 filium.

251 2602 450 2644 Eiusmodi
494 2612 553 2644 est
591 2604 717 2656 inepta
756 2603 818 2643 illa
855 2618 899 2644 ac
937 2604 1181 2644 commentita
1211 2601 1414 2644 Colorbasi
1452 2603 1640 2654 doctrina,

133 2686 240 2726 quam
273 2686 412 2726 magno
446 2671 649 2712 verborum
685 2671 846 2726 strepitu
882 2678 994 2726 atque
1029 2686 1164 2727 pompa
1199 2672 1237 2712 in
1273 2672 1445 2712 homines
1478 2672 1642 2714 invexit.

134 2737 257 2792 Quam
284 2740 317 2780 si
341 2740 424 2794 quis
449 2740 653 2793 diligenter
674 2739 974 2790 animadvertat,
1020 2741 1128 2780 facile
1153 2754 1204 2780 ex
1228 2739 1488 2793 superioribus
1513 2741 1646 2782 haere-

135 2807 218 2847 tieis
239 2807 426 2862 intelliget
448 2821 599 2848 omnem
621 2806 722 2846 illam
747 2806 966 2861 opinionum
991 2809 1216 2848 varietatem
1239 2808 1284 2847 ab
1309 2806 1515 2848 ambitione
1540 2822 1647 2850 arro-

138 2930 308 2964 ostendere
330 2931 434 2963 voluit
461 2931 525 2963 hoc
551 2931 654 2974 ipsum
682 2932 788 2962 Homo
812 2931 865 2962 di-
911 2934 988 2964 illud
1011 2931 1052 2965 τὰ
1078 2942 1114 2964 ex
1138 2928 1284 2974 ὀνόματα
1306 2935 1471 2965 accrevisse
1493 2937 1586 2972 paret.

138 2984 225 3009 ctum
243 2983 300 3007 est.
335 2979 459 3008 Putavit
475 2979 569 3017 igilur
587 2973 668 3010 αὐτὸ
687 2987 744 3016 pro
763 2973 874 3010 αὐτὸν.
961 2981 993 3010 ὅ.
1018 2977 1055 3011 ἐκ
1078 2977 1143 3010 τῶν
1166 2977 1223 3010 τεῦ
1247 2978 1293 3008 ed.
1312 2979 1417 3009 Petav.
1430 3002 1439 3017 ,
1463 2979 1611 3010 mendose.

189 3044 212 3054 ,.
240 3019 280 3054 τὰ
313 3019 519 3061 διασώζοντες
548 3023 657 3053 habent
686 3024 764 3053 libri.
811 3024 872 3054 Sed

207 3076 322 3111 Corpus
341 3075 516 3103 Haereseol.
536 3075 574 3102 11.
1332 3082 1379 3121 3¹

1679 2615 1755 2657 Cap.
1777 2615 1817 2647 11.
