2034 3267
208 1323 295 1365 Κεφ.

322 1317 349 1354 Ol*

384 219 458 258 150
939 216 1099 248 SANCTI
1128 216 1350 248 EPlPHANn

378 304 488 353 τέστη
509 298 608 353 πρὸς
634 294 702 337 τὸν
722 296 823 335 ἰ’διον
848 291 969 334 αὐτοῦ
994 292 1150 346 πατέρα.
1216 286 1342 339 Οὗτος
1363 291 1435 346 γάρ
1464 295 1561 345 ἔστι,
1593 297 1737 348 φησὶν,
1770 293 1791 336 ὀ
1814 296 1900 343 υἷος

379 373 450 410 τοῦ
473 363 618 419 πατρὸς
641 361 663 404 ὁ
688 361 988 414 προειρημένος,
1020 357 1042 401 ὁ
1068 357 1294 406 ἀποσταλεὶς
1317 360 1381 400 ἐπὶ
1407 362 1573 418 βοηθείᾳ
1606 368 1683 403 τῶν
1705 365 1802 404 υἱῶν
1822 367 1901 403 τῶν

380 431 628 486 ἀνθρώπων,
658 427 706 470 δι’
728 429 776 481 ἣν
799 426 897 469 εἶδεν
919 425 941 469 ό
964 425 1092 481 πατὴρ
1123 425 1405 468 ἀκαταστασίαν
1435 428 1476 467 ἔν
1497 444 1535 468 τε
1566 436 1647 478 τοῖς
1673 428 1903 484 ἀνθρώποις

381 502 446 542 καὶ
468 501 509 541 ἐν
538 503 619 546 τοῖς
643 495 832 551 ἀγγέλοις·
871 496 937 536 καὶ
960 489 1076 542 οὗτός
1098 495 1194 545 ἐστι,
1226 495 1369 547 φησὶν,
1400 491 1426 546 ἦ
1451 499 1619 548 σωτηρία
1639 495 1769 549 ἡμῶν,
1802 495 1823 539 ό
1845 499 1899 538 ε’λ-

379 566 469 608 θών
489 567 556 607 καὶ
579 563 673 618 ἡμῖν
693 563 828 616 μόνοις
848 561 1110 614 ἀποκαλύψας
1131 560 1276 614 ταύτην
1297 559 1367 614 τήν
1386 559 1585 614 ἀλήθειαν.
1631 569 1813 606 Τοιαῦται
1834 564 1903 617 μὲν

381 636 425 676 αἰ
440 634 640 690 ῥαψῳδίαι
660 637 728 684 τῆς
749 635 818 672 τοῦ
841 628 1010 685 ἀγύρτου
1033 633 1288 681 μυθοποιίας.
1327 627 1445 669 Ἀλλὰ
1466 630 1533 670 καὶ
1553 627 1785 673 ἀπεντεῦθεν
1807 648 1903 686 προ-

380 700 604 753 κοπτούσης
628 704 696 752 τῆς
721 696 967 752 ἀκαθαρσίας
990 701 1060 749 τῆς
1085 695 1162 738 ἀπὸ
1196 701 1266 738 τοῦ
1288 699 1467 749 Σίμωνος
1490 697 1746 750 ἐναρξαμένης
1774 703 1904 740 πᾶσαν

383 768 627 821 ἐπιτήδευσιν
654 768 944 819 κακομηχανίας
975 765 1039 805 καὶ
1064 762 1257 819 ἀσελγείας
1287 765 1481 818 ἐπιτρέπει
1514 762 1606 812 τούς
1639 759 1744 822 αὐτῷ
1774 772 1901 819 μαθη·

381 837 612 889 τευομένους
634 835 836 883 ἐπιτελεῖν,
871 831 1046 884 3ἄνδρας
1069 830 1163 884 μετα
1185 836 1378 886 γυναικῶν
1410 833 1641 884 πολυμιξίαν
1672 831 1755 873 τινα
1781 838 1904 886 κακῆς

383 902 611 950 ὑποθέσεως
634 900 725 949 τούς
749 899 852 957 αὐτῷ
879 900 1109 948 πεισθέντας
1136 898 1363 941 ἐκδιδάσκει.
1419 897 1488 947 Ὡς
1511 899 1604 953 λέγει
1633 896 1657 940 ὅ
1677 897 1903 950 ἀπόστολος,

385 972 448 1013 ἐπὶ
468 969 620 1017 τούτοις
648 970 712 1010 καὶ
740 973 822 1016 τοῖς
843 965 993 1020 ὁμοίοις
1022 964 1151 1007 αὐτῶν
1174 965 1522 1008 ἀποκαλύπτεσθαι
1544 965 1665 1021 ὀργὴν
1689 971 1809 1017 θεοῦ,
1839 968 1905 1008 καὶ

383 1039 664 1092 δικαιοκρισίαν
686 1037 750 1077 ἐπὶ
768 1034 860 1084 τούς
881 1033 953 1088 τήν
976 1033 1166 1087 ἀλήθειαν
1196 1035 1235 1075 εἶν
1258 1032 1393 1090 ἀδικία
1416 1035 1653 1087 κατέχοντας.
1715 1033 1792 1075 Διά
1816 1033 1904 1075 ταί-

383 1123 453 1159 την
473 1104 546 1161 γὰρ
572 1103 675 1157 4τήν
697 1104 824 1144 αἰτίαν
844 1107 912 1155 τῆς
932 1100 1182 1155 ἡδυπαθείας
1204 1102 1335 1143 πολλοὶ
1360 1103 1414 1150 εἰς
1434 1100 1505 1154 τήν
1528 1104 1674 1156 αἵρεσιν
1696 1103 1906 1154 ἐμπίπτου-

385 1187 458 1223 σιν,
489 1171 611 1220 ἀδεῶς
636 1169 876 1225 εὑρίσκοντες
898 1171 1079 1211 ἐπιτελεῖν
1100 1167 1169 1222 τήν
1195 1167 1342 1222 ἡδονὴν
1361 1170 1509 1210 ἑαυτῶν
1531 1170 1571 1210 ἐν
1594 1175 1677 1217 ταῖς
1701 1171 1903 1224 αἰσχρουρ-

386 1244 499 1297 γίαις.

494 1305 680 1347 Διδάσκει
702 1305 742 1345 δὲ
766 1303 883 1344 πάλιν
905 1304 969 1344 καὶ
997 1301 1202 1356 ἀνατρέπει
1225 1300 1390 1353 φάσκων
1413 1301 1465 1354 μὴ
1489 1304 1570 1343 δεῖν
1593 1310 1809 1358 μαρτυρεῖν.
1866 1301 1910 1344 Ὁ

388 1374 460 1432 γάρ
486 1376 692 1428 μαρτυρῶν
716 1370 886 1424 ἄμισθος
909 1368 1180 1425 εὑρεθήσεται,
1211 1372 1419 1422 μαρτυρῶν
1440 1366 1537 1424 ὑπὲρ
1555 1375 1626 1411 τοῦ
1649 1371 1910 1424 πεποιηκότος

387 1442 454 1484 τὸν
478 1440 711 1494 ἄνθρωπον·
743 1443 931 1492 μαρτυρεῖ
947 1435 1020 1491 γάρ
1041 1434 1136 1491 ὑπὲρ
1164 1441 1178 1464 ¹
1193 1440 1261 1477 τοῦ
1283 1437 1578 1491 ἐσταυρωμένου
1592 1440 1783 1490 Σίμωνος.
1825 1437 1909 1480 Πό-

390 1516 462 1551 θεν
484 1508 524 1549 δὲ
546 1505 670 1563 τούτῳ
696 1504 840 1558 μισθὸς
870 1507 948 1557 εἰή,
989 1502 1108 1545 ὁπότε
1137 1501 1382 1556 ἀποθνήσκει
1413 1504 1482 1556 μὲν
1512 1502 1610 1559 ὑπὲρ
1632 1508 1812 1557 Σίμωνος
1840 1511 1909 1548 τοῦ

388 1575 692 1629 ἐσταυρωμένον,
723 1571 821 1625 ὑπὲρ
846 1576 1017 1627 Χριστοῦ
1041 1571 1081 1612 δὲ
1104 1575 1219 1612 τοῦτο
1244 1576 1372 1612 ποιεῖν
1397 1569 1579 1626 ὁμολογεῖ
1599 1571 1621 1613 ὃ
1641 1570 1781 1626 ἀγνοεῖ,
1813 1571 1910 1614 ἀπο-

389 1643 577 1697 θνήσκων
598 1639 697 1694 ὑπὲρ
729 1635 778 1681 οὗ
804 1638 851 1681 οὗ
877 1638 1075 1694 γινώσκεις
1120 1643 1195 1679 Δεῖ
1212 1641 1344 1680 τοίνυν
1365 1636 1591 1693 ἀρκεῖσθαι,
1621 1641 1688 1681 καὶ
1714 1638 1767 1692 μὴ
1791 1657 1912 1695 προα-

390 1711 505 1753 λόντα
535 1707 815 1760 ἀποθνήσκειν.

507 1911 794 1966 Φωραθήσεται
826 1911 867 1952 δὲ
900 1905 1014 1959 οὗτος
1046 1909 1274 1963 διαβολικήν
1308 1908 1474 1962 δύναμιν
1506 1907 1776 1963 εἶςηγούμενος
1814 1907 1914 1950 κατὰ

392 1987 469 2024 τῶν
490 1985 650 2034 ψυχῶν,
683 1978 991 2033 ἀπαρνησιθεΐαν
1013 1976 1133 2025 αύτάς
1157 1975 1418 2027 ἐκδιδάσκων,
1449 1974 1566 2018 ὁπότε
1589 1974 1707 2024 αύτὸς
1733 1974 1755 2018 ὁ
1775 1975 1913 2029 κύριός

393 2063 508 2103 φησι,
551 2047 628 2090 Τόν
654 2045 892 2102 ἀρνούμενόν
921 2062 966 2098 με
1001 2044 1167 2087 ἐνώπιον
1197 2049 1274 2086 τῶν
1306 2043 1530 2099 ἀνθρώπων
1559 2042 1776 2098 ἀρνήσομαι
1804 2042 1911 2099 κάγώ

368 2116 514 2159 ,αὐτὸν
546 2114 713 2158 ἐνώπιον
746 2118 817 2154 τοῦ
851 2111 997 2167 πατρός
1032 2130 1107 2165 μου
1137 2117 1208 2154 τοῦ
1241 2114 1281 2154 ἐν
1315 2110 1508 2167 οὐρανοῖς.
1573 2109 1709 2152 1Ἀλλά
1742 2125 1862 2163 φησιν
1892 2108 1914 2152 ὅ

394 2184 582 2240 ἀγύρτης,
624 2181 772 2235 Ἡμεῖς,
803 2181 944 2233 φησὶν,
977 2180 1088 2232 ἐσμὲν
1112 2182 1152 2221 οἱ
1175 2178 1401 2234 ἅνθρωποι,
1432 2181 1472 2220 οἱ
1491 2179 1532 2220 δὲ
1559 2177 1665 2219 ἄλλοι
1685 2177 1826 2227 πάντες
1848 2177 1916 2227 ὕες

393 2254 461 2294 καὶ
480 2250 612 2299 κύνες·
654 2250 722 2291 καὶ
745 2247 808 2290 διὰ
830 2253 945 2289 τοῦτο
970 2246 1071 2297 εἷπε,
1114 2247 1189 2301 Μὴ
1221 2246 1359 2301 βάλητε
1386 2245 1477 2295 τούς
1509 2248 1743 2300 μαργαρίτας
1773 2247 1915 2299 ἔμπρο-

395 2326 493 2361 σθεν
512 2323 590 2360 τῶν
612 2320 764 2371 χοίρων,
797 2316 892 2369 μηδὲ
913 2314 999 2356 δότε
1022 2313 1063 2356 τό
1084 2314 1195 2369 ἅγιον
1218 2322 1299 2363 τοῖς
1321 2317 1419 2357 κυσί.
1480 2312 1654 2365 Κρύπτει
1679 2312 1751 2367 γαρ
1775 2314 1914 2355 ἑαυτοῦ

395 2386 465 2440 τὴν
486 2384 640 2428 ἀδικίαν
665 2383 744 2426 ἀπὸ
766 2388 844 2425 τῶν
866 2387 960 2424 νοῦν
985 2381 1165 2435 ἐχόντων,
1205 2381 1469 2424 ἀποκαλύπτει
1492 2381 1534 2422 δὲ
1565 2385 1642 2438 2τῇ
1666 2382 1809 2422 ἑαυτοῦ
1829 2395 1915 2433 σχο-

394 2459 440 2512 λῇ
459 2455 524 2495 καὶ
544 2459 626 2501 τοῖς
647 2450 711 2494 ὑπ’
737 2450 857 2493 αὐτοῦ
879 2449 1151 2504 ήπατημένοις.
1207 2448 1367 2503 Ἐπειδὴ
1389 2448 1460 2504 γάρ
1486 2447 1644 2501 ἀληθῶς
1666 2446 1712 2488 τοὶ
1734 2446 1824 2501 παρ’
1847 2445 1915 2489 αύ-

394 2528 476 2570 τοῖς
496 2519 680 2576 λεγόμενα
699 2520 766 2562 καὶ
786 2517 968 2574 γινόμενα
992 2516 1148 2570 αἰσχρόν
1168 2519 1245 2559 ἐστι
1267 2519 1333 2559 καὶ
1354 2518 1495 2572 λέγειν,
1535 2516 1631 2569 λέγει
1661 2513 1720 2556 ὅτι
1749 2514 1916 2556 ἐνώπιον

395 2594 473 2630 τῶν
492 2587 718 2643 ἀνθρώπων
747 2589 808 2628 δεῖ
830 2584 1030 2640 ὁμολογεῖν
1053 2583 1125 2637 τήν
1146 2583 1343 2638 ἀλήθειαν.
1401 2583 1528 2637 Ἡμεῖς
1549 2581 1620 2637 γάρ
1649 2583 1758 2635 ἐσμεν
1785 2585 1825 2623 οἱ
1850 2581 1916 2624 ἅν-

396 2663 576 2710 θρωποι,
616 2657 656 2697 οἱ
687 2655 728 2696 δὲ
753 2653 856 2695 ἄλλοι
880 2652 946 2702 ῧες
975 2653 1040 2694 καὶ
1072 2651 1186 2700 κύνες
1217 2650 1271 2701 ῶς
1301 2658 1498 2705 προεῖπον.
1562 2649 1706 2691 Φάσκει
1733 2649 1774 2691 δὲ
1796 2649 1916 2702 μόνον

398 2725 487 2777 περὶ
508 2721 655 2777 πατρὸς
674 2723 742 2763 καὶ
763 2726 835 2763 τοῦ
857 2721 996 2762 ἑαυτοῦ
1019 2722 1232 2774 μυστηρίου
1256 2721 1394 2772 μηδενὶ
1417 2716 1718 2767 ἀποκαλύπτειν,
1748 2714 1840 2757 ἀλλά
1860 2731 1914 2757 σι-

399 2794 448 2846 γῇ
472 2791 568 2842 ἔχειν
591 2791 632 2830 ἐν
662 2790 832 2839 ἑαυτοῖς,
874 2789 930 2829 ἒνὶ
951 2787 992 2828 δὲ
1016 2785 1094 2828 ἀπὸ
1116 2790 1243 2840 χιλίων
1272 2785 1580 2834 ἀποκαλύπτειν,
1610 2785 1676 2825 καὶ
1699 2785 1810 2825 δυσὶν
1839 2782 1916 2826 ἀπὸ

442 2914 474 2947 3.
497 2916 620 2946 Excidit
644 2914 719 2951 καὶ,
744 2918 776 2946 ni
799 2916 900 2955 fallor.
1183 2914 1308 2954 Rhediy.
1330 2921 1446 2953 quoque
1468 2913 1551 2942 liber.

443 2957 476 2991 4.
499 2957 560 3000 τήν
582 2969 644 2991 non
674 2963 716 2990 est
743 2962 775 2991 in
807 2961 877 2991 edit.
896 2961 994 2999 princ.
1043 2959 1137 2989 Habet
1229 2958 1304 2990 cn.
1329 2958 1382 2989 IV.
1409 2975 1446 2980 —
1485 2956 1511 2987 1.
1535 2954 1605 2991 τοῦ,
1628 2956 1709 2994 quod
1729 2956 1920 2987 desideratur

394 3008 519 3046 praeter
554 3006 670 3044 Vatia,
709 3005 788 3036 unde
819 3006 954 3044 reposuit
983 3005 1139 3041 petavius,
1185 3005 1217 3035 in
1238 3004 1303 3035 cod.
1315 3003 1441 3042 Rhedi9.
1460 3005 1487 3033 et
1508 3001 1700 3040 ediuprinc„
1723 3001 1761 3032 de
1779 3001 1844 3032 cod.
1860 3002 1921 3031 Va-
