2034 3267
441 186 617 218 PANAan
643 188 725 219 Lm.
743 189 767 219 1.
791 188 897 220 ToM.
914 188 954 221 n.
980 187 1107 219 HAER.
1127 187 1243 219 xxx.
1520 177 1599 217 269

87 266 182 305 dunt.
205 271 244 304 et
265 278 287 304 a
308 264 516 317 gentilibus
541 265 739 306 oriundum
765 279 867 314 esse,
901 266 1093 305 cuiusdam
1116 265 1320 305 occasione
1343 263 1433 314 loci,
1464 263 1502 303 in
1529 277 1603 317 quo

88 332 170 386 ipse
196 332 293 384 quod
322 346 384 371 res
420 340 504 372 erat
537 333 702 386 ingenue
729 333 920 386 proponit.
986 336 1198 379 Tarsensis,
1233 332 1374 386 inquit,
1407 346 1474 382 ego
1500 346 1595 378 sum,

87 414 153 438 nee
176 400 278 437 urbis
302 400 479 438 obscurae
501 404 604 439 civis.
667 400 732 440 Ex
755 415 828 454 quo
851 401 1030 453 gentilem
1053 399 1170 439 fuisse
1197 400 1399 450 colligunt,
1433 405 1471 438 et
1493 405 1597 438 utro·
1615 406 1784 440 Act-2¹‚39-

88 480 161 519 qne
190 473 346 519 parente
370 468 500 519 gentili
532 475 797 521 procreatum,
830 480 990 519 cumque
1018 466 1325 520 Hierosolymam
1356 465 1603 516 accessisset,

87 541 125 572 et
154 533 292 573 ibidem
321 533 550 586 aliquamdiu
584 535 810 582 mansisset,
853 533 1042 586 pontificis
1083 533 1195 572 filiam
1231 534 1370 572 ducere
1401 532 1597 572 statuisse.

89 598 220 652 Quare
246 601 478 655 proselytum
505 616 547 641 se
571 602 731 650 fecisse,
763 614 808 640 ac
837 599 1168 639 circumcisionem
1194 613 1415 653 usurpasse.
1459 599 1601 640 Postea

88 669 186 720 quod
216 668 260 706 ab
287 682 333 707 eo
364 669 543 722 coningio
565 668 795 714 excidisset,
828 667 966 707 iratum
994 668 1180 707 adversus
1204 667 1534 706 circumcisionem
1565 673 1604 706 et

87 734 309 783 sabbatum,
343 736 539 788 legemque
569 735 788 788 scripsisse.

200 789 279 831 Sed
309 798 474 845 apertam
510 792 733 830 calumniam
765 791 880 830 struit
915 790 1071 830 callidus
1105 789 1168 829 ille
1201 803 1361 843 serpens
1392 788 1594 843 animoque
1609 794 1802 837 Cap.xvn.

89 858 302 898 mendicus.
357 857 482 898 Ebion
503 859 638 912 quippe
662 857 855 898 Hebraica
875 872 954 898 vox
980 856 1132 897 Graeca
1152 857 1283 910 lingua
1306 857 1517 896 mendicum
1539 870 1601 896 so-

89 932 168 964 nat.
228 924 302 965 Est
327 933 451 965 autem
487 924 702 964 haereticus
736 926 808 964 iste
840 938 978 965 revera
1002 932 1153 975 mente,
1186 938 1252 978 spe
1281 924 1465 976 factisque
1495 938 1601 962 men-

88 992 216 1041 dicus,
251 1000 376 1046 utpote
402 991 464 1045 qui
489 990 684 1032 Christum
713 1006 857 1032 merum
882 1007 968 1032 esse
998 993 1187 1032 hominem
1215 991 1430 1040 existimet,
1464 991 1502 1030 in
1534 1005 1600 1030 eo-

88 1073 160 1112 que
184 1073 288 1113 spem
314 1074 396 1098 cum
419 1060 579 1112 quadam
607 1060 691 1099 lidei
715 1059 959 1099 mendicitate
984 1060 1161 1100 collocet.
1215 1059 1372 1099 Atenim
1397 1059 1459 1098 isti
1484 1058 1530 1098 de
1555 1072 1601 1098 ea

87 1139 130 1165 re
160 1126 392 1179 gloriantur,
435 1140 552 1179 seque
587 1127 782 1167 mendicos
808 1128 1051 1181 praedicant,
1094 1128 1192 1180 quod
1224 1126 1508 1181 apostolorum,
1540 1125 1598 1165 in·
1617 1134 1680 1161 Act.
1701 1135 1782 1168 4‚34-

89 1193 234 1246 quiunt,
267 1200 434 1246 tempore
457 1208 538 1233 mos
562 1202 666 1234 esset
693 1196 792 1235 bona
812 1210 883 1236 sua
909 1195 1139 1244 distrahere,
1174 1202 1212 1234 et
1238 1195 1282 1234 ad
1306 1194 1457 1234 illorum
1481 1194 1597 1248 pedes

87 1259 269 1300 abiicere.
330 1258 464 1314 ltaque
502 1275 544 1302 se
576 1263 726 1302 illorum
760 1264 937 1318 exemplo
970 1264 1015 1302 ad
1052 1263 1332 1303 mendicitatem
1366 1262 1512 1316 redigi,
1555 1274 1599 1300 ac

86 1326 195 1367 bonis
216 1327 390 1368 omnibus
412 1328 607 1379 abdicare,
643 1331 875 1384 proindeque
901 1331 1041 1385 passim
1064 1331 1260 1370 mendicos
1281 1329 1477 1384 appellari.
1519 1326 1599 1369 Sed

87 1393 157 1433 hoc
180 1394 226 1434 ab
259 1394 333 1435 illis
364 1409 417 1435 ex
449 1397 605 1450 ingenio
638 1398 840 1438 confictum
878 1406 952 1438 est.
1013 1396 1115 1437 Nam
1136 1397 1276 1437 Ebioni
1303 1398 1495 1452 proprium
1527 1397 1598 1436 hoc

86 1467 167 1500 erat
190 1476 352 1513 nomen,
386 1478 461 1503 non
484 1465 568 1505 sine
592 1465 773 1505 vaticinio
797 1473 925 1506 tamen
950 1466 1092 1519 alique,
1126 1481 1200 1519 quo
1225 1466 1421 1505 mendicus
1444 1467 1598 1507 infelix-

84 1541 155 1580 que
190 1529 272 1570 fore
301 1530 605 1584 significaretur,
650 1548 733 1573 cum
766 1548 786 1573 a
821 1534 1042 1587 parentibus
1084 1534 1120 1573 id
1162 1532 1327 1573 nominis
1368 1534 1594 1588 accepisset.

84 1593 209 1647 Quam
232 1611 326 1637 vero
350 1598 421 1638 alia
448 1600 563 1639 multa
590 1607 629 1640 et
653 1614 852 1655 perperam
875 1602 1054 1642 affectata
1087 1608 1126 1641 et
1155 1602 1344 1641 scelerata
1376 1616 1418 1642 ac
1449 1602 1597 1643 nefaria

84 1676 217 1703 eorum
239 1664 413 1706 instituto
436 1669 647 1721 geruntur!
710 1667 874 1720 Quoties
902 1670 1002 1709 enim
1027 1669 1163 1723 aliquis
1189 1670 1336 1709 illorum
1362 1669 1398 1709 in
1424 1671 1596 1710 morbum

82 1729 239 1782 incidit,
272 1739 339 1773 aut
366 1748 388 1774 a
414 1743 595 1789 serpente
619 1750 770 1776 morsus
793 1743 874 1786 est,
908 1737 953 1776 ad
976 1751 1093 1790 aquas
1116 1738 1328 1778 descendit.
1388 1735 1443 1777 lbi
1468 1738 1598 1792 appel*

82 1796 246 1839 lationes
274 1814 430 1852 omnes,
464 1817 559 1856 quae
585 1802 701 1844 Elxai
722 1804 947 1858 complexus
974 1812 1054 1854 est,
1086 1805 1265 1855 invocat,
1297 1804 1395 1845 coeli
1418 1805 1598 1845 videlicet

83 1878 128 1905 ac
151 1872 299 1918 terrae,
332 1869 425 1909 salis
448 1878 487 1910 et
507 1885 627 1925 aquae
643 1903 653 1921 ,
686 1879 886 1912 ventorum
912 1879 950 1912 et
968 1873 1208 1924 angelorum,
1240 1880 1281 1913 ut
1303 1879 1456 1922 vocant,
1488 1873 1597 1913 iusti—

83 1932 182 1982 tiae,
227 1935 334 1989 panis
370 1937 462 1977 item
501 1945 539 1977 et
575 1939 665 1979 olei.
739 1937 888 1979 Deinde
919 1940 1079 1980 solenne
1114 1940 1186 1980 hoc
1220 1955 1373 1980 carmen
1405 1940 1592 1995 concipit:

81 2003 222 2040 Adeste
243 2006 343 2052 mz'lzz',
377 2012 417 2043 et
433 2007 530 2044 hunc
552 2021 574 2045 a
596 2021 650 2045 me
671 2009 831 2045 dolorem
853 2009 1034 2058 depellite.
1097 2007 1174 2048 lam
1200 2008 1270 2048 hoc
1290 2016 1400 2048 antea
1425 2009 1596 2048 declara-

81 2070 228 2122 vimus,
261 2073 389 2113 omnia
411 2072 504 2115 baec
527 2072 713 2114 Ebionem
741 2073 948 2124 nesciisse,
983 2074 1141 2129 eiusque
1168 2076 1373 2130 discipulos
1402 2077 1596 2130 aliquanto

83 2145 170 2192 post
192 2154 275 2180 cum
291 2139 408 2181 Elxai
432 2142 695 2182 coalescentes
719 2141 764 2180 ab
787 2140 935 2181 Ebione
959 2142 1287 2183 circumcisionem
1312 2158 1356 2183 ac
1379 2145 1592 2195 sabbatum,

84 2212 254 2265 aliosque
281 2211 377 2251 ritus
402 2210 620 2264 accepisse,
655 2209 700 2248 ab
723 2207 838 2248 Elxai
858 2223 952 2249 vero
976 2211 1164 2250 somnium
1189 2212 1276 2250 illud
1293 2242 1303 2260 ,
1337 2219 1376 2251 ut
1399 2210 1594 2252 Christum

83 2280 242 2319 formam
271 2292 357 2318 esse
385 2279 571 2331 quandam
599 2276 785 2316 humanae
810 2277 994 2328 similem,
1028 2291 1151 2331 neque
1180 2278 1393 2318 hominibus
1421 2287 1595 2333 aspecta-

83 2346 195 2386 bilem
221 2359 308 2386 esse
341 2346 552 2399 fingerent,
594 2344 830 2397 longitndine
855 2345 995 2384 milium
1020 2342 1181 2396 XCVI,
1226 2345 1288 2399 qui
1319 2354 1407 2385 sunt
1436 2347 1594 2390 schoeni

85 2421 247 2468 quatuor
270 2420 306 2453 et
328 2404 478 2466 viginti,
504 2411 703 2451 latitudine
725 2411 977 2452 schoenorum
1003 2411 1073 2462 VI,
1100 2413 1170 2452 hoc
1190 2419 1248 2452 est
1267 2412 1408 2452 milium
1429 2412 1591 2464 XXIV,

85 2481 326 2521 crassitudini
349 2480 511 2533 denique
536 2479 647 2518 aliam
675 2491 890 2518 mensuram
916 2479 1140 2519 attribuunt.
1199 2478 1324 2533 Prope
1350 2480 1470 2534 ipsum
1498 2495 1593 2521 vero

84 2556 186 2589 stare
210 2548 382 2602 spiritum
406 2553 577 2587 sanctum
603 2545 775 2585 muliebri
798 2546 939 2599 figura,
972 2547 1025 2586 ita
1052 2554 1177 2586 tamen
1206 2554 1247 2586 nt
1265 2546 1385 2587 videri
1411 2556 1590 2602 nequeat,

85 2616 330 2669 eiusdemque
364 2628 451 2655 esse
475 2626 693 2653 mensurae.
752 2612 884 2666 Roges
910 2615 1010 2654 unde
1041 2628 1105 2653 eas
1128 2628 1327 2653 mensuras
1354 2615 1590 2668 acceperint.

86 2681 118 2722 E
153 2684 365 2731 montibus,
409 2681 606 2734 inquiunt,
641 2680 862 2721 observatas
890 2681 1094 2731 habemus,
1138 2695 1295 2734 quorum
1327 2681 1372 2720 ad
1407 2683 1590 2722 verticem

85 2749 232 2790 illorum
257 2751 379 2804 capita
402 2748 682 2803 pertingebant,
710 2762 826 2800 quare
845 2749 1026 2788 montium
1050 2748 1283 2788 altitudinem
1307 2746 1592 2789 dimensiChri-

86 2815 134 2856 sti
161 2830 204 2856 ac
232 2817 354 2857 sancti
380 2817 535 2871 spiritus
563 2814 858 2868 magnitudinem
890 2816 1157 2870 comperimus.
1223 2814 1365 2855 Verum
1391 2816 1436 2856 de
1464 2815 1521 2856 his
1551 2816 1591 2856 in

132 2915 208 2949 Cn.
230 2918 335 2949 Xvn.
361 2936 403 2941 ——
443 2918 470 2948 l.
496 2916 594 2958 ἔγνων
616 2917 705 2947 codd.
722 2919 814 2948 l'atic.
858 2920 1017 2948 verterim:
1042 2918 1082 2947 Et
1104 2916 1186 2947 unde
1211 2915 1397 2959 acceperint
1420 2928 1473 2949 eas
1495 2928 1591 2949 men-

87 2960 212 3001 Rhedig.
245 2963 280 2994 ln
300 2963 346 2994 ed.
356 2965 454 3002 princ.
468 2965 509 2994 est
526 2957 642 3004 ἅγνων.
679 2962 815 2992 Ceterum
859 2973 947 2993 suras
970 2961 1059 2993 dicit.
