2034 3267
465 199 639 232 PANARn
662 200 780 232 Lini.
802 200 909 233 ΤοΜ.
936 202 975 233 n.
1000 201 1129 233 HAER.
1149 202 1267 234 xxx.
1543 196 1618 236 241

106 287 195 318 sunt
215 282 251 318 in
274 279 368 317 libro
388 280 470 325 hoe,
505 287 547 317 ut
563 282 685 330 [ποῖαί
705 293 760 317 ea.
825 277 884 319 Eo
909 280 1036 334 itaque
1059 278 1238 321 Christus
1260 281 1429 332 advenit,
1462 288 1502 322 ut
1524 296 1621 335 quae

107 347 211 386 dirae
240 346 432 386 cuiusdam
461 345 623 385 vinculis
652 346 937 400 imprecationis
964 355 1075 386 erant
1100 347 1284 388 obstricta
1307 349 1492 390 solveret.
1542 348 1621 403 Qui

106 413 254 466 quidem
286 427 353 467 pro
384 412 536 466 exiguis
570 413 667 462 illis,
700 426 797 465 quae
826 413 956 466 pertici
991 427 1066 453 non
1101 422 1297 468 poterant,
1341 416 1451 456 nobis
1482 431 1621 471 magna

106 480 315 529 concessit,
349 481 386 519 in
411 480 546 533 quihus
569 480 805 533 exequendis
831 479 945 529 nihil,
980 487 1020 519 ut
1042 481 1080 519 in
1105 482 1295 534 prioribus
1317 483 1406 533 illis,
1442 491 1500 523 est
1522 485 1622 537 quod

104 561 187 586 cum
211 547 332 587 altero
354 553 556 601 repugnet.
603 547 731 599 Atque
755 546 825 585 hoc
850 547 929 585 fere
954 547 1066 585 modo
1089 547 1126 586 in
1151 549 1253 587 omni
1276 551 1504 590 confutanda
1531 551 1620 591 hae-

105 615 207 663 resi,
242 628 338 667 quae
361 614 533 664 sabbati,
567 613 627 653 vel
651 612 977 661 circumcisioniS‚
1011 613 1070 652 vel
1095 614 1252 654 alterius
1280 615 1495 670 huiusmodi
1525 619 1621 658 ritus

105 682 415 721 observationem
454 679 755 735 praescriberet,
797 679 899 719 istud
935 679 1058 733 ipsum
1093 681 1359 722 demonstrare
1389 685 1618 734 studuimus,

105 749 296 788 dominum
326 749 436 788 nobis
457 760 551 800 qnae
576 752 707 785 essent
728 746 958 799 perfectiora
981 746 1178 786 tribuisse.
1242 747 1480 802 Ecquidnam
1507 753 1624 803 igitur

104 817 150 855 ad
180 815 236 854 sni
267 815 557 855 excusationem
580 813 720 852 afferre
744 812 798 852 illi
828 819 1030 866 poterunt,
1063 813 1125 866 qui
1152 813 1300 867 spiritui
1324 824 1458 856 sancto
1486 833 1622 871 parere

104 884 341 932 detrectant,
375 882 409 921 ei
433 881 583 933 inquam
609 879 757 933 spiritui
784 879 847 933 qui
875 893 943 933 per
966 881 1163 934 apostolos
1189 882 1372 932 edixerit,
1405 899 1450 922 ne
1468 889 1620 935 genlz'lc'-
1641 894 1702 920 Act.
1724 897 1763 929 15,
1782 899 1814 924 20

106 952 171 988 bus
192 953 242 988 ml
263 952 507 988 Christianam
529 948 744 997 religionem
770 950 952 985 traduclis
972 962 1064 986 onus
1088 951 1336 999 imponeretur
1357 953 1481 998 aliud,
1515 967 1620 1003 quam

107 1021 196 1055 haec
223 1018 449 1061 necessaria,
483 1021 526 1052 ut
544 1027 566 1052 a
589 1017 792 1064 sanguine,
826 1023 863 1052 et
881 1017 1087 1068 sajffbcato,
1122 1024 1159 1053 et
1169 1018 1426 1068 fornicatione
1450 1027 1489 1056 et
1514 1022 1622 1057 idolis

105 1087 286 1123 immolato
314 1097 391 1121 sese
415 1084 672 1119 continerent?
731 1081 795 1120 An
826 1096 900 1121 non
934 1082 1061 1121 divina
1088 1096 1156 1122 eos
1189 1084 1372 1124 excidere
1400 1086 1524 1138 gratia
1556 1101 1622 1127 ne—

104 1165 214 1191 cesse
240 1156 319 1199 est,
353 1162 437 1188 cum
466 1148 517 1188 ita
540 1155 695 1188 sanctus
717 1146 863 1189 Paulus
895 1149 1091 1202 apostolus
1122 1150 1342 1204 scripserit:
1384 1155 1432 1191 Si
1456 1156 1613 1193 circum-
1627 1162 1730 1191 Galat.
1748 1167 1775 1199 5,
1794 1168 1818 1194 2.

106 1220 295 1263 cidamini,
332 1218 502 1254 Christus
525 1218 623 1254 m‘ln’l
644 1217 744 1254 vobis
768 1219 962 1267 proderit:
996 1220 1213 1269 quicumque
1236 1223 1273 1258 in
1297 1221 1379 1271 lege
1403 1223 1627 1271 gloriamini

103 1301 125 1324 α
151 1287 276 1336 gralia
307 1286 525 1322 excidistis?

213 1349 473 1404 Quamobrem
506 1357 641 1390 contra
664 1350 760 1390 hanc
784 1350 896 1390 etiam
921 1351 1101 1391 haeresin
1124 1352 1254 1393 brevis
1284 1353 1358 1394 ista
1386 1362 1520 1396 nostra
1544 1357 1620 1398 dis·
1647 1363 1723 1407 Cap.
1744 1366 1800 1397 lx.

102 1418 241 1474 putatio
275 1418 450 1458 sufficiet.
511 1416 645 1457 Facile
676 1417 776 1457 enim
811 1418 875 1458 isti
908 1419 1032 1458 refelli
1064 1420 1317 1474 convincique
1352 1431 1534 1476 possunt,
1575 1439 1620 1465 ac

99 1485 231 1526 Iudaei
265 1485 389 1540 potius
421 1499 530 1538 quam
566 1484 737 1524 cuiusvis
771 1485 929 1525 alterius
962 1486 1118 1539 generis
1145 1495 1255 1538 sunt,
1289 1491 1439 1530 tametsi
1468 1489 1619 1532 ludaeis

100 1554 175 1594 sint
197 1552 467 1593 inimicissimi.
528 1551 667 1605 Neque
695 1552 795 1592 enim
821 1551 1049 1593 Iudaeorum
1073 1555 1215 1608 posteri
1241 1556 1365 1596 solum
1390 1558 1542 1612 capitali
1574 1559 1619 1600 il-

98 1621 156 1661 los
186 1621 273 1660 odio
305 1626 610 1675 persequuntur,
643 1620 710 1659 sed
739 1626 777 1659 et
808 1634 942 1670 mane,
975 1635 1019 1660 ac
1043 1622 1223 1672 meridie,
1257 1630 1295 1662 et
1327 1624 1373 1663 ad
1396 1638 1615 1680 vesperam,

99 1695 159 1728 ter
181 1689 224 1727 de
251 1687 334 1738 die,
366 1701 449 1727 cum
473 1687 510 1726 in
533 1686 742 1741 synagogis
769 1687 848 1727 suis
872 1687 918 1727 ad
946 1689 1131 1728 orandum
1157 1691 1393 1731 conveniunt
1417 1693 1509 1732 diris
1532 1694 1617 1735 illos

100 1756 308 1806 devovent,
340 1769 384 1795 ac
409 1755 560 1795 solenni
580 1754 854 1808 imprecatione
880 1755 1138 1808 proscribunt.
1198 1757 1259 1796 Ac
1279 1756 1527 1812 Nazaraeos,
1559 1762 1618 1801 in-

100 1823 254 1877 quiunt,
288 1823 381 1862 deus
405 1829 628 1862 execretur.
690 1819 733 1861 In
757 1822 825 1861 hos
851 1822 949 1861 enim
974 1822 1183 1863 offensiore
1206 1831 1245 1864 et
1265 1825 1466 1867 acerbiore
1490 1828 1617 1869 animo

100 1899 210 1940 sunt,
244 1890 342 1943 quod
373 1904 456 1929 cum
486 1903 506 1928 e
529 1887 756 1928 Iudaeorum
783 1903 943 1929 numero
967 1890 1066 1940 sint,
1100 1891 1345 1932 nihilominus
1369 1891 1498 1934 Iesum
1530 1910 1618 1936 esse

100 1955 296 1998 Christum
322 1957 566 2010 praedicent,
599 1956 697 2010 quod
727 1956 774 1996 iis
799 1956 860 2010 qui
883 1954 1112 2005 ludaeorum
1137 1958 1259 1998 adhuc
1283 1962 1523 2003 ceremonias
1554 1978 1617 2003 co-

99 2025 202 2074 lunt,
246 2024 431 2079 imprimis
466 2031 526 2063 est
561 2022 817 2073 contrarium,
858 2023 922 2078 qui
953 2022 1150 2065 Christum
1184 2026 1364 2067 videlicet
1397 2030 1613 2083 repudiant·

98 2090 172 2131 Est
199 2105 294 2131 vero
331 2105 449 2146 penes
485 2091 572 2132 illos
604 2090 847 2144 evangelium
885 2092 1093 2132 secundum
1124 2091 1389 2144 Mamaeum,
1424 2095 1616 2138 Hebraice

100 2158 307 2213 scriptum,
350 2159 563 2212 etquidem
594 2157 934 2199 absolutissimum.
995 2157 1081 2199 Hoc
1107 2160 1209 2200 enim
1234 2162 1472 2213 certissime,
1506 2173 1618 2218 prout

100 2225 303 2266 Hebraicis
322 2225 445 2266 literis
465 2226 574 2266 initio
598 2225 780 2279 scriptum
802 2232 875 2277 est,
907 2226 946 2265 in
969 2225 1195 2267 hodiernum
1217 2234 1365 2282 tempus
1386 2244 1507 2283 usque
1525 2246 1617 2271 con-

99 2300 272 2333 servant.
319 2291 466 2334 Verum
485 2293 575 2333 illud
598 2292 746 2342 nesci0,
779 2306 868 2332 num
891 2293 1140 2347 genealogias
1162 2293 1248 2334 illas
1269 2297 1500 2350 amputarint
1520 2313 1617 2352 quae

102 2360 148 2400 ab
170 2360 367 2401 Abraamo
389 2361 435 2401 ad
460 2358 655 2401 Christum
685 2372 804 2412 usque
831 2360 1037 2414 perductae
1066 2368 1170 2401 sunt.
1230 2359 1435 2403 Postremo
1462 2379 1545 2405 cum
1572 2366 1617 2405 il-

101 2427 175 2467 lam
200 2428 378 2468 haeresin
407 2428 462 2468 sic
487 2435 667 2480 tanquam
690 2426 916 2467 imbecillem
940 2429 1127 2482 quendam
1151 2435 1188 2468 et
1209 2436 1439 2470 venenatum
1459 2432 1616 2473 crabro-

103 2508 187 2535 nem
209 2495 572 2550 deprehenderimus
594 2507 638 2533 ac
656 2493 830 2534 veritatis
849 2495 1025 2535 oratione
1045 2495 1333 2547 obtriverimus,
1366 2512 1436 2538 nos
1454 2499 1499 2538 ad
1522 2500 1616 2539 alias

103 2561 305 2617 deinceps,
340 2577 362 2602 o
393 2560 606 2612 carissimi,
639 2560 767 2601 divino
798 2561 885 2602 freti
916 2563 1108 2617 praesidio
1139 2564 1399 2606 conferamus.

346 2719 808 2768 ADVERSUS
860 2720 1372 2783 EBIONAEOS,

446 2815 552 2860 quae
590 2803 657 2846 est
690 2798 883 2847 haeresis
917 2800 999 2861 X.,
1034 2802 1105 2849 vel
1139 2801 1284 2848 XXX.

213 2895 441 2939 Nazaraeos
467 2897 610 2947 Ebion,
645 2913 666 2938 a
691 2913 765 2951 quo
791 2898 994 2941 Ebionitae
1017 2901 1123 2950 dicti,
1157 2901 1333 2955 proxime
1356 2906 1619 2959 consequitur,
1647 2910 1719 2952 cap.
1744 2909 1766 2941 1·

107 2963 312 3017 eademque
335 2980 420 3005 cum
444 2966 520 3006 illis
543 2967 721 3020 dogmata
743 2966 955 3020 profitetur.
1020 2967 1131 3022 Quod
1155 2970 1385 3011 horrendum
1408 2980 1620 3013 monstrum

171 3028 284 3064 Corpus
303 3030 481 3059 Haereseol.
501 3030 537 3058 11.
1306 3042 1353 3081 1ss
