2034 3267
488 141 665 174 PANARH
690 142 770 174 Lm.
792 144 815 174 ι.
837 142 943 175 ToM.
965 142 1021 174 nr.
1045 141 1175 173 HAER.
1192 141 1354 172 xxxvi.
1602 131 1681 171 487

159 220 222 261 ille
247 228 306 261 est
331 220 412 275 ipse
438 235 548 274 quem
578 221 706 261 divino
733 222 853 261 verbo
879 221 1113 275 coelestique
1141 219 1330 274 praesidio
1355 221 1474 259 fretus
1502 219 1680 272 detegere

160 288 310 339 studui,
354 303 398 328 ac
424 288 612 343 phalangii
637 289 760 329 instar
784 289 986 337 obterere,
1032 289 1130 342 quod
1155 287 1458 341 Tetragnathum
1475 318 1484 336 ,
1528 287 1598 326 hoc
1623 293 1682 326 est

159 363 323 410 quatuor
353 357 462 397 malis
494 358 704 412 praeditum
736 364 898 406 vocant,
945 364 1009 396 aut
1039 357 1145 396 velut
1173 355 1484 409 Amphisbaenae
1516 353 1678 408 bicipitis

157 423 314 478 viperae
336 424 524 464 defectum
549 433 661 479 caput
682 425 939 478 confringere.
999 422 1077 463 Sed
1101 423 1172 462 lioc
1195 423 1338 463 omisso
1360 422 1526 476 reliquas
1548 435 1678 475 perse-

158 506 331 545 quamur.
395 490 508 545 Quod
532 493 617 533 dum
642 492 868 546 aggredior,
902 491 1065 545 supplex
1089 505 1109 530 a
1133 491 1203 529 deo
1228 490 1403 544 postulo,
1446 497 1487 529 ut
1511 503 1606 543 quae
1632 489 1678 529 ad

157 559 240 598 illas
272 560 464 613 pertinent
493 561 545 600 ita
576 574 626 600 ex
657 560 711 600 rei
737 559 899 599 veritate
926 559 1141 612 proferam,
1187 558 1289 597 nulla
1319 564 1357 597 ut
1387 558 1424 597 in
1451 571 1676 612 quemqnam

157 633 270 680 atque
301 627 397 667 adeo
429 629 613 682 meipsum
646 641 696 667 ex
727 640 773 666 eo
806 627 910 665 fraus
942 639 985 665 ac
1017 625 1207 679 pernicies
1240 625 1442 664 redundet.

313 786 675 836 CONTRA
741 783 1523 843 HERAGLEONITAS,

449 881 555 927 quae
593 869 660 912 est
693 864 887 912 haeresis
915 864 1037 912 XVI.
1075 864 1145 911 vel
1173 862 1384 910 XXXVI.

267 964 485 1006 Colorbaso
519 964 691 1005 succedit
724 964 967 1015 Heracleon,
1015 978 1034 1003 a
1068 979 1142 1018 quo
1177 962 1538 1003 Heracleonitarum
1570 970 1676 1004 secta
1703 969 1778 1011 Cap.
1806 970 1828 999 Ι-

156 1035 394 1084 nominatur,
436 1033 554 1073 nihilo
580 1034 704 1073 minus
729 1047 840 1087 quam
866 1033 983 1072 ceteri
1009 1032 1120 1085 nugis
1144 1046 1188 1072 ac
1214 1031 1422 1072 mendaciis
1447 1031 1672 1071 instructus.

155 1100 344 1156 Quicquid
369 1102 469 1141 enim
494 1101 538 1140 ab
565 1101 639 1141 illis
667 1101 875 1152 asseritur,
918 1100 978 1140 hic
1005 1107 1133 1140 tuetur
1160 1114 1204 1140 ae
1231 1099 1401 1139 defendit
1425 1099 1573 1149 onmia,
1618 1106 1676 1138 ut·

153 1177 240 1223 pote
261 1170 322 1223 qui
344 1169 389 1209 ab
410 1169 484 1209 illis
507 1176 630 1209 ortum
650 1169 794 1224 pariter
811 1183 854 1210 ac
876 1176 1106 1208 venenatam
1128 1168 1227 1208 luem
1249 1168 1427 1208 traxerit.
1481 1166 1559 1208 Sed
1582 1182 1676 1207 non-

153 1237 253 1277 nulla
280 1245 403 1277 tamen
432 1252 452 1277 a
481 1251 523 1278 se
549 1238 768 1291 excogitata
795 1245 833 1277 et
855 1237 1018 1277 conficta
1043 1237 1088 1276 ad
1113 1250 1247 1275 eorum
1270 1235 1471 1290 opiniones
1492 1235 1675 1275 adiiciens

152 1319 335 1360 superare
365 1306 450 1345 illos
481 1319 524 1345 ac
556 1306 744 1360 propriam
765 1301 847 1345 'sibi
880 1305 1046 1345 scholam
1080 1304 1274 1345 vindicare
1302 1303 1459 1344 studuit.
1521 1302 1674 1342 Etenim

152 1387 286 1413 omnes
314 1374 376 1414 isti
402 1373 596 1428 centiceps
626 1388 667 1414 se
697 1375 735 1413 in
762 1387 901 1428 corpus
928 1387 971 1412 ac
997 1372 1252 1412 centimanum
1279 1373 1598 1411 transformantes
1621 1371 1677 1424 gi-

150 1448 304 1494 gantem
327 1442 430 1481 illum
455 1441 586 1481 nescio
611 1456 720 1495 quem
747 1456 766 1481 e
790 1440 1028 1481 Graecorum
1051 1440 1186 1481 sabulis
1212 1439 1429 1494 exprimere
1451 1439 1672 1488 volucrunt,

152 1507 307 1550 Cottum
331 1510 488 1564 opinor,
523 1517 584 1550 aut
611 1508 835 1559 Briareum,
869 1523 979 1563 quem
1003 1516 1040 1548 et
1062 1509 1249 1562 Aegeona
1270 1507 1472 1557 dixerunt,
1508 1514 1572 1547 aut
1594 1505 1675 1561 Gy-

150 1591 247 1632 gen,
291 1585 354 1618 aut
380 1579 529 1631 Argum
554 1577 711 1617 infinitis
736 1578 855 1618 oculis
881 1577 1113 1632 praeditum3
1156 1575 1366 1616 cuiusmodi
1393 1582 1565 1629 portenta
1593 1575 1673 1615 suis

150 1647 201 1686 illi
227 1646 460 1686 carminibus
483 1645 610 1685 solent
631 1646 873 1695 describere,
908 1652 948 1685 ut
970 1653 1121 1684 centum
1146 1644 1253 1684 alteri
1275 1657 1426 1693 manus,
1460 1658 1541 1683 cum
1565 1643 1674 1697 quiu-

149 1714 350 1768 quagiuta,
395 1714 456 1754 vel
487 1714 600 1754 etiam
634 1714 831 1764 centenis,
877 1713 1088 1768 capitibus,
1129 1719 1279 1752 centum
1312 1713 1443 1753 oculos
1471 1711 1580 1752 alteri
1607 1712 1673 1751 tri-

150 1782 281 1822 buant.
346 1780 471 1834 Quam
504 1782 550 1822 ob
576 1795 752 1822 caussam
777 1780 1014 1821 Mercurium
1041 1782 1168 1821 ferunt
1191 1780 1472 1835 Argiphontem
1504 1793 1591 1820 esse
1619 1781 1673 1819 di-

149 1857 275 1899 ctum,
320 1851 417 1904 quod
451 1849 578 1890 multis
601 1850 805 1889 luminibus
830 1850 1038 1904 praeditum
1066 1850 1213 1902 Argum
1238 1849 1436 1888 occiderit.
1499 1847 1565 1888 Sic
1589 1848 1672 1888 illo-

147 1932 230 1958 rum
254 1918 413 1972 quilibet
435 1918 684 1972 principatum
707 1918 890 1957 affectans
912 1917 1078 1971 seipsum
1102 1923 1214 1971 caput
1236 1917 1425 1972 appellat,
1459 1923 1498 1957 et
1516 1931 1538 1956 a
1561 1931 1672 1971 prae-

149 1993 344 2040 ceptorum
371 1985 518 2025 insanis
549 2000 592 2025 ac
620 1986 773 2026 furiosis
801 1985 1038 2039 dogmatibus
1065 1985 1216 2025 diversa
1245 1986 1428 2038 quaedam
1457 1985 1667 2039 excogitat.

148 2052 293 2094 Verum
325 2068 372 2094 ne
404 2054 440 2093 in
473 2054 679 2108 praefando
710 2054 779 2093 sim
813 2054 984 2108 longior,
1018 2053 1062 2093 ad
1096 2067 1175 2093 rem
1207 2054 1325 2109 ipsam
1357 2053 1575 2108 aggrediar.

258 2257 476 2299 Heracleon
500 2258 616 2312 igitur
636 2272 718 2298 oum
740 2257 836 2309 suis,
869 2266 909 2298 ut
931 2259 1115 2308 diximus,
1148 2259 1281 2298 eadem
1304 2271 1386 2297 cum
1408 2256 1544 2298 Marco
1565 2257 1668 2298 aliis·
1697 2260 1771 2303 Cap.
1800 2261 1838 2291 11.

145 2340 241 2380 que,
276 2327 337 2380 qui
360 2325 538 2366 Marcum
561 2333 866 2377 antecesserunt,
901 2327 946 2367 de
968 2325 1233 2381 ogdoadibus,
1267 2326 1466 2380 superiore
1491 2325 1666 2366 nimirum

145 2401 182 2434 et
214 2395 423 2444 inferiore,
472 2395 602 2434 sentit.
669 2392 815 2434 Deinde
848 2395 1004 2449 triginta
1034 2396 1210 2435 Aeonum
1245 2394 1349 2449 paria
1376 2394 1473 2434 haud
1503 2393 1666 2434 absimili

145 2462 295 2502 ratione
325 2462 538 2503 constituit.
608 2461 810 2502 Hominem
841 2477 992 2517 quoque
1018 2477 1236 2518 supremum
1266 2461 1432 2502 omnium
1461 2460 1666 2502 Parentem

146 2530 382 2584 pronuntiat,
417 2544 527 2585 quem
551 2538 588 2569 et
608 2528 771 2585 Bythum
795 2531 979 2571 nominat.
1032 2530 1206 2571 Eundem
1231 2544 1302 2570 nec
1323 2544 1465 2570 marem
1490 2544 1576 2570 esse
1597 2544 1667 2570 nec

147 2598 325 2638 feminam
348 2605 474 2652 putat3
508 2613 528 2638 a
554 2613 628 2652 quo
652 2599 918 2639 universorum
942 2598 1073 2639 Mater
1095 2599 1259 2648 existat,
1293 2613 1402 2652 quam
1427 2605 1465 2637 et
1487 2596 1606 2652 Sigen
1630 2606 1668 2639 et

147 2664 359 2706 Veritatem
391 2666 567 2720 appellat.
629 2666 690 2706 Ab
721 2666 791 2706 hac
818 2668 1024 2707 secundam
1050 2666 1240 2716 Matrem,
1285 2680 1381 2720 quae
1410 2666 1447 2705 in
1475 2666 1666 2707 oblivione

145 2733 268 2786 posita
291 2741 372 2784 est,
415 2735 601 2789 originem
625 2734 817 2784 traxisse,
861 2749 973 2788 quam
997 2735 1214 2775 Achamoth
1238 2734 1395 2788 perinde
1421 2741 1461 2774 ut
1484 2735 1547 2774 alii
1569 2749 1665 2775 nun-

145 2808 280 2855 cupat3
310 2815 330 2841 a
353 2816 424 2856 qua
447 2802 626 2856 deinceps
648 2802 686 2841 in
708 2803 858 2842 defectu
881 2804 1089 2843 constituta
1111 2809 1200 2842 suut
1220 2802 1360 2842 omnia.
1406 2800 1484 2842 Sed
1506 2804 1665 2857 amplius

187 2901 217 2934 3.
234 2905 463 2955 '‚‚Transposita
481 2906 540 2936 isla
558 2907 637 2936 sunt.
681 2904 759 2944 Leye
780 2907 901 2948 χεῖρας,
926 2903 981 2939 τὸν
1001 2903 1038 2939 δὲ
1061 2903 1175 2938 ἕκατον
1195 2900 1400 2946 ἆφὲαλμοὺς,
1432 2903 1491 2937 καί
1511 2916 1588 2939 ποτε
1609 2904 1665 2947 μὲν

142 2957 343 2989 πεντηκοντα
367 2960 442 2992 κεφ.
467 2953 554 2989 cett,
579 2951 738 2981 annotavit
762 2951 914 2982 Petavius.
