2034 3267
479 211 657 243 PANARn
681 212 762 245 mn.
778 214 801 244 1.
827 215 930 247 ToM.
946 216 985 247 11.
1014 216 1282 250 HAER.XXV1.
1553 214 1627 253 193

121 295 245 329 autem
275 288 446 328 sobolem
471 304 702 344 propagasse
731 293 943 346 reperitur,
983 295 1122 336 tamdiu
1143 296 1241 336 infra
1265 296 1478 348 detinetur,
1507 298 1630 340 donec

118 355 216 395 filios
249 369 340 395 suos
366 357 538 410 recipere
566 359 732 411 potuerit
762 360 867 399 etad
892 361 1134 416 semetipsam
1159 363 1366 404 attrahere.
1428 363 1511 405 Hae
1541 374 1631 407 sunt.

118 436 242 476 nugae
272 423 422 463 illorum
454 438 498 464 ac
532 426 695 465 somnia.
757 424 875 465 Velut
906 429 1018 467 etiam
1055 429 1116 469 illa
1145 438 1233 470 sunt
1267 431 1425 484 quaein
1456 441 1628 473 sanctum

116 489 241 530 Elium
276 492 519 531 execrandae
553 492 748 532 cuiusdam
776 492 885 545 plena
922 496 1175 536 contumeliae
1201 499 1418 550 praedicare
1454 513 1529 539 non
1562 514 1629 540 ve-

116 565 271 598 rentur:
315 572 399 598 eum
423 572 506 598 cum
532 558 569 598 in
598 559 746 598 coelum
773 566 930 598 evectus
954 569 1059 600 esset
1091 577 1226 604 rursus
1256 565 1293 604 in
1319 565 1417 605 hunc
1448 567 1628 607 mundum

117 625 237 665 fuisse
263 626 467 666 deiectum.
528 624 646 665 Venit
673 625 796 674 enim,
827 625 1029 679 inquiunt,
1063 641 1084 667 e
1107 642 1266 669 numero
1288 631 1511 673 feminarum
1539 635 1628 675 dae-

117 706 270 732 monum
304 707 376 732 una
403 706 498 746 quae
530 691 633 731 illum
659 692 868 745 superavit.
931 692 981 733 Et
1007 708 1081 746 quo
1117 702 1156 734 tu
1183 697 1332 736 tandem
1360 699 1482 740 dixit?
1539 700 1626 755 Ego

117 760 216 800 enim
240 774 260 799 a
287 767 322 799 te
347 759 487 799 liberos
513 758 655 807 habe0‚
690 771 812 811 neque
835 772 985 799 sursum
1013 761 1167 801 evolare
1193 769 1301 815 potes
1326 771 1437 818 atque
1458 766 1516 806 hic
1540 775 1625 809 tuos

115 827 350 880 relinquere.
409 825 470 865 Ad
501 824 593 863 haec
623 826 879 878 respondente
915 825 1023 877 Elia,
1065 826 1117 866 Et
1150 829 1336 870 undenam
1361 832 1405 871 de
1439 847 1499 873 me
1529 834 1624 876 filios

115 894 201 934 illos
226 892 409 943 habuisti,
452 905 534 930 cum
567 904 637 943 ego
667 892 931 932 castimoniam
965 901 1148 947 perpetuo
1179 898 1444 938 servaverim?
1502 900 1622 952 Sane,

115 961 237 1015 inquit
260 962 348 1001 illa:
389 972 472 998 cum
494 958 594 997 enim
624 958 661 997 in
687 959 833 999 somnis
859 959 1044 1000 effusione
1070 961 1227 1002 seminis
1248 977 1364 1018 saepe
1388 979 1525 1020 corpus
1555 982 1625 1009 ex-

116 1029 303 1077 haurires,
336 1039 407 1079 ego
430 1025 498 1065 abs
521 1032 556 1064 te
579 1025 668 1064 illud
691 1026 849 1079 excepi,
885 1027 1026 1080 tibique
1050 1027 1147 1068 filios
1167 1031 1310 1084 peperi.
1374 1029 1497 1084 Quam
1529 1048 1621 1076 vero

115 1096 162 1135 ab
181 1095 254 1135 illis
287 1094 412 1146 inepte
445 1091 518 1132 ista
542 1091 739 1132 dicuntur!
803 1091 1005 1145 Quomodo
1035 1095 1135 1134 enim
1165 1097 1324 1137 daemon
1356 1098 1525 1153 impurus
1556 1115 1626 1142 ex-

117 1174 276 1217 persque
301 1159 472 1213 corporis
497 1159 653 1213 spiritus
682 1159 727 1199 de
753 1161 977 1214 corporibus
1002 1162 1230 1217 participare
1255 1164 1441 1219 quidpiam
1473 1171 1627 1221 potest?

114 1229 214 1270 Nam
233 1227 264 1267 si
287 1241 308 1266 a
333 1226 557 1279 corporibus
580 1226 615 1266 ei
639 1228 942 1268 communicatur
964 1229 1101 1282 aliquid
1128 1237 1169 1270 ut
1194 1231 1332 1285 pariat,
1367 1247 1505 1288 corpus
1536 1236 1624 1287 erit,

114 1310 187 1336 non
210 1294 380 1348 spiritus.
444 1291 486 1333 Si
516 1307 654 1346 corpus
683 1301 758 1345 cst,
792 1296 981 1348 quomodo
1006 1298 1138 1349 fugere
1161 1299 1355 1339 oculorum
1379 1309 1625 1356 conspectum

113 1370 176 1404 aut
193 1362 348 1416 spiritus
383 1375 470 1400 esse
492 1361 658 1414 poterit?
717 1360 793 1402 Sed
825 1370 864 1402 et
888 1362 1039 1402 illorum
1073 1363 1236 1404 absurda
1271 1368 1489 1421 cumprimis
1518 1370 1625 1409 stoli-

110 1430 206 1470 ditas
228 1435 310 1478 est,
344 1443 429 1468 cum
453 1428 540 1467 illud
566 1442 616 1467 ex
641 1427 798 1481 epistola
819 1427 935 1469 Iudae
960 1430 1232 1481 testimonium,
1265 1448 1337 1486 quo
1359 1448 1489 1474 eorum
1514 1450 1624 1476 error

108 1497 371 1545 convincitur,
404 1496 449 1535 ad
475 1495 585 1534 huius
610 1494 728 1549 ipsius
753 1497 1000 1550 patrocinium
1035 1500 1347 1540 accommodant:
1392 1505 1436 1540 In
1464 1507 1817 1554 som722s,Ep.1ud.v.8.

106 1564 252 1618 inquit,
297 1578 442 1602 carnem
476 1565 681 1610 maculant,
716 1566 994 1603 dominationem
1024 1573 1143 1604 autem
1167 1576 1366 1618 spernunt,
1401 1573 1621 1611 maiestatem

107 1640 226 1671 autem
257 1633 518 1682 blasphemant.
584 1629 729 1670 Verum
761 1631 894 1671 beatus
934 1630 1045 1672 ludas
1077 1633 1217 1672 domini
1248 1636 1365 1675 frater
1396 1650 1472 1676 non
1499 1638 1544 1678 de
1573 1638 1621 1679 iis

107 1699 274 1752 loquitur
293 1699 353 1751 qui
377 1712 444 1752 per
466 1697 695 1738 insomnium
726 1698 894 1737 fluxione
918 1713 1084 1738 venerea
1109 1701 1432 1744 contaminantur.
1481 1702 1619 1746 Statim

109 1766 245 1820 qnippe
271 1765 466 1819 subiungit
495 1765 735 1817 ostenditque
762 1766 806 1804 de
831 1766 1016 1805 eiusmodi
1050 1780 1091 1806 se
1120 1768 1396 1810 somniantibus
1425 1771 1527 1825 loqui
1558 1774 1621 1826 qui

108 1847 307 1873 sermones
335 1847 426 1873 suos
452 1833 556 1872 velut
581 1832 617 1871 in
650 1832 816 1881 somnis,
850 1847 923 1872 non
947 1835 1167 1887 experrecti
1187 1849 1231 1875 ac
1254 1836 1478 1890 vigilantes,
1511 1839 1620 1879 insti-

107 1907 231 1940 tuunt.
294 1898 489 1954 Siquidem
513 1908 549 1940 et
576 1901 621 1939 de
643 1898 1007 1954 Hierosolyniitanis
1032 1902 1252 1942 doctoribus
1272 1902 1411 1945 Esaias
1432 1905 1481 1945 ita
1499 1906 1620 1961 loqui-

107 1974 188 2007 turz
234 1970 363 2006 Omnes
384 1982 493 2006 canes
512 1971 606 2006 mali
634 1982 705 2006 non
729 1970 888 2006 valentes
913 1970 1072 2016 latrare,
1106 1974 1326 2010 somniantes
1349 1975 1386 2011 in
1410 1975 1542 2021 cubili,
1577 1983 1813 2023 etEsai.56‚11.

106 2042 274 2075 caetera.
336 2032 447 2087 Quod
483 2035 579 2074 idem
616 2034 653 2073 in
690 2034 758 2074 hac
791 2033 906 2074 Iudae
941 2036 1099 2089 epistola
1131 2038 1348 2078 declaratur
1381 2040 1437 2079 his
1470 2042 1614 2092 verbis,

104 2105 335 2141 Somm‘antes
367 2103 507 2149 cubile,
551 2116 643 2153 qaae
669 2105 837 2140 nesciunt
859 2105 1029 2142 decentes.
1094 2103 1164 2145 Ubi
1191 2106 1235 2144 de
1261 2107 1527 2148 dormientium
1559 2110 1616 2148 in-

104 2170 262 2209 somniis
289 2169 441 2208 minime
474 2183 514 2209 se
542 2169 642 2222 loqui
666 2169 764 2208 velle
789 2171 1044 2219 demonstrat,
1078 2173 1144 2211 sed
1168 2173 1213 2211 de
1237 2173 1343 2214 falsis
1364 2175 1514 2214 illorum
1539 2183 1615 2216 tra-

103 2237 250 2290 goediis
278 2250 322 2276 ac
347 2236 482 2290 nugis,
525 2250 616 2290 quas
647 2236 702 2276 sic
728 2245 903 2290 tanquam
931 2238 969 2277 iu
996 2239 1163 2289 somnis,
1206 2254 1277 2280 nec
1309 2242 1417 2281 firmo
1451 2249 1490 2282 et
1521 2256 1613 2283 con-

103 2303 218 2343 stanti
249 2304 375 2344 animo
407 2304 674 2358 pronunciant.

194 2369 406 2411 Enimvero
429 2372 541 2425 pudet
563 2384 621 2409 me
644 2369 770 2410 omnia
791 2371 938 2411 illorum
961 2386 1100 2414 arcana
1121 2374 1328 2428 detegere?
1358 2374 1486 2416 Solius
1510 2378 1610 2417 enim
1627 2388 1702 2432 Cap.
1715 2390 1806 2423 XIV.

104 2446 163 2478 est
200 2439 260 2478 dei
300 2438 631 2491 profundissimam
673 2438 768 2478 banc
808 2439 900 2479 tanti
944 2441 1101 2480 foetoris
1135 2442 1355 2495 voraginem
1392 2443 1608 2486 obstruere.

105 2504 362 2559 Quamobrem
388 2505 433 2545 ab
460 2518 506 2544 eo
526 2505 610 2544 loco
639 2505 841 2558 digrediar,
875 2506 946 2546 hoc
972 2522 1085 2547 unum
1110 2509 1155 2548 ab
1179 2510 1343 2549 omnium
1369 2512 1611 2552 moderatore

103 2573 173 2612 deo
205 2573 424 2627 postulans,
467 2585 513 2611 ne
540 2571 624 2624 quis
654 2572 690 2610 in
715 2572 802 2612 illud
829 2587 988 2613 coenum
1014 2576 1276 2629 demergatur,
1320 2591 1418 2617 neve
1445 2579 1608 2619 animum

102 2653 225 2679 meum
250 2639 470 2679 foedissima
494 2639 586 2678 haec
609 2639 834 2693 impuritatis
859 2641 962 2681 labes
986 2642 1142 2682 inficiat.
1206 2641 1373 2684 Primum
1398 2645 1496 2684 enim
1519 2659 1610 2700 apo-

102 2707 220 2747 stolus
244 2705 387 2746 Paulus
410 2719 543 2745 omnes
567 2705 776 2745 istiusmodi
801 2709 991 2761 nequitiae
1014 2711 1162 2749 radices
1187 2711 1343 2760 excidit,
1378 2726 1460 2751 cuin
1485 2713 1529 2752 de
1554 2713 1610 2752 iu-

103 2773 271 2814 nioribus
295 2773 418 2813 viduis
445 2773 517 2813 ista
545 2773 783 2827 praescribit.
846 2778 1002 2823 Viduas,
1036 2776 1180 2830 inquit,
1214 2781 1518 2818 adolescentiores
1546 2783 1754 2826 (le-1.'1·1m.5‚
1767 2792 1805 2819 11.

104 2843 197 2879 vita.-
230 2856 309 2880 cum
330 2844 423 2880 em'm
449 2843 661 2879 luoeurlaeae
673 2842 824 2892 suerint
846 2845 882 2881 in
907 2845 1076 2891 Christo,
1110 2846 1246 2883 nabere
1265 2848 1403 2893 volant,
1437 2848 1610 2887 habentes

106 2939 202 2980 μοῦσι
219 2943 406 2973 edit.Petav.
433 2939 604 2975 cinero-3022
626 2942 833 2982 cod.Rhedi9.
922 2940 953 2974 4.
979 2943 1079 2977 ἐννεοὶ
1106 2947 1171 2976 cod.
1201 2947 1328 2986 Rhediy.
1359 2951 1384 2978 et
1418 2949 1486 2980 edit.
1513 2951 1608 2988 princ.

104 2987 130 3015 et
150 2986 219 3016 edit.
239 2988 335 3025 princ.
373 2988 418 3026 Cf.
440 2997 535 3026 supra
558 2996 625 3025 cap.
644 2987 690 3017 ll.
879 2986 960 3021 ἐνεοὶ
983 2991 1053 3021 edit.
1075 2991 1178 3021 Petav.

171 3037 283 3073 Corpus
302 3038 477 3067 Haereseol.
498 3040 533 3066 ΙΙ.
1293 3050 1341 3089 13
