2034 3267
502 188 679 220 PANARn
704 188 784 220 Llss.
804 189 828 220 1.
852 188 957 220 ToM.
980 187 1035 219 1u.
1060 187 1189 219 HAER.
1208 187 1281 218 XL.
1576 177 1655 217 547

127 267 327 308 ediderunt
356 265 464 307 Sethi
498 267 653 306 nomine
682 266 911 321 inscriptos,
958 280 1052 320 quos
1084 266 1129 306 ab
1161 280 1207 306 eo
1237 266 1395 305 traditos
1427 279 1471 305 ac
1499 265 1656 305 relictos

127 336 328 375 affirmant.
393 333 486 374 Item
509 335 605 375 alios
627 349 711 374 curn
734 334 850 384 illius,
880 341 955 374 tum
979 341 1123 388 septem
1149 334 1231 373 eius
1254 333 1460 373 liberorum
1484 334 1653 383 nomine.

128 402 308 442 Totidem
338 402 437 442 enim
465 403 510 442 ab
536 417 582 442 eo
608 409 832 454 procreatos
857 401 1013 450 volunt,
1059 415 1154 454 quos
1178 397 1417 454 Ἀλλογενεῐς
1441 402 1655 451 nominant,

128 477 167 510 ut
190 470 227 510 in
252 470 335 510 aliis
363 470 607 520 haeresibus,
644 469 919 510 Gnosticorum
944 468 1093 508 scilieet
1118 483 1162 507 ac
1189 467 1462 508 Sethiauorum
1488 469 1658 509 ostendi-

127 552 226 578 mus.
289 535 472 578 Ceterum
507 538 567 578 isti
601 537 806 591 prophetas
837 537 933 576 alios
962 543 1286 586 commemorant,
1332 534 1561 577 Mai-tiadem
1592 551 1658 577 ne-

127 605 207 646 scio
240 619 350 659 quem
382 612 421 645 et
446 604 710 654 Marsianum‚
754 618 850 658 quos
882 604 917 643 iu
945 605 1093 643 coetum
1119 610 1246 658 raptos
1275 604 1388 643 tertio
1415 604 1474 644 die
1499 605 1659 644 deseen-

127 673 228 713 disse
262 674 420 727 lingunt.
484 673 640 713 Addunt
671 678 710 710 et
740 672 833 711 alias
866 671 1067 725 plerasque
1095 671 1375 711 commentitias
1408 686 1451 712 ac
1477 672 1658 713 ridiculas

130 741 301 791 l'abulas,
345 749 380 781 et
416 741 452 780 in
486 754 618 780 verum
651 747 764 792 atque
791 738 1091 792 omnipotentem
1117 739 1228 778 deum
1254 746 1398 792 patrem
1426 739 1568 779 domini
1592 755 1660 780 no-

128 809 195 849 stri
219 807 306 848 lesu
328 807 474 849 Christi
497 807 775 847 contumeliose
800 806 914 846 multa
938 806 1124 846 iactitant.
1180 804 1399 860 Principem
1424 806 1522 847 hunc
1544 815 1582 847 et
1603 809 1660 848 in-

129 883 329 917 ventorem
353 875 477 916 omnis
504 888 590 914 esse
614 873 828 927 nequitiae,
875 881 913 914 ut
937 874 996 913 vel
1024 875 1102 928 ipsa
1126 888 1194 913 sua
1217 875 1464 915 confessione
1488 876 1661 929 iugulen-

128 951 203 984 tur.
267 943 368 984 Nam
399 943 430 984 si
464 942 647 982 malorum
674 942 856 981 inventor
886 942 918 982 is
948 956 991 982 ac
1019 942 1218 982 maleficus
1252 949 1332 993 est,
1376 956 1505 983 nonne
1536 943 1659 983 bonus

129 1012 189 1052 vel
213 1025 259 1052 eo
283 1012 366 1067 ipso
388 1009 723 1064 comprobabitur,
759 1017 798 1049 ut
819 1011 903 1050 aliis
929 1010 1152 1050 haeresibus
1181 1010 1413 1062 obiecimus,
1449 1012 1546 1065 quod
1569 1027 1660 1051 con-

129 1087 188 1120 tra
210 1087 357 1134 stupra,
390 1078 591 1126 adulteria,
628 1077 781 1132 rapinas
804 1092 848 1117 ac
872 1077 1099 1132 cupiditates
1121 1085 1158 1118 et
1182 1078 1342 1119 iniurias
1366 1080 1521 1119 decreta
1546 1080 1662 1120 multa

131 1147 369 1187 condiderit?
437 1144 537 1185 Nam
577 1143 803 1185 ludaeorum
842 1146 946 1185 illum
981 1159 1067 1185 esse
1099 1146 1209 1185 deum
1244 1147 1372 1201 utique
1407 1148 1659 1188 confitentur.

128 1213 280 1255 ludaeis
306 1228 419 1268 porro
444 1215 567 1268 legem
589 1213 690 1253 illam
717 1214 822 1263 tulit,
857 1228 928 1268 qua
953 1221 1041 1254 sunt
1063 1228 1107 1253 ea
1132 1213 1258 1254 omnia
1285 1215 1474 1269 prohibita
1500 1230 1660 1269 quorum

128 1283 308 1323 inventor
330 1282 375 1322 ab
402 1282 475 1322 illis
501 1281 704 1322 asseritur.
767 1280 937 1322 Satanae
963 1296 1057 1322 vero
1081 1289 1190 1336 pater
1214 1282 1275 1336 qui
1300 1283 1451 1323 demum
1477 1284 1662 1338 appellari

129 1357 276 1405 potest,
322 1349 383 1404 qui
417 1356 492 1390 tam
525 1350 640 1389 multa
672 1351 859 1390 adversus
891 1350 994 1389 illum
1025 1349 1210 1399 ediderit,
1256 1351 1286 1389 si
1320 1351 1366 1390 ab
1400 1352 1462 1391 illo
1493 1366 1659 1403 summo,

129 1432 240 1472 quem
263 1418 372 1457 deum
396 1417 609 1468 nominant,
636 1418 785 1458 alienus
807 1425 880 1468 est,
905 1432 976 1457 nee
997 1417 1095 1456 idem
1117 1424 1175 1457 est
1198 1419 1441 1473 omnipotens
1464 1420 1527 1459 ille
1550 1420 1660 1471 deus,

128 1499 202 1526 rex
225 1493 262 1525 et
287 1485 462 1526 dominus
487 1493 642 1535 noster,
677 1487 738 1539 qui
762 1485 798 1525 in
825 1486 909 1539 lege
935 1492 973 1524 et
994 1485 1205 1539 evangeliis
1231 1500 1274 1525 ae
1301 1487 1518 1541 prophetis,
1555 1496 1593 1528 et
1615 1489 1661 1528 ab

129 1553 313 1608 apostolis
339 1553 579 1603 celebratur,
613 1557 790 1592 Dominus
811 1556 921 1600 deus,
956 1568 999 1592 αι·
1016 1562 1126 1605 paler
1148 1557 1289 1593 domini
1305 1558 1430 1593 nostri
1447 1558 1531 1594 Iesu
1554 1558 1866 1608 Ch1‘122.00r.11‚31.

128 1625 206 1660 sti?
245 1628 284 1661 ut
310 1622 409 1661 idem
431 1628 562 1675 aperte
586 1619 767 1662 Christus
790 1621 826 1661 in
852 1621 1054 1675 evangelio
1080 1628 1241 1662 testatur
1265 1623 1321 1662 his
1346 1622 1501 1663 verbis:
1538 1626 1661 1676 CO'fi·
1681 1631 1792 1692 {tlatuy

131 1698 210 1728 teor
232 1691 312 1736 cibi,
336 1697 459 1740 pater,
495 1692 638 1728 domine
660 1692 757 1728 coele·
773 1703 817 1728 ae
839 1697 975 1736 terrae,
1003 1690 1140 1743 quibus
1160 1697 1304 1744 patrem
1327 1705 1437 1731 suum
1459 1691 1661 1733 universo·
1723 1688 1731 1702 '
1750 1670 1792 1695 ²⁰⁹

131 1771 214 1797 rum
247 1757 357 1797 deum
391 1770 479 1796 esse
511 1757 729 1810 significat?

241 1823 486 1865 Mortuerum
510 1838 605 1864 vero
628 1825 952 1865 resurrectionem
977 1832 1108 1880 aperte
1134 1827 1296 1866 futuram
1320 1827 1543 1878 denuntiat,
1578 1843 1660 1869 cum
1691 1841 1867 1884 Cap.vnl.

129 1892 182 1933 ita
209 1893 397 1947 loquitur:
444 1895 585 1931 Solvite
612 1895 781 1944 templum
805 1895 895 1941 lzoe,
926 1902 976 1945 ἵει
1005 1897 1042 1933 in
1069 1895 1188 1933 tribus
1209 1896 1337 1933 diebus
1358 1897 1528 1935 eoeeitabo
1550 1899 1657 1936 illud.
1680 1912 1867 1950 loann.2,19.

129 1959 331 2015 Templum
359 1961 459 2000 enim
487 1974 626 2014 eorpus
652 1975 760 2000 suum
787 1961 970 2010 vocabat,
1011 1963 1109 2016 qnod
1135 1962 1326 2002 homiuum
1354 1964 1527 2004 manibus
1553 1978 1665 2005 ever-

130 2028 294 2078 tebatur,
324 2029 394 2068 hoe
417 2034 476 2067 est
497 2028 817 2069 interficiebatur.
873 2027 974 2069 Nam
1000 2031 1098 2083 quod
1120 2045 1252 2071 verum
1278 2046 1416 2086 eorpus
1440 2047 1515 2072 non
1540 2040 1658 2084 esset,

130 2097 197 2137 sed
219 2096 347 2151 speeie
371 2097 557 2136 duntaxat
580 2103 806 2149 appareret,
838 2098 1050 2137 cuiusmodi
1075 2099 1125 2138 illi
1152 2099 1269 2138 fnisse
1293 2106 1486 2150 statuunt,
1521 2115 1664 2154 nequa-

131 2164 436 2218 quam‘hostium
467 2164 502 2203 in
535 2178 668 2203 manus
700 2164 855 2214 venire,
899 2173 984 2214 aut,
1030 2174 1069 2206 ut
1098 2167 1369 2220 pollicebatur,
1413 2168 1575 2208 excitari
1604 2168 1665 2208 die

132 2233 241 2272 tertia
277 2232 479 2286 potuisset.
545 2231 650 2271 Haec
686 2232 802 2284 igitur
834 2233 892 2273 dei
927 2234 1206 2274 administratio
1242 2235 1442 2289 perspicue
1476 2236 1661 2287 declarat,

131 2307 304 2340 mortuos
326 2301 370 2340 ad
396 2301 511 2340 vitam
537 2300 621 2339 sine
649 2300 720 2339 ulla
750 2302 1018 2342 controversia
1043 2302 1216 2352 restitui,
1253 2317 1322 2342 nec
1349 2303 1499 2342 animae
1527 2318 1664 2357 pnrga-

133 2368 236 2408 tione
260 2368 333 2407 ulla
361 2382 456 2422 opus
482 2382 592 2416 esse,
638 2374 703 2407 aut
723 2369 817 2421 apud
841 2368 1015 2422 singulas
1039 2377 1248 2425 potestates
1273 2385 1449 2410 caussam
1476 2371 1527 2410 illi
1555 2385 1662 2411 suam

132 2449 218 2475 esse
245 2437 524 2490 perorandam,
559 2436 656 2489 quod
684 2436 767 2486 isti,
802 2437 853 2476 uti
879 2437 1017 2477 dictum
1045 2446 1118 2488 est,
1154 2445 1299 2477 temere
1324 2439 1562 2492 praedicant,
1596 2440 1663 2479 sed

133 2517 208 2543 uno
240 2503 300 2542 dei
326 2503 516 2543 beuelicio
544 2504 730 2543 duntaxat
757 2504 951 2557 indigere,
995 2521 1069 2560 quo
1101 2521 1185 2545 cum
1215 2505 1288 2545 side
1315 2515 1420 2546 recte
1447 2508 1545 2547 facta
1572 2522 1664 2546 eon-

133 2571 286 2625 iungat,
332 2579 372 2611 ut
401 2571 446 2611 ad
470 2570 717 2610 Timotheum
744 2571 918 2612 scribens
943 2574 1138 2628 apostolus
1173 2573 1276 2614 hisce
1310 2574 1439 2613 verbis
1475 2582 1661 2614 testatur:

138 2642 184 2678 Ut
207 2642 305 2678 scias
328 2642 504 2691 quomodo
537 2647 570 2677 le
595 2647 764 2690 oporteat
788 2643 825 2679 in
849 2643 952 2679 domo
981 2644 1044 2680 dez·
1064 2643 1274 2688 ambulare,
1319 2656 1412 2693 qnae
1432 2650 1488 2681 est
1507 2645 1662 2682 eeclesia
1682 2652 1705 2679 1.
1718 2653 1794 2695 Τῑφ.
1809 2656 1850 2691 13,

133 2709 194 2746 dez·
219 2710 311 2754 vivi,
356 2710 524 2746 columna
557 2715 595 2745 et
607 2709 886 2758 firmamentum
912 2712 1100 2748 veritatis.-
1147 2714 1261 2760 Quam
1285 2712 1395 2748 multe·
1411 2713 1661 2762 reltnquentes
1678 2726 1702 2754 2.
1714 2691 1792 2753 'riiiiJ
1804 2725 1828 2755 4,
1841 2725 1864 2751 ⁴.

133 2777 182 2813 ad
202 2776 353 2827 fitbulas
383 2784 420 2814 et
443 2778 599 2827 ineptias
624 2778 874 2815 diverterunt.-
917 2780 1002 2816 Non
1026 2780 1274 2829 inlelll‘gentes
1301 2793 1368 2816 nee
1397 2793 1490 2830 qnae
1515 2779 1655 2827 dicunt,
1680 2791 1703 2817 1.
1713 2788 1864 2821 'rim.1,7.

133 2856 199 2881 nee
218 2845 262 2882 de
281 2844 413 2896 quibus
432 2844 640 2894 affirmant:
673 2846 736 2882 Ea:
756 2845 886 2895 quibus
906 2853 965 2884 est
980 2848 1184 2897 Phygellus
1207 2853 1244 2884 et
1262 2848 1525 2897 Hermogenes.
1581 2845 1658 2888 Sed
1672 2856 1865 2890 2.'1‘im.1‚15.

134 2916 174 2950 et
201 2909 240 2950 in
264 2911 432 2952 secunda
457 2911 618 2965 epistola
645 2910 909 2965 Hymenaeum
942 2927 987 2952 ae
1010 2912 1199 2954 Philetum
1227 2914 1420 2954 excidisse
1453 2929 1473 2954 a
1499 2914 1663 2955 veritate

179 3000 256 3032 CAP.
277 3002 364 3033 VItI.
386 3020 429 3026 -
456 3001 483 3034 1.
509 3002 744 3034 Rescribendum
768 3003 901 3035 arbitror
923 3000 1006 3038 ἀλλὰ
1030 3006 1084 3038 δεῖ
1103 3005 1168 3045 τῆς
1191 3005 1247 3037 τοῦ
1274 3003 1386 3045 κυρίου
1411 3008 1475 3036 cett.

1303 3061 1394 3102 35*
