<?xml version="1.0" encoding="UTF-8"?>
<!DOCTYPE html PUBLIC "-//W3C//DTD XHTML 1.0 Transitional//EN"
    "http://www.w3.org/TR/xhtml1/DTD/xhtml1-transitional.dtd">
<html xmlns="http://www.w3.org/1999/xhtml" xml:lang="en" lang="en">
 <head>
  <title>
</title>
<meta http-equiv="Content-Type" content="text/html;charset=utf-8" />
  <meta name='ocr-system' content='tesseract 3.04.00' />
  <meta name='ocr-capabilities' content='ocr_page ocr_carea ocr_par ocr_line ocrx_word'/>
</head>
<body>
  <div class='ocr_page' id='page_1' title='image "./p1corporishaereseo02epipuoft/p1corporishaereseo02epipuoft_0135.png"; bbox 0 0 2034 3267; ppageno 0'>
   <div class='ocr_carea' id='block_1_1' title="bbox 552 568 1221 725">
    <p class='ocr_par' dir='ltr' id='par_1_1' title="bbox 552 568 1221 725">
     <span class='ocr_line' id='line_1_1' title="bbox 797 568 975 607; baseline 0 -1"><span class='ocrx_word' id='word_1_1' title='bbox 797 568 975 607; x_wconf 84' lang='lat' dir='ltr'>SANCTl</span> 
     </span>
     <span class='ocr_line' id='line_1_2' title="bbox 552 668 1221 725; baseline -0.001 0"><span class='ocrx_word' id='word_1_2' title='bbox 552 668 1221 725; x_wconf 86' lang='lat' dir='ltr'><strong>EPIPHANII</strong></span> 
     </span>
    </p>
   </div>
   <div class='ocr_carea' id='block_1_2' title="bbox 293 802 1487 857">
    <p class='ocr_par' dir='ltr' id='par_1_2' title="bbox 293 802 1487 857">
     <span class='ocr_line' id='line_1_3' title="bbox 293 802 1487 857; baseline -0.003 0"><span class='ocrx_word' id='word_1_3' title='bbox 293 802 854 857; x_wconf 87' lang='lat' dir='ltr'><strong>ADVERSUS</strong></span> <span class='ocrx_word' id='word_1_4' title='bbox 927 803 1487 853; x_wconf 86' lang='lat' dir='ltr'><strong>HAERESES</strong></span> 
     </span>
    </p>
   </div>
   <div class='ocr_carea' id='block_1_3' title="bbox 678 925 1102 957">
    <p class='ocr_par' dir='ltr' id='par_1_3' title="bbox 678 925 1102 957">
     <span class='ocr_line' id='line_1_4' title="bbox 678 925 1102 957; baseline -0.002 0"><span class='ocrx_word' id='word_1_5' title='bbox 678 925 796 957; x_wconf 83' lang='lat' dir='ltr'>LIBRI</span> <span class='ocrx_word' id='word_1_6' title='bbox 822 926 845 956; x_wconf 90' lang='lat'>1.</span> <span class='ocrx_word' id='word_1_7' title='bbox 885 926 1036 957; x_wconf 88' lang='lat' dir='ltr'><strong>TOMUS</strong></span> <span class='ocrx_word' id='word_1_8' title='bbox 1061 926 1102 957; x_wconf 88' lang='grc' dir='ltr'>Π.</span> 
     </span>
    </p>
   </div>
   <div class='ocr_carea' id='block_1_4' title="bbox 171 1083 1614 1288">
    <p class='ocr_par' dir='ltr' id='par_1_4' title="bbox 171 1083 1614 1288">
     <span class='ocr_line' id='line_1_5' title="bbox 412 1083 1352 1132; baseline 0.001 -1"><span class='ocrx_word' id='word_1_9' title='bbox 412 1083 818 1132; x_wconf 88' lang='lat' dir='ltr'><strong>ADVERSUS</strong></span> <span class='ocrx_word' id='word_1_10' title='bbox 868 1083 1285 1132; x_wconf 85' lang='lat' dir='ltr'><strong>SIMONIANO</strong></span> <span class='ocrx_word' id='word_1_11' title='bbox 1305 1084 1352 1132; x_wconf 88' lang='lat' dir='ltr'>S.</span> 
     </span>
     <span class='ocr_line' id='line_1_6' title="bbox 171 1163 1614 1227; baseline 0 -15"><span class='ocrx_word' id='word_1_12' title='bbox 171 1167 284 1227; x_wconf 75' lang='lat' dir='ltr'>Quae</span> <span class='ocrx_word' id='word_1_13' title='bbox 321 1168 388 1211; x_wconf 84' lang='lat' dir='ltr'>est</span> <span class='ocrx_word' id='word_1_14' title='bbox 421 1163 615 1210; x_wconf 86' lang='lat' dir='ltr'>haeresis</span> <span class='ocrx_word' id='word_1_15' title='bbox 651 1164 701 1209; x_wconf 88' lang='lat' dir='ltr'>ab</span> <span class='ocrx_word' id='word_1_16' title='bbox 727 1167 881 1209; x_wconf 78' lang='lat' dir='ltr'>exortu</span> <span class='ocrx_word' id='word_1_17' title='bbox 905 1163 1176 1210; x_wconf 80' lang='lat' dir='ltr'>Christianae</span> <span class='ocrx_word' id='word_1_18' title='bbox 1205 1163 1431 1226; x_wconf 85' lang='lat' dir='ltr'>religionis</span> <span class='ocrx_word' id='word_1_19' title='bbox 1461 1165 1614 1226; x_wconf 85' lang='lat' dir='ltr'>prima,</span> 
     </span>
     <span class='ocr_line' id='line_1_7' title="bbox 733 1242 1044 1288; baseline 0 0"><span class='ocrx_word' id='word_1_20' title='bbox 733 1243 884 1288; x_wconf 86' lang='lat' dir='ltr'>ordine</span> <span class='ocrx_word' id='word_1_21' title='bbox 919 1242 1044 1288; x_wconf 90' lang='lat' dir='ltr'>XXI.</span> 
     </span>
    </p>
   </div>
   <div class='ocr_carea' id='block_1_5' title="bbox 131 1339 1804 2811">
    <p class='ocr_par' dir='ltr' id='par_1_5' title="bbox 131 1339 1804 2811">
     <span class='ocr_line' id='line_1_8' title="bbox 241 1339 1804 1398; baseline -0.001 -16"><span class='ocrx_word' id='word_1_22' title='bbox 241 1340 394 1382; x_wconf 83' lang='lat' dir='ltr'>Primae</span> <span class='ocrx_word' id='word_1_23' title='bbox 425 1341 591 1381; x_wconf 88' lang='lat' dir='ltr'>omnium</span> <span class='ocrx_word' id='word_1_24' title='bbox 627 1354 723 1394; x_wconf 89' lang='lat' dir='ltr'>quae</span> <span class='ocrx_word' id='word_1_25' title='bbox 758 1356 778 1380; x_wconf 89' lang='lat' dir='ltr'>a</span> <span class='ocrx_word' id='word_1_26' title='bbox 805 1339 950 1381; x_wconf 75' lang='lat' dir='ltr'>Christi</span> <span class='ocrx_word' id='word_1_27' title='bbox 979 1348 1148 1396; x_wconf 83' lang='lat' dir='ltr'>tempore</span> <span class='ocrx_word' id='word_1_28' title='bbox 1173 1343 1217 1382; x_wconf 86' lang='lat' dir='ltr'>ad</span> <span class='ocrx_word' id='word_1_29' title='bbox 1246 1342 1342 1382; x_wconf 87' lang='lat' dir='ltr'>hanc</span> <span class='ocrx_word' id='word_1_30' title='bbox 1370 1349 1536 1383; x_wconf 84' lang='lat' dir='ltr'>aetatem</span> <span class='ocrx_word' id='word_1_31' title='bbox 1561 1358 1647 1398; x_wconf 87' lang='lat' dir='ltr'>pro·</span> <span class='ocrx_word' id='word_1_32' title='bbox 1675 1350 1753 1393; x_wconf 81' lang='lat' dir='ltr'>Cap.</span> <span class='ocrx_word' id='word_1_33' title='bbox 1779 1353 1804 1382; x_wconf 84' lang='grc' dir='ltr'>Ι.</span> 
     </span>
     <span class='ocr_line' id='line_1_9' title="bbox 133 1406 1649 1464; baseline 0.001 -15"><span class='ocrx_word' id='word_1_34' title='bbox 133 1410 284 1450; x_wconf 91' lang='lat' dir='ltr'>dierunt</span> <span class='ocrx_word' id='word_1_35' title='bbox 316 1408 487 1449; x_wconf 89' lang='lat' dir='ltr'>haeresis</span> <span class='ocrx_word' id='word_1_36' title='bbox 519 1408 696 1463; x_wconf 88' lang='lat' dir='ltr'>princeps</span> <span class='ocrx_word' id='word_1_37' title='bbox 722 1406 856 1449; x_wconf 88' lang='lat' dir='ltr'>Simon</span> <span class='ocrx_word' id='word_1_38' title='bbox 890 1409 955 1449; x_wconf 90' lang='lat' dir='ltr'>illc</span> <span class='ocrx_word' id='word_1_39' title='bbox 982 1407 1123 1461; x_wconf 83' lang='lat' dir='ltr'>Magus</span> <span class='ocrx_word' id='word_1_40' title='bbox 1158 1410 1300 1449; x_wconf 83' lang='lat' dir='ltr'>extitit.</span> <span class='ocrx_word' id='word_1_41' title='bbox 1365 1408 1474 1462; x_wconf 79' lang='lat' dir='ltr'>Quae</span> <span class='ocrx_word' id='word_1_42' title='bbox 1499 1412 1649 1464; x_wconf 86' lang='lat' dir='ltr'>quidem</span> 
     </span>
     <span class='ocr_line' id='line_1_10' title="bbox 131 1474 1648 1532; baseline 0.001 -15"><span class='ocrx_word' id='word_1_43' title='bbox 131 1484 236 1517; x_wconf 87' lang='lat' dir='ltr'>secta</span> <span class='ocrx_word' id='word_1_44' title='bbox 263 1491 338 1517; x_wconf 90' lang='lat' dir='ltr'>non</span> <span class='ocrx_word' id='word_1_45' title='bbox 364 1483 486 1526; x_wconf 86' lang='lat' dir='ltr'>recte,</span> <span class='ocrx_word' id='word_1_46' title='bbox 520 1490 643 1529; x_wconf 88' lang='lat' dir='ltr'>neque</span> <span class='ocrx_word' id='word_1_47' title='bbox 667 1490 717 1515; x_wconf 83' lang='lat' dir='ltr'>ex</span> <span class='ocrx_word' id='word_1_48' title='bbox 741 1477 890 1526; x_wconf 81' lang='lat' dir='ltr'>ordine,</span> <span class='ocrx_word' id='word_1_49' title='bbox 925 1474 1185 1517; x_wconf 86' lang='lat' dir='ltr'>Christianum</span> <span class='ocrx_word' id='word_1_50' title='bbox 1210 1491 1348 1517; x_wconf 91' lang='lat' dir='ltr'>nomen</span> <span class='ocrx_word' id='word_1_51' title='bbox 1376 1485 1546 1532; x_wconf 76' lang='lat' dir='ltr'>usurpat,</span> <span class='ocrx_word' id='word_1_52' title='bbox 1580 1480 1648 1519; x_wconf 91' lang='lat' dir='ltr'>sed</span> 
     </span>
     <span class='ocr_line' id='line_1_11' title="bbox 132 1544 1650 1600; baseline 0.001 -16"><span class='ocrx_word' id='word_1_53' title='bbox 132 1559 201 1599; x_wconf 93' lang='lat' dir='ltr'>pro</span> <span class='ocrx_word' id='word_1_54' title='bbox 225 1544 438 1584; x_wconf 87' lang='lat' dir='ltr'>adulterina</span> <span class='ocrx_word' id='word_1_55' title='bbox 463 1558 530 1583; x_wconf 90' lang='lat' dir='ltr'>sua</span> <span class='ocrx_word' id='word_1_56' title='bbox 555 1544 829 1597; x_wconf 82' lang='lat' dir='ltr'>depravatione</span> <span class='ocrx_word' id='word_1_57' title='bbox 851 1544 1089 1584; x_wconf 86' lang='lat' dir='ltr'>atrocissima</span> <span class='ocrx_word' id='word_1_58' title='bbox 1116 1558 1288 1598; x_wconf 80' lang='lat' dir='ltr'>quaeque</span> <span class='ocrx_word' id='word_1_59' title='bbox 1314 1545 1528 1586; x_wconf 79' lang='lat' dir='ltr'>committit.</span> <span class='ocrx_word' id='word_1_60' title='bbox 1575 1544 1650 1600; x_wconf 83' lang='lat' dir='ltr'>lgi-</span> 
     </span>
     <span class='ocr_line' id='line_1_12' title="bbox 132 1610 1648 1667; baseline 0.001 -16"><span class='ocrx_word' id='word_1_61' title='bbox 132 1618 195 1652; x_wconf 91' lang='lat' dir='ltr'>tur</span> <span class='ocrx_word' id='word_1_62' title='bbox 221 1610 355 1652; x_wconf 89' lang='lat' dir='ltr'>Simon</span> <span class='ocrx_word' id='word_1_63' title='bbox 390 1611 461 1651; x_wconf 88' lang='lat' dir='ltr'>iste</span> <span class='ocrx_word' id='word_1_64' title='bbox 495 1611 690 1651; x_wconf 80' lang='lat' dir='ltr'>veneficus</span> <span class='ocrx_word' id='word_1_65' title='bbox 720 1611 813 1661; x_wconf 86' lang='lat' dir='ltr'>fuit,</span> <span class='ocrx_word' id='word_1_66' title='bbox 855 1610 998 1651; x_wconf 88' lang='lat' dir='ltr'>Gitthis</span> <span class='ocrx_word' id='word_1_67' title='bbox 1031 1611 1214 1651; x_wconf 87' lang='lat' dir='ltr'>oriundus</span> <span class='ocrx_word' id='word_1_68' title='bbox 1239 1613 1326 1652; x_wconf 88' lang='lat' dir='ltr'>olim</span> <span class='ocrx_word' id='word_1_69' title='bbox 1351 1612 1514 1667; x_wconf 91' lang='lat' dir='ltr'>oppido,</span> <span class='ocrx_word' id='word_1_70' title='bbox 1548 1628 1648 1653; x_wconf 87' lang='lat' dir='ltr'>nunc</span> 
     </span>
     <span class='ocr_line' id='line_1_13' title="bbox 132 1676 1650 1733; baseline 0.001 -15"><span class='ocrx_word' id='word_1_71' title='bbox 132 1679 219 1719; x_wconf 89' lang='lat' dir='ltr'>vico</span> <span class='ocrx_word' id='word_1_72' title='bbox 245 1677 461 1720; x_wconf 86' lang='lat' dir='ltr'>Samariae.</span> <span class='ocrx_word' id='word_1_73' title='bbox 524 1676 598 1730; x_wconf 80' lang='lat' dir='ltr'>Qui</span> <span class='ocrx_word' id='word_1_74' title='bbox 621 1678 863 1733; x_wconf 89' lang='lat' dir='ltr'>popularibus</span> <span class='ocrx_word' id='word_1_75' title='bbox 889 1678 968 1718; x_wconf 89' lang='lat' dir='ltr'>suis</span> <span class='ocrx_word' id='word_1_76' title='bbox 992 1679 1100 1719; x_wconf 89' lang='lat' dir='ltr'>malis</span> <span class='ocrx_word' id='word_1_77' title='bbox 1121 1679 1265 1719; x_wconf 88' lang='lat' dir='ltr'>artibus</span> <span class='ocrx_word' id='word_1_78' title='bbox 1288 1680 1451 1719; x_wconf 88' lang='lat' dir='ltr'>illudens</span> <span class='ocrx_word' id='word_1_79' title='bbox 1479 1694 1523 1720; x_wconf 89' lang='lat' dir='ltr'>ac</span> <span class='ocrx_word' id='word_1_80' title='bbox 1547 1681 1650 1720; x_wconf 89' lang='lat' dir='ltr'>frau-</span> 
     </span>
     <span class='ocr_line' id='line_1_14' title="bbox 135 1746 1650 1801; baseline 0.001 -15"><span class='ocrx_word' id='word_1_81' title='bbox 135 1746 242 1786; x_wconf 91' lang='lat' dir='ltr'>dibus</span> <span class='ocrx_word' id='word_1_82' title='bbox 269 1746 452 1801; x_wconf 84' lang='lat' dir='ltr'>pellectos</span> <span class='ocrx_word' id='word_1_83' title='bbox 476 1746 668 1800; x_wconf 87' lang='lat' dir='ltr'>decipiens</span> <span class='ocrx_word' id='word_1_84' title='bbox 697 1759 873 1799; x_wconf 85' lang='lat' dir='ltr'>magnam</span> <span class='ocrx_word' id='word_1_85' title='bbox 897 1759 939 1785; x_wconf 91' lang='lat' dir='ltr'>se</span> <span class='ocrx_word' id='word_1_86' title='bbox 962 1746 1021 1785; x_wconf 84' lang='lat' dir='ltr'>dei</span> <span class='ocrx_word' id='word_1_87' title='bbox 1048 1746 1123 1786; x_wconf 91' lang='lat' dir='ltr'>vim</span> <span class='ocrx_word' id='word_1_88' title='bbox 1157 1760 1245 1787; x_wconf 88' lang='lat' dir='ltr'>esse</span> <span class='ocrx_word' id='word_1_89' title='bbox 1268 1747 1510 1801; x_wconf 84' lang='lat' dir='ltr'>praedicabat</span> <span class='ocrx_word' id='word_1_90' title='bbox 1534 1748 1650 1788; x_wconf 89' lang='lat' dir='ltr'>coeli-</span> 
     </span>
     <span class='ocr_line' id='line_1_15' title="bbox 133 1811 1648 1868; baseline 0.002 -16"><span class='ocrx_word' id='word_1_91' title='bbox 133 1820 193 1854; x_wconf 90' lang='lat' dir='ltr'>tus</span> <span class='ocrx_word' id='word_1_92' title='bbox 228 1814 265 1853; x_wconf 89' lang='lat' dir='ltr'>in</span> <span class='ocrx_word' id='word_1_93' title='bbox 294 1820 418 1853; x_wconf 86' lang='lat' dir='ltr'>terras</span> <span class='ocrx_word' id='word_1_94' title='bbox 443 1814 648 1867; x_wconf 82' lang='lat' dir='ltr'>delapsam.</span> <span class='ocrx_word' id='word_1_95' title='bbox 708 1811 832 1853; x_wconf 91' lang='lat' dir='ltr'>Porro</span> <span class='ocrx_word' id='word_1_96' title='bbox 859 1814 954 1866; x_wconf 90' lang='lat' dir='ltr'>apud</span> <span class='ocrx_word' id='word_1_97' title='bbox 978 1811 1244 1853; x_wconf 82' lang='lat' dir='ltr'>Samaritanus</span> <span class='ocrx_word' id='word_1_98' title='bbox 1277 1828 1369 1854; x_wconf 93' lang='lat' dir='ltr'>suos</span> <span class='ocrx_word' id='word_1_99' title='bbox 1401 1829 1470 1868; x_wconf 90' lang='lat' dir='ltr'>pro</span> <span class='ocrx_word' id='word_1_100' title='bbox 1504 1815 1575 1855; x_wconf 88' lang='lat' dir='ltr'>deo</span> <span class='ocrx_word' id='word_1_101' title='bbox 1606 1829 1648 1855; x_wconf 82' lang='lat' dir='ltr'>se</span> 
     </span>
     <span class='ocr_line' id='line_1_16' title="bbox 134 1878 1650 1936; baseline 0.001 -15"><span class='ocrx_word' id='word_1_102' title='bbox 134 1887 242 1936; x_wconf 89' lang='lat' dir='ltr'>patre</span> <span class='ocrx_word' id='word_1_103' title='bbox 265 1881 506 1932; x_wconf 83' lang='lat' dir='ltr'>venditabat,</span> <span class='ocrx_word' id='word_1_104' title='bbox 540 1881 635 1935; x_wconf 91' lang='lat' dir='ltr'>apud</span> <span class='ocrx_word' id='word_1_105' title='bbox 662 1878 823 1920; x_wconf 88' lang='lat' dir='ltr'>ludaeos</span> <span class='ocrx_word' id='word_1_106' title='bbox 855 1880 970 1920; x_wconf 88' lang='lat' dir='ltr'>filium</span> <span class='ocrx_word' id='word_1_107' title='bbox 1001 1894 1042 1920; x_wconf 90' lang='lat' dir='ltr'>se</span> <span class='ocrx_word' id='word_1_108' title='bbox 1071 1881 1249 1921; x_wconf 86' lang='lat' dir='ltr'>faciebat.</span> <span class='ocrx_word' id='word_1_109' title='bbox 1309 1880 1492 1935; x_wconf 84' lang='lat' dir='ltr'>Negabat</span> <span class='ocrx_word' id='word_1_110' title='bbox 1511 1896 1650 1923; x_wconf 86' lang='lat' dir='ltr'>revera</span> 
     </span>
     <span class='ocr_line' id='line_1_17' title="bbox 133 1945 1650 2003; baseline 0.001 -15"><span class='ocrx_word' id='word_1_111' title='bbox 133 1962 176 1988; x_wconf 93' lang='lat' dir='ltr'>se</span> <span class='ocrx_word' id='word_1_112' title='bbox 197 1955 262 1988; x_wconf 90' lang='lat' dir='ltr'>aut</span> <span class='ocrx_word' id='word_1_113' title='bbox 284 1949 396 1988; x_wconf 88' lang='lat' dir='ltr'>aliter</span> <span class='ocrx_word' id='word_1_114' title='bbox 417 1962 526 2002; x_wconf 88' lang='lat' dir='ltr'>quam</span> <span class='ocrx_word' id='word_1_115' title='bbox 551 1949 677 2003; x_wconf 85' lang='lat' dir='ltr'>specie</span> <span class='ocrx_word' id='word_1_116' title='bbox 706 1955 816 1988; x_wconf 90' lang='lat' dir='ltr'>tenus</span> <span class='ocrx_word' id='word_1_117' title='bbox 847 1961 933 1988; x_wconf 87' lang='lat' dir='ltr'>esse</span> <span class='ocrx_word' id='word_1_118' title='bbox 966 1962 1134 2001; x_wconf 84' lang='lat' dir='ltr'>passum.</span> <span class='ocrx_word' id='word_1_119' title='bbox 1197 1945 1301 1988; x_wconf 85' lang='lat' dir='ltr'>Idem</span> <span class='ocrx_word' id='word_1_120' title='bbox 1327 1949 1511 2003; x_wconf 85' lang='lat' dir='ltr'>apostolis</span> <span class='ocrx_word' id='word_1_121' title='bbox 1543 1950 1650 1990; x_wconf 87' lang='lat' dir='ltr'>blan-</span> 
     </span>
     <span class='ocr_line' id='line_1_18' title="bbox 134 2014 1800 2072; baseline 0.002 -17"><span class='ocrx_word' id='word_1_122' title='bbox 134 2015 233 2056; x_wconf 87' lang='lat' dir='ltr'>ditus</span> <span class='ocrx_word' id='word_1_123' title='bbox 265 2030 349 2056; x_wconf 90' lang='lat' dir='ltr'>cum</span> <span class='ocrx_word' id='word_1_124' title='bbox 371 2016 456 2056; x_wconf 88' lang='lat' dir='ltr'>aliis</span> <span class='ocrx_word' id='word_1_125' title='bbox 477 2016 575 2056; x_wconf 85' lang='lat' dir='ltr'>bene</span> <span class='ocrx_word' id='word_1_126' title='bbox 606 2016 733 2055; x_wconf 85' lang='lat' dir='ltr'>multis</span> <span class='ocrx_word' id='word_1_127' title='bbox 761 2029 781 2055; x_wconf 85' lang='lat' dir='ltr'>a</span> <span class='ocrx_word' id='word_1_128' title='bbox 803 2014 976 2070; x_wconf 87' lang='lat' dir='ltr'>Philippo</span> <span class='ocrx_word' id='word_1_129' title='bbox 999 2015 1215 2070; x_wconf 88' lang='lat' dir='ltr'>baptizatus</span> <span class='ocrx_word' id='word_1_130' title='bbox 1241 2022 1313 2055; x_wconf 88' lang='lat' dir='ltr'>est.</span> <span class='ocrx_word' id='word_1_131' title='bbox 1373 2015 1474 2056; x_wconf 79' lang='lat' dir='ltr'>Mox</span> <span class='ocrx_word' id='word_1_132' title='bbox 1495 2025 1651 2072; x_wconf 88' lang='lat' dir='ltr'>praeter</span> <span class='ocrx_word' id='word_1_133' title='bbox 1695 2025 1757 2051; x_wconf 79' lang='lat' dir='ltr'>Act·</span> <span class='ocrx_word' id='word_1_134' title='bbox 1776 2026 1800 2051; x_wconf 83' lang='grc'>8-</span> 
     </span>
     <span class='ocr_line' id='line_1_19' title="bbox 132 2073 1650 2138; baseline 0.002 -16"><span class='ocrx_word' id='word_1_135' title='bbox 132 2097 250 2123; x_wconf 88' lang='lat' dir='ltr'>unum</span> <span class='ocrx_word' id='word_1_136' title='bbox 280 2083 385 2123; x_wconf 91' lang='lat' dir='ltr'>illum</span> <span class='ocrx_word' id='word_1_137' title='bbox 408 2083 577 2123; x_wconf 90' lang='lat' dir='ltr'>universi</span> <span class='ocrx_word' id='word_1_138' title='bbox 600 2097 768 2123; x_wconf 90' lang='lat' dir='ltr'>summos</span> <span class='ocrx_word' id='word_1_139' title='bbox 795 2073 989 2137; x_wconf 86' lang='lat' dir='ltr'>apostolos</span> <span class='ocrx_word' id='word_1_140' title='bbox 1021 2082 1296 2134; x_wconf 87' lang='lat' dir='ltr'>advenientes,</span> <span class='ocrx_word' id='word_1_141' title='bbox 1341 2097 1484 2138; x_wconf 89' lang='lat' dir='ltr'>perque</span> <span class='ocrx_word' id='word_1_142' title='bbox 1515 2099 1650 2125; x_wconf 87' lang='lat' dir='ltr'>manus</span> 
     </span>
     <span class='ocr_line' id='line_1_20' title="bbox 134 2150 1646 2206; baseline 0.001 -16"><span class='ocrx_word' id='word_1_143' title='bbox 134 2150 206 2190; x_wconf 86' lang='lat' dir='ltr'>sibi</span> <span class='ocrx_word' id='word_1_144' title='bbox 234 2150 280 2190; x_wconf 87' lang='lat' dir='ltr'>ab</span> <span class='ocrx_word' id='word_1_145' title='bbox 311 2151 386 2191; x_wconf 89' lang='lat' dir='ltr'>illis</span> <span class='ocrx_word' id='word_1_146' title='bbox 411 2151 606 2205; x_wconf 87' lang='lat' dir='ltr'>impositas</span> <span class='ocrx_word' id='word_1_147' title='bbox 636 2150 808 2205; x_wconf 86' lang='lat' dir='ltr'>spiritum</span> <span class='ocrx_word' id='word_1_148' title='bbox 834 2157 1006 2190; x_wconf 88' lang='lat' dir='ltr'>sanctum</span> <span class='ocrx_word' id='word_1_149' title='bbox 1032 2150 1245 2205; x_wconf 84' lang='lat' dir='ltr'>excipiunt.</span> <span class='ocrx_word' id='word_1_150' title='bbox 1305 2150 1408 2191; x_wconf 87' lang='lat' dir='ltr'>Nam</span> <span class='ocrx_word' id='word_1_151' title='bbox 1432 2150 1646 2206; x_wconf 85' lang='lat' dir='ltr'>Philippus,</span> 
     </span>
     <span class='ocr_line' id='line_1_21' title="bbox 135 2217 1651 2272; baseline 0.001 -14"><span class='ocrx_word' id='word_1_152' title='bbox 135 2218 234 2272; x_wconf 91' lang='lat' dir='ltr'>quod</span> <span class='ocrx_word' id='word_1_153' title='bbox 266 2218 449 2258; x_wconf 86' lang='lat' dir='ltr'>diaconus</span> <span class='ocrx_word' id='word_1_154' title='bbox 480 2219 664 2258; x_wconf 83' lang='lat' dir='ltr'>duntaxat</span> <span class='ocrx_word' id='word_1_155' title='bbox 699 2225 826 2268; x_wconf 86' lang='lat' dir='ltr'>esset,</span> <span class='ocrx_word' id='word_1_156' title='bbox 869 2217 1184 2272; x_wconf 88' lang='lat' dir='ltr'>imponendarum</span> <span class='ocrx_word' id='word_1_157' title='bbox 1222 2232 1401 2258; x_wconf 90' lang='lat' dir='ltr'>manuum</span> <span class='ocrx_word' id='word_1_158' title='bbox 1440 2220 1651 2259; x_wconf 91' lang='lat' dir='ltr'>communi-</span> 
     </span>
     <span class='ocr_line' id='line_1_22' title="bbox 136 2284 1650 2340; baseline 0.001 -15"><span class='ocrx_word' id='word_1_159' title='bbox 136 2285 321 2339; x_wconf 90' lang='lat' dir='ltr'>candique</span> <span class='ocrx_word' id='word_1_160' title='bbox 345 2286 501 2340; x_wconf 87' lang='lat' dir='ltr'>spiritus</span> <span class='ocrx_word' id='word_1_161' title='bbox 527 2285 647 2325; x_wconf 90' lang='lat' dir='ltr'>sancti</span> <span class='ocrx_word' id='word_1_162' title='bbox 670 2291 857 2339; x_wconf 85' lang='lat' dir='ltr'>potestate</span> <span class='ocrx_word' id='word_1_163' title='bbox 879 2285 1050 2325; x_wconf 87' lang='lat' dir='ltr'>carebat.</span> <span class='ocrx_word' id='word_1_164' title='bbox 1093 2284 1239 2326; x_wconf 89' lang='lat' dir='ltr'>Verum</span> <span class='ocrx_word' id='word_1_165' title='bbox 1266 2284 1398 2326; x_wconf 89' lang='lat' dir='ltr'>Simon</span> <span class='ocrx_word' id='word_1_166' title='bbox 1424 2286 1496 2327; x_wconf 88' lang='lat' dir='ltr'>iste</span> <span class='ocrx_word' id='word_1_167' title='bbox 1521 2286 1650 2327; x_wconf 86' lang='lat' dir='ltr'>animo</span> 
     </span>
     <span class='ocr_line' id='line_1_23' title="bbox 134 2353 1651 2407; baseline 0.002 -15"><span class='ocrx_word' id='word_1_168' title='bbox 134 2366 178 2393; x_wconf 86' lang='lat' dir='ltr'>ac</span> <span class='ocrx_word' id='word_1_169' title='bbox 207 2360 333 2393; x_wconf 85' lang='lat' dir='ltr'>mente</span> <span class='ocrx_word' id='word_1_170' title='bbox 359 2354 610 2407; x_wconf 85' lang='lat' dir='ltr'>depravatus,</span> <span class='ocrx_word' id='word_1_171' title='bbox 647 2366 731 2392; x_wconf 92' lang='lat' dir='ltr'>cum</span> <span class='ocrx_word' id='word_1_172' title='bbox 757 2366 799 2392; x_wconf 88' lang='lat' dir='ltr'>se</span> <span class='ocrx_word' id='word_1_173' title='bbox 824 2353 1042 2407; x_wconf 88' lang='lat' dir='ltr'>turpissimo</span> <span class='ocrx_word' id='word_1_174' title='bbox 1069 2353 1241 2406; x_wconf 82' lang='lat' dir='ltr'>quaestui</span> <span class='ocrx_word' id='word_1_175' title='bbox 1272 2360 1310 2393; x_wconf 88' lang='lat' dir='ltr'>et</span> <span class='ocrx_word' id='word_1_176' title='bbox 1335 2354 1521 2394; x_wconf 85' lang='lat' dir='ltr'>avaritiae</span> <span class='ocrx_word' id='word_1_177' title='bbox 1547 2355 1651 2395; x_wconf 90' lang='lat' dir='ltr'>dedi-</span> 
     </span>
     <span class='ocr_line' id='line_1_24' title="bbox 136 2419 1651 2476; baseline 0.001 -16"><span class='ocrx_word' id='word_1_178' title='bbox 136 2419 270 2471; x_wconf 88' lang='lat' dir='ltr'>disset,</span> <span class='ocrx_word' id='word_1_179' title='bbox 303 2434 427 2474; x_wconf 87' lang='lat' dir='ltr'>neque</span> <span class='ocrx_word' id='word_1_180' title='bbox 452 2419 650 2474; x_wconf 86' lang='lat' dir='ltr'>quicquam</span> <span class='ocrx_word' id='word_1_181' title='bbox 675 2420 720 2459; x_wconf 90' lang='lat' dir='ltr'>de</span> <span class='ocrx_word' id='word_1_182' title='bbox 742 2421 934 2474; x_wconf 86' lang='lat' dir='ltr'>perversis</span> <span class='ocrx_word' id='word_1_183' title='bbox 960 2421 1095 2461; x_wconf 91' lang='lat' dir='ltr'>studiis</span> <span class='ocrx_word' id='word_1_184' title='bbox 1118 2420 1347 2470; x_wconf 85' lang='lat' dir='ltr'>remisisset,</span> <span class='ocrx_word' id='word_1_185' title='bbox 1381 2422 1555 2476; x_wconf 88' lang='lat' dir='ltr'>apostolo</span> <span class='ocrx_word' id='word_1_186' title='bbox 1575 2421 1651 2462; x_wconf 87' lang='lat' dir='ltr'>Pe-</span> 
     </span>
     <span class='ocr_line' id='line_1_25' title="bbox 135 2487 1651 2543; baseline 0.002 -16"><span class='ocrx_word' id='word_1_187' title='bbox 135 2493 196 2527; x_wconf 88' lang='lat' dir='ltr'>tro</span> <span class='ocrx_word' id='word_1_188' title='bbox 221 2487 400 2542; x_wconf 85' lang='lat' dir='ltr'>pecunias</span> <span class='ocrx_word' id='word_1_189' title='bbox 427 2487 582 2537; x_wconf 88' lang='lat' dir='ltr'>obtulit,</span> <span class='ocrx_word' id='word_1_190' title='bbox 613 2494 654 2526; x_wconf 87' lang='lat' dir='ltr'>ut</span> <span class='ocrx_word' id='word_1_191' title='bbox 676 2487 707 2526; x_wconf 91' lang='lat' dir='ltr'>is</span> <span class='ocrx_word' id='word_1_192' title='bbox 736 2487 806 2527; x_wconf 89' lang='lat' dir='ltr'>sibi</span> <span class='ocrx_word' id='word_1_193' title='bbox 841 2487 1027 2542; x_wconf 86' lang='lat' dir='ltr'>largiendi</span> <span class='ocrx_word' id='word_1_194' title='bbox 1060 2502 1128 2543; x_wconf 88' lang='lat' dir='ltr'>per</span> <span class='ocrx_word' id='word_1_195' title='bbox 1159 2502 1334 2528; x_wconf 89' lang='lat' dir='ltr'>manuum</span> <span class='ocrx_word' id='word_1_196' title='bbox 1367 2488 1651 2543; x_wconf 88' lang='lat' dir='ltr'>impositionem</span> 
     </span>
     <span class='ocr_line' id='line_1_26' title="bbox 135 2554 1650 2610; baseline 0.003 -16"><span class='ocrx_word' id='word_1_197' title='bbox 135 2554 292 2609; x_wconf 87' lang='lat' dir='ltr'>spiritus</span> <span class='ocrx_word' id='word_1_198' title='bbox 313 2556 434 2596; x_wconf 87' lang='lat' dir='ltr'>sancti</span> <span class='ocrx_word' id='word_1_199' title='bbox 456 2561 683 2609; x_wconf 88' lang='lat' dir='ltr'>potestatem</span> <span class='ocrx_word' id='word_1_200' title='bbox 709 2556 914 2597; x_wconf 89' lang='lat' dir='ltr'>conferret.</span> <span class='ocrx_word' id='word_1_201' title='bbox 947 2555 1123 2596; x_wconf 90' lang='lat' dir='ltr'>Eundem</span> <span class='ocrx_word' id='word_1_202' title='bbox 1139 2555 1274 2610; x_wconf 91' lang='lat' dir='ltr'>quippe</span> <span class='ocrx_word' id='word_1_203' title='bbox 1296 2556 1467 2610; x_wconf 87' lang='lat' dir='ltr'>spiritum</span> <span class='ocrx_word' id='word_1_204' title='bbox 1492 2556 1530 2596; x_wconf 92' lang='lat' dir='ltr'>in</span> <span class='ocrx_word' id='word_1_205' title='bbox 1554 2557 1650 2598; x_wconf 88' lang='lat' dir='ltr'>alios</span> 
     </span>
     <span class='ocr_line' id='line_1_27' title="bbox 134 2622 1652 2677; baseline 0.003 -16"><span class='ocrx_word' id='word_1_206' title='bbox 134 2623 406 2663; x_wconf 83' lang='lat' dir='ltr'>transfundere</span> <span class='ocrx_word' id='word_1_207' title='bbox 426 2622 634 2676; x_wconf 84' lang='lat' dir='ltr'>cogitabat,</span> <span class='ocrx_word' id='word_1_208' title='bbox 663 2629 774 2676; x_wconf 89' lang='lat' dir='ltr'>atque</span> <span class='ocrx_word' id='word_1_209' title='bbox 799 2622 850 2663; x_wconf 86' lang='lat' dir='ltr'>ita</span> <span class='ocrx_word' id='word_1_210' title='bbox 871 2624 1075 2664; x_wconf 80' lang='lat' dir='ltr'>maximam</span> <span class='ocrx_word' id='word_1_211' title='bbox 1101 2637 1187 2664; x_wconf 90' lang='lat' dir='ltr'>sese</span> <span class='ocrx_word' id='word_1_212' title='bbox 1208 2623 1454 2677; x_wconf 85' lang='lat' dir='ltr'>pecuniarum</span> <span class='ocrx_word' id='word_1_213' title='bbox 1476 2624 1552 2664; x_wconf 87' lang='lat' dir='ltr'>vim</span> <span class='ocrx_word' id='word_1_214' title='bbox 1573 2625 1652 2665; x_wconf 89' lang='lat' dir='ltr'>col-</span> 
     </span>
     <span class='ocr_line' id='line_1_28' title="bbox 133 2689 1650 2746; baseline 0.003 -16"><span class='ocrx_word' id='word_1_215' title='bbox 133 2689 345 2741; x_wconf 86' lang='lat' dir='ltr'>lecturum,</span> <span class='ocrx_word' id='word_1_216' title='bbox 387 2696 500 2742; x_wconf 84' lang='lat' dir='ltr'>atque</span> <span class='ocrx_word' id='word_1_217' title='bbox 525 2689 662 2743; x_wconf 82' lang='lat' dir='ltr'>ingens</span> <span class='ocrx_word' id='word_1_218' title='bbox 693 2690 846 2731; x_wconf 86' lang='lat' dir='ltr'>omnino</span> <span class='ocrx_word' id='word_1_219' title='bbox 877 2691 1023 2732; x_wconf 88' lang='lat' dir='ltr'>lucrum</span> <span class='ocrx_word' id='word_1_220' title='bbox 1052 2706 1137 2732; x_wconf 90' lang='lat' dir='ltr'>cum</span> <span class='ocrx_word' id='word_1_221' title='bbox 1168 2690 1309 2745; x_wconf 78' lang='lat' dir='ltr'>exiguo</span> <span class='ocrx_word' id='word_1_222' title='bbox 1334 2691 1457 2746; x_wconf 86' lang='lat' dir='ltr'>pretio</span> <span class='ocrx_word' id='word_1_223' title='bbox 1482 2706 1650 2734; x_wconf 89' lang='lat' dir='ltr'>commu·</span> 
     </span>
     <span class='ocr_line' id='line_1_29' title="bbox 135 2757 525 2811; baseline 0.003 -15"><span class='ocrx_word' id='word_1_224' title='bbox 135 2763 301 2797; x_wconf 76' lang='lat' dir='ltr'>laturum</span> <span class='ocrx_word' id='word_1_225' title='bbox 332 2757 525 2811; x_wconf 87' lang='lat' dir='ltr'>sperabat.</span> 
     </span>
    </p>
   </div>
   <div class='ocr_carea' id='block_1_6' title="bbox 179 2979 1320 3027">
    <p class='ocr_par' dir='ltr' id='par_1_6' title="bbox 179 2979 1320 3027">
     <span class='ocr_line' id='line_1_30' title="bbox 179 2979 1320 3027; baseline 0.004 -14"><span class='ocrx_word' id='word_1_226' title='bbox 179 2979 210 3013; x_wconf 86' lang='lat'>3.</span> <span class='ocrx_word' id='word_1_227' title='bbox 237 2981 455 3025; x_wconf 67' lang='grc' dir='ltr'>ἐπικερδήσαι</span> <span class='ocrx_word' id='word_1_228' title='bbox 475 2985 562 3015; x_wconf 84' lang='lat' dir='ltr'>codd.</span> <span class='ocrx_word' id='word_1_229' title='bbox 585 2985 677 3015; x_wconf 67' lang='lat' dir='ltr'>vanc.</span> <span class='ocrx_word' id='word_1_230' title='bbox 700 2986 725 3015; x_wconf 81' lang='lat' dir='ltr'>ct</span> <span class='ocrx_word' id='word_1_231' title='bbox 744 2984 868 3024; x_wconf 70' lang='lat' dir='ltr'>Rhediy.</span> <span class='ocrx_word' id='word_1_232' title='bbox 916 2981 1127 3027; x_wconf 69' lang='grc' dir='ltr'>ἐπικερδῆναι</span> <span class='ocrx_word' id='word_1_233' title='bbox 1151 2986 1222 3016; x_wconf 78' lang='lat' dir='ltr'>editi</span> <span class='ocrx_word' id='word_1_234' title='bbox 1243 2987 1320 3016; x_wconf 79' lang='lat' dir='ltr'>libri.</span> 
     </span>
    </p>
   </div>
  </div>
 </body>
</html>
