<?xml version="1.0" encoding="UTF-8"?>
<!DOCTYPE html PUBLIC "-//W3C//DTD XHTML 1.0 Transitional//EN"
    "http://www.w3.org/TR/xhtml1/DTD/xhtml1-transitional.dtd">
<html xmlns="http://www.w3.org/1999/xhtml" xml:lang="en" lang="en">
 <head>
  <title>
</title>
<meta http-equiv="Content-Type" content="text/html;charset=utf-8" />
  <meta name='ocr-system' content='tesseract 3.04.00' />
  <meta name='ocr-capabilities' content='ocr_page ocr_carea ocr_par ocr_line ocrx_word'/>
</head>
<body>
  <div class='ocr_page' id='page_1' title='image "./p1corporishaereseo02epipuoft/p1corporishaereseo02epipuoft_0203.png"; bbox 0 0 2034 3267; ppageno 0'>
   <div class='ocr_carea' id='block_1_1' title="bbox 510 227 1653 265">
    <p class='ocr_par' dir='ltr' id='par_1_1' title="bbox 510 227 1653 265">
     <span class='ocr_line' id='line_1_1' title="bbox 510 227 1653 265; baseline 0.005 -6"><span class='ocrx_word' id='word_1_1' title='bbox 510 228 684 260; x_wconf 79' lang='lat' dir='ltr'><strong>PANARII</strong></span> <span class='ocrx_word' id='word_1_2' title='bbox 709 228 791 260; x_wconf 87' lang='lat' dir='ltr'><strong>LIB.</strong></span> <span class='ocrx_word' id='word_1_3' title='bbox 809 229 833 260; x_wconf 83' lang='lat'><strong>1.</strong></span> <span class='ocrx_word' id='word_1_4' title='bbox 857 229 961 261; x_wconf 91' lang='lat' dir='ltr'><strong>TOM.</strong></span> <span class='ocrx_word' id='word_1_5' title='bbox 981 230 1020 261; x_wconf 86' lang='lat'><strong>11.</strong></span> <span class='ocrx_word' id='word_1_6' title='bbox 1044 229 1313 264; x_wconf 79' lang='lat' dir='ltr'><strong>HAER.XXVI.</strong></span> <span class='ocrx_word' id='word_1_7' title='bbox 1586 227 1653 265; x_wconf 84' lang='grc'><strong>191</strong></span> 
     </span>
    </p>
   </div>
   <div class='ocr_carea' id='block_1_2' title="bbox 134 304 1852 2914">
    <p class='ocr_par' dir='ltr' id='par_1_2' title="bbox 134 304 1852 2107">
     <span class='ocr_line' id='line_1_2' title="bbox 151 304 1662 360; baseline 0.005 -16"><span class='ocrx_word' id='word_1_8' title='bbox 151 304 405 359; x_wconf 88' lang='lat' dir='ltr'><strong>pitaculorum</strong></span> <span class='ocrx_word' id='word_1_9' title='bbox 428 305 590 360; x_wconf 90' lang='lat' dir='ltr'><strong>strepitu</strong></span> <span class='ocrx_word' id='word_1_10' title='bbox 620 305 652 346; x_wconf 90' lang='lat' dir='ltr'><strong>is</strong></span> <span class='ocrx_word' id='word_1_11' title='bbox 675 307 736 360; x_wconf 90' lang='lat' dir='ltr'><strong>qui</strong></span> <span class='ocrx_word' id='word_1_12' title='bbox 761 307 991 347; x_wconf 85' lang='lat' dir='ltr'><strong>adorabatur</strong></span> <span class='ocrx_word' id='word_1_13' title='bbox 1014 307 1229 349; x_wconf 87' lang='lat' dir='ltr'><strong>admonitus</strong></span> <span class='ocrx_word' id='word_1_14' title='bbox 1256 322 1343 349; x_wconf 88' lang='lat' dir='ltr'><strong>sese</strong></span> <span class='ocrx_word' id='word_1_15' title='bbox 1376 321 1397 349; x_wconf 82' lang='lat' dir='ltr'><strong>e</strong></span> <span class='ocrx_word' id='word_1_16' title='bbox 1418 310 1542 351; x_wconf 86' lang='lat' dir='ltr'><strong>medio</strong></span> <span class='ocrx_word' id='word_1_17' title='bbox 1573 313 1662 352; x_wconf 89' lang='lat' dir='ltr'><strong>sub-</strong></span> 
     </span>
     <span class='ocr_line' id='line_1_3' title="bbox 152 371 1660 429; baseline 0.005 -18"><span class='ocrx_word' id='word_1_18' title='bbox 152 371 343 422; x_wconf 78' lang='lat' dir='ltr'><strong>traheret,</strong></span> <span class='ocrx_word' id='word_1_19' title='bbox 377 386 424 411; x_wconf 90' lang='lat' dir='ltr'><strong>ne</strong></span> <span class='ocrx_word' id='word_1_20' title='bbox 446 386 527 412; x_wconf 86' lang='lat' dir='ltr'><strong>cum</strong></span> <span class='ocrx_word' id='word_1_21' title='bbox 553 373 657 413; x_wconf 88' lang='lat' dir='ltr'><strong>larva</strong></span> <span class='ocrx_word' id='word_1_22' title='bbox 678 374 739 413; x_wconf 88' lang='lat' dir='ltr'><strong>illa</strong></span> <span class='ocrx_word' id='word_1_23' title='bbox 763 388 807 413; x_wconf 88' lang='lat' dir='ltr'><strong>ac</strong></span> <span class='ocrx_word' id='word_1_24' title='bbox 833 374 931 427; x_wconf 88' lang='lat' dir='ltr'><strong>turpi</strong></span> <span class='ocrx_word' id='word_1_25' title='bbox 956 375 1076 428; x_wconf 85' lang='lat' dir='ltr'><strong>effigie</strong></span> <span class='ocrx_word' id='word_1_26' title='bbox 1102 375 1465 429; x_wconf 78' lang='lat' dir='ltr'><strong>deprehenderetur.</strong></span> <span class='ocrx_word' id='word_1_27' title='bbox 1526 376 1660 419; x_wconf 90' lang='lat' dir='ltr'><strong>Enim-</strong></span> 
     </span>
     <span class='ocr_line' id='line_1_4' title="bbox 150 439 1661 486; baseline 0.005 -7"><span class='ocrx_word' id='word_1_28' title='bbox 150 452 245 479; x_wconf 88' lang='lat' dir='ltr'><strong>vero</strong></span> <span class='ocrx_word' id='word_1_29' title='bbox 268 439 443 479; x_wconf 90' lang='lat' dir='ltr'><strong>stolidum</strong></span> <span class='ocrx_word' id='word_1_30' title='bbox 468 440 556 479; x_wconf 93' lang='lat' dir='ltr'><strong>illud</strong></span> <span class='ocrx_word' id='word_1_31' title='bbox 580 440 888 480; x_wconf 76' lang='lat' dir='ltr'><strong>stultissimorum</strong></span> <span class='ocrx_word' id='word_1_32' title='bbox 912 441 1102 480; x_wconf 88' lang='lat' dir='ltr'><strong>hominum</strong></span> <span class='ocrx_word' id='word_1_33' title='bbox 1127 451 1379 483; x_wconf 90' lang='lat' dir='ltr'><strong>commentum</strong></span> <span class='ocrx_word' id='word_1_34' title='bbox 1403 458 1485 484; x_wconf 93' lang='lat' dir='ltr'><strong>cum</strong></span> <span class='ocrx_word' id='word_1_35' title='bbox 1505 445 1551 485; x_wconf 84' lang='lat' dir='ltr'><strong>ad</strong></span> <span class='ocrx_word' id='word_1_36' title='bbox 1570 460 1661 486; x_wconf 90' lang='lat' dir='ltr'><strong>con—</strong></span> 
     </span>
     <span class='ocr_line' id='line_1_5' title="bbox 150 504 1661 562; baseline 0.005 -17"><span class='ocrx_word' id='word_1_37' title='bbox 150 504 378 546; x_wconf 86' lang='lat' dir='ltr'><strong>vincendum</strong></span> <span class='ocrx_word' id='word_1_38' title='bbox 405 507 583 560; x_wconf 77' lang='lat' dir='ltr'><strong>perfacile</strong></span> <span class='ocrx_word' id='word_1_39' title='bbox 607 514 680 555; x_wconf 81' lang='lat' dir='ltr'><strong>est,</strong></span> <span class='ocrx_word' id='word_1_40' title='bbox 714 514 791 546; x_wconf 89' lang='lat' dir='ltr'><strong>tum</strong></span> <span class='ocrx_word' id='word_1_41' title='bbox 816 506 894 546; x_wconf 89' lang='lat' dir='ltr'><strong>risu</strong></span> <span class='ocrx_word' id='word_1_42' title='bbox 920 521 962 546; x_wconf 87' lang='lat' dir='ltr'><strong>ac</strong></span> <span class='ocrx_word' id='word_1_43' title='bbox 985 508 1146 548; x_wconf 87' lang='lat' dir='ltr'><strong>ludibrio</strong></span> <span class='ocrx_word' id='word_1_44' title='bbox 1171 509 1340 562; x_wconf 85' lang='lat' dir='ltr'><strong>dignum.</strong></span> <span class='ocrx_word' id='word_1_45' title='bbox 1399 510 1554 552; x_wconf 79' lang='lat' dir='ltr'>Etenim</span> <span class='ocrx_word' id='word_1_46' title='bbox 1577 514 1661 553; x_wconf 90' lang='lat' dir='ltr'><strong>sive</strong></span> 
     </span>
     <span class='ocr_line' id='line_1_6' title="bbox 148 572 1661 628; baseline 0.005 -16"><span class='ocrx_word' id='word_1_47' title='bbox 148 572 183 612; x_wconf 84' lang='lat' dir='ltr'><strong>is</strong></span> <span class='ocrx_word' id='word_1_48' title='bbox 210 580 293 612; x_wconf 88' lang='lat' dir='ltr'><strong>erat</strong></span> <span class='ocrx_word' id='word_1_49' title='bbox 315 574 491 624; x_wconf 83' lang='lat' dir='ltr'><strong>omnino,</strong></span> <span class='ocrx_word' id='word_1_50' title='bbox 525 574 584 613; x_wconf 88' lang='lat' dir='ltr'><strong>cni</strong></span> <span class='ocrx_word' id='word_1_51' title='bbox 608 574 699 613; x_wconf 87' lang='lat' dir='ltr'><strong>haec</strong></span> <span class='ocrx_word' id='word_1_52' title='bbox 723 586 832 612; x_wconf 85' lang='lat' dir='ltr'><strong>sacra</strong></span> <span class='ocrx_word' id='word_1_53' title='bbox 856 573 1058 624; x_wconf 86' lang='lat' dir='ltr'><strong>faciebant,</strong></span> <span class='ocrx_word' id='word_1_54' title='bbox 1093 576 1351 628; x_wconf 77' lang='lat' dir='ltr'><strong>aspectabilis,</strong></span> <span class='ocrx_word' id='word_1_55' title='bbox 1386 579 1568 619; x_wconf 87' lang='lat' dir='ltr'><strong>occultari</strong></span> <span class='ocrx_word' id='word_1_56' title='bbox 1592 580 1661 620; x_wconf 90' lang='lat' dir='ltr'><strong>mi-</strong></span> 
     </span>
     <span class='ocr_line' id='line_1_7' title="bbox 151 639 1661 701; baseline 0.005 -22"><span class='ocrx_word' id='word_1_57' title='bbox 151 639 252 679; x_wconf 89' lang='lat' dir='ltr'><strong>nime</strong></span> <span class='ocrx_word' id='word_1_58' title='bbox 280 647 452 695; x_wconf 85' lang='lat' dir='ltr'><strong>poterat:</strong></span> <span class='ocrx_word' id='word_1_59' title='bbox 486 640 568 680; x_wconf 86' lang='lat' dir='ltr'><strong>sive</strong></span> <span class='ocrx_word' id='word_1_60' title='bbox 590 639 771 679; x_wconf 83' lang='lat' dir='ltr'><strong>occultari</strong></span> <span class='ocrx_word' id='word_1_61' title='bbox 799 640 949 693; x_wconf 83' lang='lat' dir='ltr'><strong>penitus</strong></span> <span class='ocrx_word' id='word_1_62' title='bbox 972 647 1144 694; x_wconf 85' lang='lat' dir='ltr'><strong>poterat,</strong></span> <span class='ocrx_word' id='word_1_63' title='bbox 1178 656 1252 682; x_wconf 93' lang='lat' dir='ltr'><strong>non</strong></span> <span class='ocrx_word' id='word_1_64' title='bbox 1278 643 1353 683; x_wconf 90' lang='lat' dir='ltr'><strong>iam</strong></span> <span class='ocrx_word' id='word_1_65' title='bbox 1379 652 1461 684; x_wconf 86' lang='lat' dir='ltr'><strong>erat</strong></span> <span class='ocrx_word' id='word_1_66' title='bbox 1487 654 1661 701; x_wconf 86' lang='lat' dir='ltr'><strong>aspecta-</strong></span> 
     </span>
     <span class='ocr_line' id='line_1_8' title="bbox 149 705 1658 763; baseline 0.005 -17"><span class='ocrx_word' id='word_1_67' title='bbox 149 706 251 747; x_wconf 87' lang='lat' dir='ltr'><strong>bilis.</strong></span> <span class='ocrx_word' id='word_1_68' title='bbox 314 705 425 760; x_wconf 84' lang='lat' dir='ltr'><strong>Quod</strong></span> <span class='ocrx_word' id='word_1_69' title='bbox 454 707 543 747; x_wconf 89' lang='lat' dir='ltr'><strong>item</strong></span> <span class='ocrx_word' id='word_1_70' title='bbox 569 707 642 746; x_wconf 90' lang='lat' dir='ltr'><strong>alio</strong></span> <span class='ocrx_word' id='word_1_71' title='bbox 668 707 781 745; x_wconf 92' lang='lat' dir='ltr'><strong>modo</strong></span> <span class='ocrx_word' id='word_1_72' title='bbox 809 714 941 746; x_wconf 86' lang='lat' dir='ltr'><strong>contra</strong></span> <span class='ocrx_word' id='word_1_73' title='bbox 962 708 1116 747; x_wconf 85' lang='lat' dir='ltr'><strong>eosdem</strong></span> <span class='ocrx_word' id='word_1_74' title='bbox 1138 710 1266 761; x_wconf 86' lang='lat' dir='ltr'><strong>urgeri</strong></span> <span class='ocrx_word' id='word_1_75' title='bbox 1292 718 1431 763; x_wconf 90' lang='lat' dir='ltr'><strong>potest.</strong></span> <span class='ocrx_word' id='word_1_76' title='bbox 1492 711 1535 754; x_wconf 92' lang='lat' dir='ltr'><strong>Si</strong></span> <span class='ocrx_word' id='word_1_77' title='bbox 1558 715 1658 754; x_wconf 87' lang='lat' dir='ltr'><strong>enim</strong></span> 
     </span>
     <span class='ocr_line' id='line_1_9' title="bbox 149 773 1659 834; baseline 0.005 -20"><span class='ocrx_word' id='word_1_78' title='bbox 149 774 270 814; x_wconf 87' lang='lat' dir='ltr'><strong>videri</strong></span> <span class='ocrx_word' id='word_1_79' title='bbox 295 782 462 829; x_wconf 87' lang='lat' dir='ltr'><strong>poterat,</strong></span> <span class='ocrx_word' id='word_1_80' title='bbox 495 786 631 826; x_wconf 89' lang='lat' dir='ltr'><strong>corpus</strong></span> <span class='ocrx_word' id='word_1_81' title='bbox 659 773 789 826; x_wconf 88' lang='lat' dir='ltr'><strong>utique</strong></span> <span class='ocrx_word' id='word_1_82' title='bbox 812 781 916 824; x_wconf 81' lang='lat' dir='ltr'><strong>erat,</strong></span> <span class='ocrx_word' id='word_1_83' title='bbox 949 788 1026 814; x_wconf 90' lang='lat' dir='ltr'><strong>non</strong></span> <span class='ocrx_word' id='word_1_84' title='bbox 1047 774 1226 828; x_wconf 72' lang='lat' dir='ltr'><strong>spiritusz</strong></span> <span class='ocrx_word' id='word_1_85' title='bbox 1259 776 1317 815; x_wconf 91' lang='lat' dir='ltr'><strong>sin</strong></span> <span class='ocrx_word' id='word_1_86' title='bbox 1341 778 1459 818; x_wconf 85' lang='lat' dir='ltr'><strong>fnisse</strong></span> <span class='ocrx_word' id='word_1_87' title='bbox 1485 781 1659 834; x_wconf 85' lang='lat' dir='ltr'><strong>spiritum</strong></span> 
     </span>
     <span class='ocr_line' id='line_1_10' title="bbox 150 840 1655 899; baseline 0.005 -18"><span class='ocrx_word' id='word_1_88' title='bbox 150 842 342 891; x_wconf 78' lang='lat' dir='ltr'><strong>dixerint,</strong></span> <span class='ocrx_word' id='word_1_89' title='bbox 375 854 448 880; x_wconf 90' lang='lat' dir='ltr'><strong>non</strong></span> <span class='ocrx_word' id='word_1_90' title='bbox 472 840 572 879; x_wconf 88' lang='lat' dir='ltr'><strong>inter</strong></span> <span class='ocrx_word' id='word_1_91' title='bbox 596 853 642 879; x_wconf 86' lang='lat' dir='ltr'><strong>ea</strong></span> <span class='ocrx_word' id='word_1_92' title='bbox 663 841 878 880; x_wconf 89' lang='lat' dir='ltr'><strong>censendus</strong></span> <span class='ocrx_word' id='word_1_93' title='bbox 907 841 979 880; x_wconf 88' lang='lat' dir='ltr'><strong>erit</strong></span> <span class='ocrx_word' id='word_1_94' title='bbox 1005 855 1102 894; x_wconf 91' lang='lat' dir='ltr'><strong>quae</strong></span> <span class='ocrx_word' id='word_1_95' title='bbox 1130 842 1296 882; x_wconf 80' lang='lat' dir='ltr'><strong>discerni</strong></span> <span class='ocrx_word' id='word_1_96' title='bbox 1329 844 1449 884; x_wconf 89' lang='lat' dir='ltr'><strong>oculis</strong></span> <span class='ocrx_word' id='word_1_97' title='bbox 1481 857 1655 899; x_wconf 82' lang='lat' dir='ltr'><strong>possunt.</strong></span> 
     </span>
     <span class='ocr_line' id='line_1_11' title="bbox 151 907 1659 965; baseline 0.004 -18"><span class='ocrx_word' id='word_1_98' title='bbox 151 907 250 961; x_wconf 81' lang='lat' dir='ltr'><strong>Quid</strong></span> <span class='ocrx_word' id='word_1_99' title='bbox 277 908 390 961; x_wconf 87' lang='lat' dir='ltr'><strong>igitur</strong></span> <span class='ocrx_word' id='word_1_100' title='bbox 414 907 597 946; x_wconf 77' lang='lat' dir='ltr'><strong>attinebat</strong></span> <span class='ocrx_word' id='word_1_101' title='bbox 622 920 708 946; x_wconf 88' lang='lat' dir='ltr'><strong>eum</strong></span> <span class='ocrx_word' id='word_1_102' title='bbox 744 907 806 960; x_wconf 89' lang='lat' dir='ltr'><strong>qui</strong></span> <span class='ocrx_word' id='word_1_103' title='bbox 836 908 1033 948; x_wconf 87' lang='lat' dir='ltr'><strong>oculorum</strong></span> <span class='ocrx_word' id='word_1_104' title='bbox 1064 922 1181 948; x_wconf 91' lang='lat' dir='ltr'><strong>sensu</strong></span> <span class='ocrx_word' id='word_1_105' title='bbox 1215 910 1357 964; x_wconf 81' lang='lat' dir='ltr'><strong>percipi</strong></span> <span class='ocrx_word' id='word_1_106' title='bbox 1391 913 1565 965; x_wconf 89' lang='lat' dir='ltr'><strong>nequiret</strong></span> <span class='ocrx_word' id='word_1_107' title='bbox 1596 915 1659 955; x_wconf 85' lang='lat' dir='ltr'><strong>illo</strong></span> 
     </span>
     <span class='ocr_line' id='line_1_12' title="bbox 149 973 1657 1029; baseline 0.005 -15"><span class='ocrx_word' id='word_1_108' title='bbox 149 974 483 1015; x_wconf 84' lang='lat' dir='ltr'><strong>tintinnabulorum</strong></span> <span class='ocrx_word' id='word_1_109' title='bbox 503 973 631 1013; x_wconf 90' lang='lat' dir='ltr'><strong>sonitu</strong></span> <span class='ocrx_word' id='word_1_110' title='bbox 652 975 762 1027; x_wconf 84' lang='lat' dir='ltr'><strong>fugae</strong></span> <span class='ocrx_word' id='word_1_111' title='bbox 785 989 878 1014; x_wconf 88' lang='lat' dir='ltr'><strong>suae</strong></span> <span class='ocrx_word' id='word_1_112' title='bbox 902 975 1146 1029; x_wconf 87' lang='lat' dir='ltr'><strong>latebraeque</strong></span> <span class='ocrx_word' id='word_1_113' title='bbox 1169 977 1399 1017; x_wconf 88' lang='lat' dir='ltr'><strong>consulere?</strong></span> <span class='ocrx_word' id='word_1_114' title='bbox 1439 976 1536 1019; x_wconf 88' lang='lat' dir='ltr'><strong>Cum</strong></span> <span class='ocrx_word' id='word_1_115' title='bbox 1559 983 1657 1022; x_wconf 85' lang='lat' dir='ltr'><strong>enim</strong></span> 
     </span>
     <span class='ocr_line' id='line_1_13' title="bbox 149 1039 1659 1097; baseline 0.004 -15"><span class='ocrx_word' id='word_1_116' title='bbox 149 1042 184 1082; x_wconf 88' lang='lat' dir='ltr'><strong>id</strong></span> <span class='ocrx_word' id='word_1_117' title='bbox 208 1049 337 1082; x_wconf 87' lang='lat' dir='ltr'><strong>natura</strong></span> <span class='ocrx_word' id='word_1_118' title='bbox 363 1039 517 1079; x_wconf 86' lang='lat' dir='ltr'><strong>insitum</strong></span> <span class='ocrx_word' id='word_1_119' title='bbox 547 1040 703 1080; x_wconf 83' lang='lat' dir='ltr'><strong>haberet</strong></span> <span class='ocrx_word' id='word_1_120' title='bbox 730 1049 770 1080; x_wconf 92' lang='lat' dir='ltr'><strong>ut</strong></span> <span class='ocrx_word' id='word_1_121' title='bbox 793 1042 915 1082; x_wconf 80' lang='lat' dir='ltr'><strong>videri</strong></span> <span class='ocrx_word' id='word_1_122' title='bbox 950 1056 1025 1082; x_wconf 92' lang='lat' dir='ltr'><strong>non</strong></span> <span class='ocrx_word' id='word_1_123' title='bbox 1053 1050 1204 1097; x_wconf 85' lang='lat' dir='ltr'><strong>posset,</strong></span> <span class='ocrx_word' id='word_1_124' title='bbox 1237 1045 1408 1096; x_wconf 81' lang='lat' dir='ltr'><strong>profecto</strong></span> <span class='ocrx_word' id='word_1_125' title='bbox 1439 1046 1511 1086; x_wconf 87' lang='lat' dir='ltr'><strong>nisi</strong></span> <span class='ocrx_word' id='word_1_126' title='bbox 1543 1048 1659 1088; x_wconf 89' lang='lat' dir='ltr'><strong>vellet</strong></span> 
     </span>
     <span class='ocr_line' id='line_1_14' title="bbox 149 1106 1657 1166; baseline 0.005 -18"><span class='ocrx_word' id='word_1_127' title='bbox 149 1123 169 1148; x_wconf 88' lang='lat' dir='ltr'><strong>a</strong></span> <span class='ocrx_word' id='word_1_128' title='bbox 197 1108 344 1148; x_wconf 88' lang='lat' dir='ltr'><strong>nemine</strong></span> <span class='ocrx_word' id='word_1_129' title='bbox 376 1106 586 1148; x_wconf 84' lang='lat' dir='ltr'><strong>videretur.</strong></span> <span class='ocrx_word' id='word_1_130' title='bbox 649 1106 760 1160; x_wconf 82' lang='lat' dir='ltr'><strong>Quod</strong></span> <span class='ocrx_word' id='word_1_131' title='bbox 791 1123 886 1148; x_wconf 91' lang='lat' dir='ltr'><strong>vero</strong></span> <span class='ocrx_word' id='word_1_132' title='bbox 919 1116 1024 1149; x_wconf 85' lang='lat' dir='ltr'><strong>esset</strong></span> <span class='ocrx_word' id='word_1_133' title='bbox 1054 1109 1100 1149; x_wconf 87' lang='lat' dir='ltr'><strong>ab</strong></span> <span class='ocrx_word' id='word_1_134' title='bbox 1137 1110 1264 1163; x_wconf 89' lang='lat' dir='ltr'><strong>aliquo</strong></span> <span class='ocrx_word' id='word_1_135' title='bbox 1298 1121 1549 1166; x_wconf 88' lang='lat' dir='ltr'><strong>conspectus,</strong></span> <span class='ocrx_word' id='word_1_136' title='bbox 1582 1130 1657 1155; x_wconf 93' lang='lat' dir='ltr'><strong>nou</strong></span> 
     </span>
     <span class='ocr_line' id='line_1_15' title="bbox 148 1173 1657 1233; baseline 0.005 -18"><span class='ocrx_word' id='word_1_137' title='bbox 148 1175 235 1215; x_wconf 90' lang='lat' dir='ltr'><strong>illud</strong></span> <span class='ocrx_word' id='word_1_138' title='bbox 257 1173 486 1214; x_wconf 82' lang='lat' dir='ltr'><strong>necessitate</strong></span> <span class='ocrx_word' id='word_1_139' title='bbox 514 1174 777 1228; x_wconf 75' lang='lat' dir='ltr'><strong>contingeret,</strong></span> <span class='ocrx_word' id='word_1_140' title='bbox 812 1176 919 1230; x_wconf 86' lang='lat' dir='ltr'><strong>quasi</strong></span> <span class='ocrx_word' id='word_1_141' title='bbox 946 1191 1029 1216; x_wconf 88' lang='lat' dir='ltr'><strong>eum</strong></span> <span class='ocrx_word' id='word_1_142' title='bbox 1055 1177 1093 1216; x_wconf 91' lang='lat' dir='ltr'><strong>in</strong></span> <span class='ocrx_word' id='word_1_143' title='bbox 1117 1177 1239 1217; x_wconf 88' lang='lat' dir='ltr'><strong>lucem</strong></span> <span class='ocrx_word' id='word_1_144' title='bbox 1265 1185 1302 1218; x_wconf 91' lang='lat' dir='ltr'><strong>et</strong></span> <span class='ocrx_word' id='word_1_145' title='bbox 1325 1187 1498 1233; x_wconf 88' lang='lat' dir='ltr'><strong>apertum</strong></span> <span class='ocrx_word' id='word_1_146' title='bbox 1522 1189 1657 1223; x_wconf 87' lang='lat' dir='ltr'><strong>natura</strong></span> 
     </span>
     <span class='ocr_line' id='line_1_16' title="bbox 148 1240 1658 1298; baseline 0.005 -17"><span class='ocrx_word' id='word_1_147' title='bbox 148 1240 404 1297; x_wconf 85' lang='lat' dir='ltr'><strong>produxisset,</strong></span> <span class='ocrx_word' id='word_1_148' title='bbox 428 1241 495 1280; x_wconf 87' lang='lat' dir='ltr'><strong>sed</strong></span> <span class='ocrx_word' id='word_1_149' title='bbox 517 1240 755 1296; x_wconf 83' lang='lat' dir='ltr'><strong>indulgentia</strong></span> <span class='ocrx_word' id='word_1_150' title='bbox 775 1245 934 1296; x_wconf 84' lang='lat' dir='ltr'><strong>quadam</strong></span> <span class='ocrx_word' id='word_1_151' title='bbox 955 1245 1096 1298; x_wconf 90' lang='lat' dir='ltr'><strong>potius,</strong></span> <span class='ocrx_word' id='word_1_152' title='bbox 1124 1259 1247 1298; x_wconf 88' lang='lat' dir='ltr'><strong>neque</strong></span> <span class='ocrx_word' id='word_1_153' title='bbox 1273 1246 1325 1286; x_wconf 88' lang='lat' dir='ltr'><strong>ita</strong></span> <span class='ocrx_word' id='word_1_154' title='bbox 1348 1254 1389 1286; x_wconf 93' lang='lat' dir='ltr'><strong>ut</strong></span> <span class='ocrx_word' id='word_1_155' title='bbox 1411 1247 1537 1288; x_wconf 92' lang='lat' dir='ltr'><strong>subito</strong></span> <span class='ocrx_word' id='word_1_156' title='bbox 1555 1257 1658 1290; x_wconf 89' lang='lat' dir='ltr'><strong>metu</strong></span> 
     </span>
     <span class='ocr_line' id='line_1_17' title="bbox 145 1308 1654 1367; baseline 0.005 -18"><span class='ocrx_word' id='word_1_157' title='bbox 145 1315 254 1362; x_wconf 87' lang='lat' dir='ltr'><strong>atque</strong></span> <span class='ocrx_word' id='word_1_158' title='bbox 278 1321 329 1347; x_wconf 83' lang='lat' dir='ltr'><strong>ex</strong></span> <span class='ocrx_word' id='word_1_159' title='bbox 351 1308 560 1362; x_wconf 90' lang='lat' dir='ltr'><strong>improviso</strong></span> <span class='ocrx_word' id='word_1_160' title='bbox 585 1316 810 1364; x_wconf 85' lang='lat' dir='ltr'><strong>praeterque</strong></span> <span class='ocrx_word' id='word_1_161' title='bbox 835 1312 1160 1365; x_wconf 82' lang='lat' dir='ltr'><strong>expectationem,</strong></span> <span class='ocrx_word' id='word_1_162' title='bbox 1193 1326 1400 1367; x_wconf 90' lang='lat' dir='ltr'><strong>suppresso</strong></span> <span class='ocrx_word' id='word_1_163' title='bbox 1426 1315 1489 1355; x_wconf 89' lang='lat' dir='ltr'><strong>illo</strong></span> <span class='ocrx_word' id='word_1_164' title='bbox 1511 1317 1654 1367; x_wconf 85' lang='lat' dir='ltr'><strong>sonitu,</strong></span> 
     </span>
     <span class='ocr_line' id='line_1_18' title="bbox 143 1375 1657 1433; baseline 0.007 -19"><span class='ocrx_word' id='word_1_165' title='bbox 143 1375 263 1430; x_wconf 84' lang='lat' dir='ltr'><strong>palam</strong></span> <span class='ocrx_word' id='word_1_166' title='bbox 289 1388 332 1415; x_wconf 86' lang='lat' dir='ltr'><strong>se</strong></span> <span class='ocrx_word' id='word_1_167' title='bbox 362 1375 564 1416; x_wconf 86' lang='lat' dir='ltr'><strong>videndum</strong></span> <span class='ocrx_word' id='word_1_168' title='bbox 591 1377 808 1431; x_wconf 88' lang='lat' dir='ltr'><strong>praeberet.</strong></span> <span class='ocrx_word' id='word_1_169' title='bbox 869 1376 927 1418; x_wconf 88' lang='lat' dir='ltr'><strong>lta</strong></span> <span class='ocrx_word' id='word_1_170' title='bbox 962 1379 1063 1418; x_wconf 90' lang='lat' dir='ltr'><strong>omni</strong></span> <span class='ocrx_word' id='word_1_171' title='bbox 1095 1393 1145 1419; x_wconf 80' lang='lat' dir='ltr'><strong>ex</strong></span> <span class='ocrx_word' id='word_1_172' title='bbox 1171 1387 1278 1433; x_wconf 87' lang='lat' dir='ltr'><strong>parte</strong></span> <span class='ocrx_word' id='word_1_173' title='bbox 1304 1381 1397 1421; x_wconf 83' lang='lat' dir='ltr'><strong>falsa</strong></span> <span class='ocrx_word' id='word_1_174' title='bbox 1421 1382 1572 1423; x_wconf 85' lang='lat' dir='ltr'><strong>illorum</strong></span> <span class='ocrx_word' id='word_1_175' title='bbox 1601 1391 1657 1424; x_wconf 85' lang='lat' dir='ltr'><strong>at-</strong></span> 
     </span>
     <span class='ocr_line' id='line_1_19' title="bbox 144 1443 1657 1505; baseline 0.007 -24"><span class='ocrx_word' id='word_1_176' title='bbox 144 1456 216 1497; x_wconf 91' lang='lat' dir='ltr'><strong>que</strong></span> <span class='ocrx_word' id='word_1_177' title='bbox 246 1443 427 1482; x_wconf 87' lang='lat' dir='ltr'><strong>ementita</strong></span> <span class='ocrx_word' id='word_1_178' title='bbox 453 1443 550 1483; x_wconf 89' lang='lat' dir='ltr'><strong>ratio</strong></span> <span class='ocrx_word' id='word_1_179' title='bbox 582 1444 762 1484; x_wconf 88' lang='lat' dir='ltr'><strong>concidit.</strong></span> <span class='ocrx_word' id='word_1_180' title='bbox 825 1443 903 1486; x_wconf 89' lang='lat' dir='ltr'><strong>Sed</strong></span> <span class='ocrx_word' id='word_1_181' title='bbox 935 1446 1008 1485; x_wconf 92' lang='lat' dir='ltr'><strong>alia</strong></span> <span class='ocrx_word' id='word_1_182' title='bbox 1042 1447 1226 1499; x_wconf 84' lang='lat' dir='ltr'><strong>quaedam</strong></span> <span class='ocrx_word' id='word_1_183' title='bbox 1256 1447 1414 1501; x_wconf 89' lang='lat' dir='ltr'><strong>plurima</strong></span> <span class='ocrx_word' id='word_1_184' title='bbox 1440 1457 1530 1490; x_wconf 91' lang='lat' dir='ltr'><strong>sunt</strong></span> <span class='ocrx_word' id='word_1_185' title='bbox 1560 1465 1657 1505; x_wconf 89' lang='lat' dir='ltr'><strong>quae</strong></span> 
     </span>
     <span class='ocr_line' id='line_1_20' title="bbox 142 1510 1657 1569; baseline 0.006 -19"><span class='ocrx_word' id='word_1_186' title='bbox 142 1510 340 1563; x_wconf 85' lang='lat' dir='ltr'><strong>nugatorie</strong></span> <span class='ocrx_word' id='word_1_187' title='bbox 366 1517 480 1564; x_wconf 87' lang='lat' dir='ltr'><strong>atque</strong></span> <span class='ocrx_word' id='word_1_188' title='bbox 501 1511 666 1551; x_wconf 86' lang='lat' dir='ltr'><strong>inaniter</strong></span> <span class='ocrx_word' id='word_1_189' title='bbox 690 1511 834 1552; x_wconf 89' lang='lat' dir='ltr'><strong>iactare</strong></span> <span class='ocrx_word' id='word_1_190' title='bbox 859 1513 1000 1552; x_wconf 90' lang='lat' dir='ltr'><strong>solent.</strong></span> <span class='ocrx_word' id='word_1_191' title='bbox 1050 1514 1168 1567; x_wconf 88' lang='lat' dir='ltr'><strong>Atqui</strong></span> <span class='ocrx_word' id='word_1_192' title='bbox 1191 1528 1313 1569; x_wconf 86' lang='lat' dir='ltr'><strong>neque</strong></span> <span class='ocrx_word' id='word_1_193' title='bbox 1338 1515 1439 1556; x_wconf 89' lang='lat' dir='ltr'><strong>illico</strong></span> <span class='ocrx_word' id='word_1_194' title='bbox 1460 1525 1518 1558; x_wconf 89' lang='lat' dir='ltr'><strong>est</strong></span> <span class='ocrx_word' id='word_1_195' title='bbox 1536 1518 1657 1559; x_wconf 89' lang='lat' dir='ltr'><strong>inter-</strong></span> 
     </span>
     <span class='ocr_line' id='line_1_21' title="bbox 144 1575 1656 1637; baseline 0.007 -21"><span class='ocrx_word' id='word_1_196' title='bbox 144 1577 266 1617; x_wconf 86' lang='lat' dir='ltr'><strong>fectus</strong></span> <span class='ocrx_word' id='word_1_197' title='bbox 293 1575 503 1617; x_wconf 81' lang='lat' dir='ltr'><strong>Zacharias</strong></span> <span class='ocrx_word' id='word_1_198' title='bbox 525 1585 563 1618; x_wconf 93' lang='lat' dir='ltr'><strong>et</strong></span> <span class='ocrx_word' id='word_1_199' title='bbox 585 1585 669 1633; x_wconf 89' lang='lat' dir='ltr'><strong>post</strong></span> <span class='ocrx_word' id='word_1_200' title='bbox 690 1586 813 1619; x_wconf 88' lang='lat' dir='ltr'><strong>ortum</strong></span> <span class='ocrx_word' id='word_1_201' title='bbox 845 1577 999 1620; x_wconf 88' lang='lat' dir='ltr'><strong>loannis</strong></span> <span class='ocrx_word' id='word_1_202' title='bbox 1024 1581 1146 1621; x_wconf 92' lang='lat' dir='ltr'><strong>adhuc</strong></span> <span class='ocrx_word' id='word_1_203' title='bbox 1167 1581 1288 1633; x_wconf 87' lang='lat' dir='ltr'><strong>vixit,</strong></span> <span class='ocrx_word' id='word_1_204' title='bbox 1322 1583 1443 1637; x_wconf 87' lang='lat' dir='ltr'><strong>deque</strong></span> <span class='ocrx_word' id='word_1_205' title='bbox 1468 1598 1514 1625; x_wconf 92' lang='lat' dir='ltr'><strong>eo</strong></span> <span class='ocrx_word' id='word_1_206' title='bbox 1540 1599 1585 1626; x_wconf 88' lang='lat' dir='ltr'><strong>ac</strong></span> <span class='ocrx_word' id='word_1_207' title='bbox 1610 1587 1656 1626; x_wconf 88' lang='lat' dir='ltr'><strong>de</strong></span> 
     </span>
     <span class='ocr_line' id='line_1_22' title="bbox 145 1642 1654 1704; baseline 0.005 -19"><span class='ocrx_word' id='word_1_208' title='bbox 145 1642 288 1685; x_wconf 88' lang='lat' dir='ltr'><strong>Christi</strong></span> <span class='ocrx_word' id='word_1_209' title='bbox 314 1645 480 1685; x_wconf 86' lang='lat' dir='ltr'><strong>adventu</strong></span> <span class='ocrx_word' id='word_1_210' title='bbox 505 1653 543 1685; x_wconf 92' lang='lat' dir='ltr'><strong>et</strong></span> <span class='ocrx_word' id='word_1_211' title='bbox 573 1646 743 1686; x_wconf 90' lang='lat' dir='ltr'><strong>eiusdem</strong></span> <span class='ocrx_word' id='word_1_212' title='bbox 771 1648 979 1687; x_wconf 88' lang='lat' dir='ltr'><strong>secundum</strong></span> <span class='ocrx_word' id='word_1_213' title='bbox 1007 1662 1162 1688; x_wconf 90' lang='lat' dir='ltr'><strong>carnem</strong></span> <span class='ocrx_word' id='word_1_214' title='bbox 1189 1663 1256 1703; x_wconf 92' lang='lat' dir='ltr'><strong>per</strong></span> <span class='ocrx_word' id='word_1_215' title='bbox 1284 1650 1456 1704; x_wconf 91' lang='lat' dir='ltr'><strong>spiritum</strong></span> <span class='ocrx_word' id='word_1_216' title='bbox 1481 1660 1654 1693; x_wconf 86' lang='lat' dir='ltr'><strong>sanctum</strong></span> 
     </span>
     <span class='ocr_line' id='line_1_23' title="bbox 144 1711 1839 1773; baseline 0.008 -21"><span class='ocrx_word' id='word_1_217' title='bbox 144 1725 164 1752; x_wconf 90' lang='lat' dir='ltr'><strong>e</strong></span> <span class='ocrx_word' id='word_1_218' title='bbox 185 1711 293 1751; x_wconf 86' lang='lat' dir='ltr'><strong>beata</strong></span> <span class='ocrx_word' id='word_1_219' title='bbox 316 1712 468 1766; x_wconf 87' lang='lat' dir='ltr'><strong>virgine</strong></span> <span class='ocrx_word' id='word_1_220' title='bbox 498 1711 624 1753; x_wconf 83' lang='lat' dir='ltr'><strong>Maria</strong></span> <span class='ocrx_word' id='word_1_221' title='bbox 653 1713 903 1767; x_wconf 83' lang='lat' dir='ltr'><strong>generatione</strong></span> <span class='ocrx_word' id='word_1_222' title='bbox 928 1714 1157 1755; x_wconf 85' lang='lat' dir='ltr'><strong>vaticinatus</strong></span> <span class='ocrx_word' id='word_1_223' title='bbox 1180 1723 1238 1756; x_wconf 85' lang='lat' dir='ltr'><strong>est</strong></span> <span class='ocrx_word' id='word_1_224' title='bbox 1260 1716 1317 1757; x_wconf 89' lang='lat' dir='ltr'><strong>his</strong></span> <span class='ocrx_word' id='word_1_225' title='bbox 1335 1719 1488 1759; x_wconf 88' lang='lat' dir='ltr'><strong>verbis:</strong></span> <span class='ocrx_word' id='word_1_226' title='bbox 1533 1723 1588 1759; x_wconf 83' lang='lat' dir='ltr'><strong>Et</strong></span> <span class='ocrx_word' id='word_1_227' title='bbox 1615 1729 1654 1759; x_wconf 84' lang='lat' dir='ltr'><strong>tu</strong></span> <span class='ocrx_word' id='word_1_228' title='bbox 1673 1734 1742 1764; x_wconf 83' lang='lat' dir='ltr'><strong>Luc.</strong></span> <span class='ocrx_word' id='word_1_229' title='bbox 1758 1740 1782 1773; x_wconf 89' lang='lat'><strong>1,</strong></span> <span class='ocrx_word' id='word_1_230' title='bbox 1797 1740 1839 1768; x_wconf 71' lang='grc' dir='ltr'><strong>τε.</strong></span> 
     </span>
     <span class='ocr_line' id='line_1_24' title="bbox 134 1782 1657 1839; baseline 0.006 -21"><span class='ocrx_word' id='word_1_231' title='bbox 134 1795 234 1832; x_wconf 81' lang='lat' dir='ltr'><strong>puer</strong></span> <span class='ocrx_word' id='word_1_232' title='bbox 246 1782 428 1831; x_wconf 74' lang='lat' dir='ltr'><strong>propheta</strong></span> <span class='ocrx_word' id='word_1_233' title='bbox 447 1783 623 1819; x_wconf 54' lang='lat' dir='ltr'><strong>altissimi</strong></span> <span class='ocrx_word' id='word_1_234' title='bbox 639 1783 824 1820; x_wconf 76' lang='lat' dir='ltr'><strong>vocaberis</strong></span> <span class='ocrx_word' id='word_1_235' title='bbox 836 1798 848 1820; x_wconf 94' lang='lat'><strong>.·</strong></span> <span class='ocrx_word' id='word_1_236' title='bbox 875 1784 1040 1833; x_wconf 74' lang='lat' dir='ltr'><strong>praeibis</strong></span> <span class='ocrx_word' id='word_1_237' title='bbox 1061 1786 1156 1822; x_wconf 81' lang='lat' dir='ltr'><strong>enim</strong></span> <span class='ocrx_word' id='word_1_238' title='bbox 1182 1792 1267 1823; x_wconf 85' lang='lat' dir='ltr'><strong>ante</strong></span> <span class='ocrx_word' id='word_1_239' title='bbox 1282 1786 1416 1836; x_wconf 73' lang='lat' dir='ltr'><strong>factem</strong></span> <span class='ocrx_word' id='word_1_240' title='bbox 1431 1789 1572 1826; x_wconf 84' lang='lat' dir='ltr'><strong>domini</strong></span> <span class='ocrx_word' id='word_1_241' title='bbox 1586 1803 1657 1839; x_wconf 83' lang='lat' dir='ltr'><strong>pa-</strong></span> 
     </span>
     <span class='ocr_line' id='line_1_25' title="bbox 141 1850 1655 1906; baseline 0.006 -21"><span class='ocrx_word' id='word_1_242' title='bbox 141 1861 228 1886; x_wconf 82' lang='lat' dir='ltr'><strong>rare</strong></span> <span class='ocrx_word' id='word_1_243' title='bbox 254 1850 331 1886; x_wconf 77' lang='lat' dir='ltr'><strong>vias</strong></span> <span class='ocrx_word' id='word_1_244' title='bbox 357 1851 457 1895; x_wconf 85' lang='lat' dir='ltr'><strong>eius,</strong></span> <span class='ocrx_word' id='word_1_245' title='bbox 491 1851 540 1887; x_wconf 85' lang='lat' dir='ltr'><strong>ad</strong></span> <span class='ocrx_word' id='word_1_246' title='bbox 559 1851 802 1887; x_wconf 75' lang='lat' dir='ltr'><strong>convertenda</strong></span> <span class='ocrx_word' id='word_1_247' title='bbox 827 1852 939 1888; x_wconf 83' lang='lat' dir='ltr'><strong>corda</strong></span> <span class='ocrx_word' id='word_1_248' title='bbox 957 1857 1107 1901; x_wconf 75' lang='lat' dir='ltr'><strong>patrum</strong></span> <span class='ocrx_word' id='word_1_249' title='bbox 1138 1853 1175 1890; x_wconf 81' lang='lat' dir='ltr'><strong>in</strong></span> <span class='ocrx_word' id='word_1_250' title='bbox 1186 1853 1297 1902; x_wconf 81' lang='lat' dir='ltr'><strong>filios</strong></span> <span class='ocrx_word' id='word_1_251' title='bbox 1324 1861 1361 1891; x_wconf 85' lang='lat' dir='ltr'><strong>et</strong></span> <span class='ocrx_word' id='word_1_252' title='bbox 1381 1855 1655 1906; x_wconf 75' lang='lat' dir='ltr'><strong>inobsequentes</strong></span> 
     </span>
     <span class='ocr_line' id='line_1_26' title="bbox 140 1914 1651 1973; baseline 0.007 -21"><span class='ocrx_word' id='word_1_253' title='bbox 140 1917 190 1953; x_wconf 83' lang='lat' dir='ltr'><strong>ad</strong></span> <span class='ocrx_word' id='word_1_254' title='bbox 211 1917 447 1966; x_wconf 72' lang='lat' dir='ltr'><strong>prudentiam</strong></span> <span class='ocrx_word' id='word_1_255' title='bbox 474 1922 550 1954; x_wconf 90' lang='lat' dir='ltr'><strong>etc.</strong></span> <span class='ocrx_word' id='word_1_256' title='bbox 612 1914 765 1968; x_wconf 80' lang='lat' dir='ltr'><strong>Quanta</strong></span> <span class='ocrx_word' id='word_1_257' title='bbox 789 1929 883 1955; x_wconf 89' lang='lat' dir='ltr'><strong>vero</strong></span> <span class='ocrx_word' id='word_1_258' title='bbox 908 1916 954 1956; x_wconf 91' lang='lat' dir='ltr'><strong>ad</strong></span> <span class='ocrx_word' id='word_1_259' title='bbox 979 1930 1112 1957; x_wconf 91' lang='lat' dir='ltr'><strong>eorum</strong></span> <span class='ocrx_word' id='word_1_260' title='bbox 1144 1919 1340 1960; x_wconf 84' lang='lat' dir='ltr'><strong>mendacia</strong></span> <span class='ocrx_word' id='word_1_261' title='bbox 1372 1921 1651 1973; x_wconf 82' lang='lat' dir='ltr'><strong>convincenda,</strong></span> 
     </span>
     <span class='ocr_line' id='line_1_27' title="bbox 142 1982 1550 2042; baseline 0.006 -21"><span class='ocrx_word' id='word_1_262' title='bbox 142 1988 353 2035; x_wconf 88' lang='lat' dir='ltr'><strong>contraque</strong></span> <span class='ocrx_word' id='word_1_263' title='bbox 381 1982 669 2022; x_wconf 89' lang='lat' dir='ltr'><strong>abominandam</strong></span> <span class='ocrx_word' id='word_1_264' title='bbox 693 1982 795 2022; x_wconf 88' lang='lat' dir='ltr'><strong>illam</strong></span> <span class='ocrx_word' id='word_1_265' title='bbox 820 1983 1013 2024; x_wconf 90' lang='lat' dir='ltr'><strong>libidinem</strong></span> <span class='ocrx_word' id='word_1_266' title='bbox 1035 1999 1057 2024; x_wconf 88' lang='lat' dir='ltr'><strong>a</strong></span> <span class='ocrx_word' id='word_1_267' title='bbox 1082 1985 1192 2025; x_wconf 91' lang='lat' dir='ltr'><strong>nobis</strong></span> <span class='ocrx_word' id='word_1_268' title='bbox 1212 1987 1339 2027; x_wconf 83' lang='lat' dir='ltr'><strong>afferri</strong></span> <span class='ocrx_word' id='word_1_269' title='bbox 1367 1990 1550 2042; x_wconf 86' lang='lat' dir='ltr'><strong>possunt!</strong></span> 
     </span>
     <span class='ocr_line' id='line_1_28' title="bbox 252 2048 1852 2107; baseline 0.008 -18"><span class='ocrx_word' id='word_1_270' title='bbox 252 2049 383 2102; x_wconf 90' lang='lat' dir='ltr'><strong>Atque</strong></span> <span class='ocrx_word' id='word_1_271' title='bbox 410 2057 449 2090; x_wconf 91' lang='lat' dir='ltr'><strong>ut</strong></span> <span class='ocrx_word' id='word_1_272' title='bbox 473 2051 519 2090; x_wconf 87' lang='lat' dir='ltr'><strong>de</strong></span> <span class='ocrx_word' id='word_1_273' title='bbox 544 2050 690 2089; x_wconf 84' lang='lat' dir='ltr'><strong>illorum</strong></span> <span class='ocrx_word' id='word_1_274' title='bbox 721 2048 886 2101; x_wconf 87' lang='lat' dir='ltr'><strong>Levitis,</strong></span> <span class='ocrx_word' id='word_1_275' title='bbox 920 2050 975 2091; x_wconf 83' lang='lat' dir='ltr'><strong>sic</strong></span> <span class='ocrx_word' id='word_1_276' title='bbox 993 2052 1093 2092; x_wconf 89' lang='lat' dir='ltr'><strong>enim</strong></span> <span class='ocrx_word' id='word_1_277' title='bbox 1118 2054 1323 2107; x_wconf 80' lang='lat' dir='ltr'><strong>appellant,</strong></span> <span class='ocrx_word' id='word_1_278' title='bbox 1356 2056 1527 2097; x_wconf 91' lang='lat' dir='ltr'><strong>nonnihil</strong></span> <span class='ocrx_word' id='word_1_279' title='bbox 1550 2057 1651 2098; x_wconf 88' lang='lat' dir='ltr'><strong>dica-</strong></span> <span class='ocrx_word' id='word_1_280' title='bbox 1667 2064 1852 2107; x_wconf 83' lang='lat' dir='ltr'><strong>Cap.X111.</strong></span> 
     </span>
    </p>

    <p class='ocr_par' dir='ltr' id='par_1_3' title="bbox 138 2115 1653 2914">
     <span class='ocr_line' id='line_1_29' title="bbox 142 2115 1652 2174; baseline 0.007 -18"><span class='ocrx_word' id='word_1_281' title='bbox 142 2130 249 2166; x_wconf 88' lang='lat' dir='ltr'><strong>mus,</strong></span> <span class='ocrx_word' id='word_1_282' title='bbox 282 2115 344 2156; x_wconf 88' lang='lat' dir='ltr'><strong>isti</strong></span> <span class='ocrx_word' id='word_1_283' title='bbox 372 2132 446 2157; x_wconf 91' lang='lat' dir='ltr'><strong>uon</strong></span> <span class='ocrx_word' id='word_1_284' title='bbox 480 2132 563 2157; x_wconf 91' lang='lat' dir='ltr'><strong>cum</strong></span> <span class='ocrx_word' id='word_1_285' title='bbox 595 2116 841 2168; x_wconf 89' lang='lat' dir='ltr'><strong>mulieribus,</strong></span> <span class='ocrx_word' id='word_1_286' title='bbox 882 2119 949 2158; x_wconf 89' lang='lat' dir='ltr'><strong>sed</strong></span> <span class='ocrx_word' id='word_1_287' title='bbox 981 2133 1112 2160; x_wconf 89' lang='lat' dir='ltr'><strong>secum</strong></span> <span class='ocrx_word' id='word_1_288' title='bbox 1144 2121 1309 2161; x_wconf 89' lang='lat' dir='ltr'><strong>invicem</strong></span> <span class='ocrx_word' id='word_1_289' title='bbox 1343 2123 1574 2174; x_wconf 86' lang='lat' dir='ltr'><strong>miscentur,</strong></span> <span class='ocrx_word' id='word_1_290' title='bbox 1608 2140 1652 2166; x_wconf 89' lang='lat' dir='ltr'><strong>ac</strong></span> 
     </span>
     <span class='ocr_line' id='line_1_30' title="bbox 140 2183 1649 2239; baseline 0.005 -15"><span class='ocrx_word' id='word_1_291' title='bbox 140 2183 287 2224; x_wconf 85' lang='lat' dir='ltr'><strong>scilicet</strong></span> <span class='ocrx_word' id='word_1_292' title='bbox 309 2185 511 2239; x_wconf 84' lang='lat' dir='ltr'><strong>praecipua</strong></span> <span class='ocrx_word' id='word_1_293' title='bbox 533 2184 634 2223; x_wconf 85' lang='lat' dir='ltr'><strong>inter</strong></span> <span class='ocrx_word' id='word_1_294' title='bbox 662 2184 747 2224; x_wconf 88' lang='lat' dir='ltr'><strong>illos</strong></span> <span class='ocrx_word' id='word_1_295' title='bbox 771 2185 952 2238; x_wconf 84' lang='lat' dir='ltr'><strong>dignitate</strong></span> <span class='ocrx_word' id='word_1_296' title='bbox 977 2200 1019 2226; x_wconf 89' lang='lat' dir='ltr'><strong>ac</strong></span> <span class='ocrx_word' id='word_1_297' title='bbox 1041 2187 1151 2227; x_wconf 85' lang='lat' dir='ltr'><strong>laude</strong></span> <span class='ocrx_word' id='word_1_298' title='bbox 1174 2191 1503 2231; x_wconf 87' lang='lat' dir='ltr'><strong>commendantur.</strong></span> <span class='ocrx_word' id='word_1_299' title='bbox 1551 2191 1649 2232; x_wconf 91' lang='lat' dir='ltr'><strong>Tum</strong></span> 
     </span>
     <span class='ocr_line' id='line_1_31' title="bbox 140 2251 1648 2311; baseline 0.006 -21"><span class='ocrx_word' id='word_1_300' title='bbox 140 2264 234 2291; x_wconf 89' lang='lat' dir='ltr'><strong>vero</strong></span> <span class='ocrx_word' id='word_1_301' title='bbox 262 2265 329 2291; x_wconf 89' lang='lat' dir='ltr'><strong>eos</strong></span> <span class='ocrx_word' id='word_1_302' title='bbox 351 2266 485 2291; x_wconf 87' lang='lat' dir='ltr'><strong>omues</strong></span> <span class='ocrx_word' id='word_1_303' title='bbox 516 2251 689 2291; x_wconf 83' lang='lat' dir='ltr'><strong>derident</strong></span> <span class='ocrx_word' id='word_1_304' title='bbox 717 2251 780 2304; x_wconf 93' lang='lat' dir='ltr'><strong>qui</strong></span> <span class='ocrx_word' id='word_1_305' title='bbox 812 2253 1063 2293; x_wconf 87' lang='lat' dir='ltr'><strong>monasticum</strong></span> <span class='ocrx_word' id='word_1_306' title='bbox 1085 2254 1187 2294; x_wconf 86' lang='lat' dir='ltr'><strong>vitae</strong></span> <span class='ocrx_word' id='word_1_307' title='bbox 1210 2269 1332 2308; x_wconf 85' lang='lat' dir='ltr'><strong>genus</strong></span> <span class='ocrx_word' id='word_1_308' title='bbox 1356 2258 1520 2311; x_wconf 86' lang='lat' dir='ltr'><strong>amplexi</strong></span> <span class='ocrx_word' id='word_1_309' title='bbox 1544 2266 1648 2309; x_wconf 81' lang='lat' dir='ltr'><strong>sunt,</strong></span> 
     </span>
     <span class='ocr_line' id='line_1_32' title="bbox 142 2318 1652 2375; baseline 0.006 -17"><span class='ocrx_word' id='word_1_310' title='bbox 142 2325 207 2358; x_wconf 88' lang='lat' dir='ltr'><strong>aut</strong></span> <span class='ocrx_word' id='word_1_311' title='bbox 232 2319 446 2359; x_wconf 88' lang='lat' dir='ltr'><strong>castitatem</strong></span> <span class='ocrx_word' id='word_1_312' title='bbox 477 2318 810 2372; x_wconf 87' lang='lat' dir='ltr'><strong>virginitatemque</strong></span> <span class='ocrx_word' id='word_1_313' title='bbox 843 2321 1088 2374; x_wconf 83' lang='lat' dir='ltr'><strong>profitentur,</strong></span> <span class='ocrx_word' id='word_1_314' title='bbox 1123 2323 1220 2375; x_wconf 90' lang='lat' dir='ltr'><strong>qnod</strong></span> <span class='ocrx_word' id='word_1_315' title='bbox 1247 2324 1389 2363; x_wconf 83' lang='lat' dir='ltr'><strong>frustra</strong></span> <span class='ocrx_word' id='word_1_316' title='bbox 1414 2324 1450 2364; x_wconf 86' lang='lat' dir='ltr'><strong>id</strong></span> <span class='ocrx_word' id='word_1_317' title='bbox 1474 2326 1545 2366; x_wconf 91' lang='lat' dir='ltr'><strong>sibi</strong></span> <span class='ocrx_word' id='word_1_318' title='bbox 1571 2342 1652 2367; x_wconf 87' lang='lat' dir='ltr'><strong>mo-</strong></span> 
     </span>
     <span class='ocr_line' id='line_1_33' title="bbox 141 2384 1651 2443; baseline 0.007 -19"><span class='ocrx_word' id='word_1_319' title='bbox 141 2385 276 2425; x_wconf 84' lang='lat' dir='ltr'><strong>lestiae</strong></span> <span class='ocrx_word' id='word_1_320' title='bbox 299 2400 344 2426; x_wconf 88' lang='lat' dir='ltr'><strong>ac</strong></span> <span class='ocrx_word' id='word_1_321' title='bbox 362 2386 504 2426; x_wconf 89' lang='lat' dir='ltr'><strong>laboris</strong></span> <span class='ocrx_word' id='word_1_322' title='bbox 523 2386 731 2439; x_wconf 87' lang='lat' dir='ltr'><strong>imponant.</strong></span> <span class='ocrx_word' id='word_1_323' title='bbox 763 2384 973 2428; x_wconf 86' lang='lat' dir='ltr'><strong>Praeterea</strong></span> <span class='ocrx_word' id='word_1_324' title='bbox 992 2387 1245 2443; x_wconf 87' lang='lat' dir='ltr'><strong>Evangelium</strong></span> <span class='ocrx_word' id='word_1_325' title='bbox 1268 2391 1455 2443; x_wconf 85' lang='lat' dir='ltr'><strong>quoddam</strong></span> <span class='ocrx_word' id='word_1_326' title='bbox 1475 2393 1545 2433; x_wconf 88' lang='lat' dir='ltr'><strong>sub</strong></span> <span class='ocrx_word' id='word_1_327' title='bbox 1562 2392 1651 2434; x_wconf 92' lang='lat' dir='ltr'><strong>Phi-</strong></span> 
     </span>
     <span class='ocr_line' id='line_1_34' title="bbox 140 2450 1649 2513; baseline 0.007 -21"><span class='ocrx_word' id='word_1_328' title='bbox 140 2452 230 2507; x_wconf 90' lang='lat' dir='ltr'><strong>lippi</strong></span> <span class='ocrx_word' id='word_1_329' title='bbox 257 2452 489 2493; x_wconf 83' lang='lat' dir='ltr'><strong>sanctissimi</strong></span> <span class='ocrx_word' id='word_1_330' title='bbox 515 2450 659 2493; x_wconf 87' lang='lat' dir='ltr'><strong>Christi</strong></span> <span class='ocrx_word' id='word_1_331' title='bbox 694 2453 864 2507; x_wconf 88' lang='lat' dir='ltr'><strong>discipuli</strong></span> <span class='ocrx_word' id='word_1_332' title='bbox 896 2456 1048 2495; x_wconf 84' lang='lat' dir='ltr'><strong>nomine</strong></span> <span class='ocrx_word' id='word_1_333' title='bbox 1073 2456 1365 2508; x_wconf 82' lang='lat' dir='ltr'><strong>circumferunt,</strong></span> <span class='ocrx_word' id='word_1_334' title='bbox 1407 2458 1446 2499; x_wconf 91' lang='lat' dir='ltr'><strong>in</strong></span> <span class='ocrx_word' id='word_1_335' title='bbox 1474 2474 1548 2513; x_wconf 93' lang='lat' dir='ltr'><strong>quo</strong></span> <span class='ocrx_word' id='word_1_336' title='bbox 1577 2461 1649 2502; x_wconf 91' lang='lat' dir='ltr'><strong>ista</strong></span> 
     </span>
     <span class='ocr_line' id='line_1_35' title="bbox 140 2519 1653 2576; baseline 0.005 -16"><span class='ocrx_word' id='word_1_337' title='bbox 140 2528 367 2560; x_wconf 81' lang='lat' dir='ltr'><strong>narrantur:</strong></span> <span class='ocrx_word' id='word_1_338' title='bbox 414 2523 533 2567; x_wconf 65' lang='lat' dir='ltr'><strong>Milli,</strong></span> <span class='ocrx_word' id='word_1_339' title='bbox 566 2519 712 2573; x_wconf 81' lang='lat' dir='ltr'><strong>inquit,</strong></span> <span class='ocrx_word' id='word_1_340' title='bbox 744 2524 908 2562; x_wconf 78' lang='lat' dir='ltr'><strong>dominus</strong></span> <span class='ocrx_word' id='word_1_341' title='bbox 933 2527 1099 2574; x_wconf 74' lang='lat' dir='ltr'><strong>aperuit,</strong></span> <span class='ocrx_word' id='word_1_342' title='bbox 1134 2526 1265 2576; x_wconf 79' lang='lat' dir='ltr'><strong>quibus</strong></span> <span class='ocrx_word' id='word_1_343' title='bbox 1292 2528 1413 2565; x_wconf 84' lang='lat' dir='ltr'><strong>anima</strong></span> <span class='ocrx_word' id='word_1_344' title='bbox 1446 2529 1565 2566; x_wconf 72' lang='lat' dir='ltr'><strong>verbis</strong></span> <span class='ocrx_word' id='word_1_345' title='bbox 1594 2532 1653 2568; x_wconf 85' lang='lat' dir='ltr'><strong>uti</strong></span> 
     </span>
     <span class='ocr_line' id='line_1_36' title="bbox 139 2590 1648 2643; baseline 0.005 -17"><span class='ocrx_word' id='word_1_346' title='bbox 139 2602 220 2626; x_wconf 88' lang='lat' dir='ltr'><strong>cum</strong></span> <span class='ocrx_word' id='word_1_347' title='bbox 243 2591 280 2627; x_wconf 87' lang='lat' dir='ltr'><strong>in</strong></span> <span class='ocrx_word' id='word_1_348' title='bbox 311 2590 448 2627; x_wconf 88' lang='lat' dir='ltr'><strong>coelum</strong></span> <span class='ocrx_word' id='word_1_349' title='bbox 474 2590 660 2635; x_wconf 80' lang='lat' dir='ltr'><strong>ascendit,</strong></span> <span class='ocrx_word' id='word_1_350' title='bbox 692 2602 737 2626; x_wconf 87' lang='lat' dir='ltr'><strong>ac</strong></span> <span class='ocrx_word' id='word_1_351' title='bbox 758 2593 1052 2640; x_wconf 74' lang='lat' dir='ltr'><strong>quemadmodum</strong></span> <span class='ocrx_word' id='word_1_352' title='bbox 1075 2594 1270 2643; x_wconf 81' lang='lat' dir='ltr'><strong>unicuique</strong></span> <span class='ocrx_word' id='word_1_353' title='bbox 1292 2595 1500 2633; x_wconf 75' lang='lat' dir='ltr'><strong>coelestium</strong></span> <span class='ocrx_word' id='word_1_354' title='bbox 1523 2598 1648 2635; x_wconf 82' lang='lat' dir='ltr'><strong>Virtu-</strong></span> 
     </span>
     <span class='ocr_line' id='line_1_37' title="bbox 140 2656 1646 2714; baseline 0.005 -20"><span class='ocrx_word' id='word_1_355' title='bbox 140 2662 214 2693; x_wconf 79' lang='lat' dir='ltr'><strong>tum</strong></span> <span class='ocrx_word' id='word_1_356' title='bbox 238 2658 457 2707; x_wconf 79' lang='lat' dir='ltr'><strong>respondere</strong></span> <span class='ocrx_word' id='word_1_357' title='bbox 478 2656 627 2693; x_wconf 85' lang='lat' dir='ltr'><strong>debeat:</strong></span> <span class='ocrx_word' id='word_1_358' title='bbox 674 2658 866 2704; x_wconf 75' lang='lat' dir='ltr'><strong>nimirum,</strong></span> <span class='ocrx_word' id='word_1_359' title='bbox 909 2661 992 2710; x_wconf 79' lang='lat' dir='ltr'><strong>Ego</strong></span> <span class='ocrx_word' id='word_1_360' title='bbox 1022 2661 1191 2710; x_wconf 57' lang='lat' dir='ltr'><strong>metjvsam</strong></span> <span class='ocrx_word' id='word_1_361' title='bbox 1214 2663 1367 2709; x_wconf 82' lang='lat' dir='ltr'><strong>agnovi,</strong></span> <span class='ocrx_word' id='word_1_362' title='bbox 1401 2669 1511 2714; x_wconf 84' lang='lat' dir='ltr'><strong>atque</strong></span> <span class='ocrx_word' id='word_1_363' title='bbox 1539 2666 1646 2701; x_wconf 82' lang='lat' dir='ltr'><strong>undi-</strong></span> 
     </span>
     <span class='ocr_line' id='line_1_38' title="bbox 138 2724 1642 2781; baseline 0.006 -21"><span class='ocrx_word' id='word_1_364' title='bbox 138 2737 280 2774; x_wconf 79' lang='lat' dir='ltr'><strong>quaque</strong></span> <span class='ocrx_word' id='word_1_365' title='bbox 301 2725 458 2774; x_wconf 84' lang='lat' dir='ltr'><strong>collegi:</strong></span> <span class='ocrx_word' id='word_1_366' title='bbox 491 2737 605 2774; x_wconf 83' lang='lat' dir='ltr'><strong>neque</strong></span> <span class='ocrx_word' id='word_1_367' title='bbox 626 2724 792 2774; x_wconf 64' lang='lat' dir='ltr'><strong>Principe·</strong></span> <span class='ocrx_word' id='word_1_368' title='bbox 801 2726 910 2776; x_wconf 70' lang='lat' dir='ltr'><strong>filios</strong></span> <span class='ocrx_word' id='word_1_369' title='bbox 927 2728 1062 2776; x_wconf 81' lang='lat' dir='ltr'><strong>genui,</strong></span> <span class='ocrx_word' id='word_1_370' title='bbox 1096 2729 1161 2764; x_wconf 80' lang='lat' dir='ltr'><strong>sed</strong></span> <span class='ocrx_word' id='word_1_371' title='bbox 1180 2729 1258 2764; x_wconf 83' lang='lat' dir='ltr'><strong>eius</strong></span> <span class='ocrx_word' id='word_1_372' title='bbox 1280 2730 1424 2766; x_wconf 81' lang='lat' dir='ltr'><strong>radices</strong></span> <span class='ocrx_word' id='word_1_373' title='bbox 1445 2732 1642 2781; x_wconf 57' lang='lat' dir='ltr'><strong>extirpavz}</strong></span> 
     </span>
     <span class='ocr_line' id='line_1_39' title="bbox 139 2791 1644 2845; baseline 0.006 -18"><span class='ocrx_word' id='word_1_374' title='bbox 139 2803 183 2827; x_wconf 87' lang='lat' dir='ltr'><strong>ac</strong></span> <span class='ocrx_word' id='word_1_375' title='bbox 202 2793 378 2841; x_wconf 60' lang='lat' dir='ltr'><strong>dissepala</strong></span> <span class='ocrx_word' id='word_1_376' title='bbox 400 2791 557 2828; x_wconf 83' lang='lat' dir='ltr'><strong>membra</strong></span> <span class='ocrx_word' id='word_1_377' title='bbox 580 2792 617 2828; x_wconf 80' lang='lat' dir='ltr'><strong>in</strong></span> <span class='ocrx_word' id='word_1_378' title='bbox 638 2804 747 2828; x_wconf 84' lang='lat' dir='ltr'><strong>unum</strong></span> <span class='ocrx_word' id='word_1_379' title='bbox 767 2795 883 2842; x_wconf 85' lang='lat' dir='ltr'><strong>coegi,</strong></span> <span class='ocrx_word' id='word_1_380' title='bbox 918 2801 1022 2845; x_wconf 85' lang='lat' dir='ltr'><strong>teque</strong></span> <span class='ocrx_word' id='word_1_381' title='bbox 1039 2795 1128 2831; x_wconf 83' lang='lat' dir='ltr'><strong>adeo</strong></span> <span class='ocrx_word' id='word_1_382' title='bbox 1147 2796 1214 2844; x_wconf 87' lang='lat' dir='ltr'><strong>qui</strong></span> <span class='ocrx_word' id='word_1_383' title='bbox 1230 2796 1282 2832; x_wconf 75' lang='lat' dir='ltr'><strong>sis</strong></span> <span class='ocrx_word' id='word_1_384' title='bbox 1301 2798 1408 2833; x_wconf 82' lang='lat' dir='ltr'><strong>novi:</strong></span> <span class='ocrx_word' id='word_1_385' title='bbox 1440 2798 1529 2835; x_wconf 86' lang='lat' dir='ltr'><strong>Sum</strong></span> <span class='ocrx_word' id='word_1_386' title='bbox 1551 2801 1644 2836; x_wconf 86' lang='lat' dir='ltr'><strong>enim</strong></span> 
     </span>
     <span class='ocr_line' id='line_1_40' title="bbox 140 2855 1642 2914; baseline 0.007 -21"><span class='ocrx_word' id='word_1_387' title='bbox 140 2870 159 2893; x_wconf 88' lang='lat' dir='ltr'><strong>e</strong></span> <span class='ocrx_word' id='word_1_388' title='bbox 177 2859 383 2896; x_wconf 79' lang='lat' dir='ltr'><strong>coelestium</strong></span> <span class='ocrx_word' id='word_1_389' title='bbox 406 2871 568 2895; x_wconf 74' lang='lat' dir='ltr'><strong>numera.</strong></span> <span class='ocrx_word' id='word_1_390' title='bbox 610 2855 740 2909; x_wconf 89' lang='lat' dir='ltr'><strong>Atque</strong></span> <span class='ocrx_word' id='word_1_391' title='bbox 765 2857 835 2898; x_wconf 85' lang='lat' dir='ltr'><strong>hoc</strong></span> <span class='ocrx_word' id='word_1_392' title='bbox 858 2860 986 2911; x_wconf 90' lang='lat' dir='ltr'><strong>modo,</strong></span> <span class='ocrx_word' id='word_1_393' title='bbox 1011 2860 1199 2914; x_wconf 86' lang='lat' dir='ltr'><strong>inquiunt,</strong></span> <span class='ocrx_word' id='word_1_394' title='bbox 1232 2859 1295 2901; x_wconf 89' lang='lat' dir='ltr'><strong>illa</strong></span> <span class='ocrx_word' id='word_1_395' title='bbox 1315 2861 1529 2903; x_wconf 91' lang='lat' dir='ltr'><strong>dimittitur.</strong></span> <span class='ocrx_word' id='word_1_396' title='bbox 1572 2862 1642 2905; x_wconf 92' lang='lat' dir='ltr'><strong>Sin</strong></span> 
     </span>
    </p>
   </div>
   <div class='ocr_carea' id='block_1_3' title="bbox 140 2954 1642 3043">
    <p class='ocr_par' dir='ltr' id='par_1_4' title="bbox 140 2954 1642 3043">
     <span class='ocr_line' id='line_1_41' title="bbox 184 2954 1642 3007; baseline 0.008 -20"><span class='ocrx_word' id='word_1_397' title='bbox 184 2954 232 2986; x_wconf 89' lang='lat'><strong>10.</strong></span> <span class='ocrx_word' id='word_1_398' title='bbox 258 2959 337 2989; x_wconf 87' lang='lat' dir='ltr'><strong>Male</strong></span> <span class='ocrx_word' id='word_1_399' title='bbox 355 2960 442 2989; x_wconf 79' lang='lat' dir='ltr'><strong>vertit</strong></span> <span class='ocrx_word' id='word_1_400' title='bbox 455 2960 598 2989; x_wconf 82' lang='lat' dir='ltr'><strong>Pelavz&#39;us</strong></span> <span class='ocrx_word' id='word_1_401' title='bbox 617 2967 813 3001; x_wconf 83' lang='lat' dir='ltr'><strong>„suppresso</strong></span> <span class='ocrx_word' id='word_1_402' title='bbox 833 2959 890 2992; x_wconf 87' lang='lat' dir='ltr'><strong>illo</strong></span> <span class='ocrx_word' id='word_1_403' title='bbox 906 2960 1049 3001; x_wconf 85' lang='lat' dir='ltr'><strong>sonitu“,</strong></span> <span class='ocrx_word' id='word_1_404' title='bbox 1062 2971 1216 3001; x_wconf 81' lang='lat' dir='ltr'><strong>praveque</strong></span> <span class='ocrx_word' id='word_1_405' title='bbox 1231 2963 1382 3003; x_wconf 76' lang='lat' dir='ltr'><strong>distinxit,</strong></span> <span class='ocrx_word' id='word_1_406' title='bbox 1403 2974 1464 2997; x_wconf 84' lang='lat' dir='ltr'><strong>non</strong></span> <span class='ocrx_word' id='word_1_407' title='bbox 1482 2968 1551 3005; x_wconf 80' lang='lat' dir='ltr'><strong>post</strong></span> <span class='ocrx_word' id='word_1_408' title='bbox 1566 2975 1642 3007; x_wconf 83' lang='grc' dir='ltr'>προ-</span> 
     </span>
     <span class='ocr_line' id='line_1_42' title="bbox 140 2995 582 3043; baseline 0.009 -13"><span class='ocrx_word' id='word_1_409' title='bbox 140 2995 259 3040; x_wconf 71' lang='grc' dir='ltr'><strong>λήψει,</strong></span> <span class='ocrx_word' id='word_1_410' title='bbox 283 3003 337 3034; x_wconf 83' lang='lat' dir='ltr'><strong>sed</strong></span> <span class='ocrx_word' id='word_1_411' title='bbox 356 3006 424 3043; x_wconf 70' lang='lat' dir='ltr'><strong>post</strong></span> <span class='ocrx_word' id='word_1_412' title='bbox 447 3000 582 3036; x_wconf 71' lang='grc' dir='ltr'>κτύπου.</span> 
     </span>
    </p>
   </div>
  </div>
 </body>
</html>
