2034 3267
455 148 633 181 PANARu
656 149 736 181 Lm.
757 149 780 180 1.
806 148 911 182 ToM.
930 149 985 181 111.
1010 148 1350 182 HAER.xxxv1n.
1585 144 1664 183 517

146 226 396 278 cognovimus
436 227 481 268 de
511 225 604 267 luda
633 228 874 268 intellexisse
915 243 999 268 cum
1032 226 1185 269 Iudaeis
1219 229 1454 284 loqueretur.
1524 229 1561 270 A
1591 245 1664 285 quo

146 296 245 335 enim
273 294 432 349 quisque
459 302 658 350 superatus
689 303 768 346 est,
803 296 914 336 huius
939 303 977 336 et
1003 310 1139 336 servus
1164 303 1244 347 est,
1279 311 1324 337 ac
1348 297 1572 352 cuicumque
1597 298 1664 338 ali-

144 363 228 417 quis
253 362 495 417 obsequitur,
531 362 629 403 hunc
653 371 690 403 et
712 363 830 418 patris
853 364 937 403 loco
962 364 1096 414 habet,
1129 372 1168 404 et
1189 365 1360 419 obsequii
1384 365 1442 405 sui
1467 372 1664 406 auctorem

143 431 332 485 agnoscit.
395 429 526 485 Quare
555 431 642 471 ideo
672 431 765 472 iisce
795 431 924 470 verbis
955 431 1130 470 dominus
1162 432 1300 472 utitur:
1348 436 1418 471 Vos
1433 435 1520 485 file'e‘
1539 438 1662 486 patris
1677 445 1862 481 loann.s‚4t.

142 500 414 539 vestm’de'abolc'
432 502 532 546 estis,
568 500 666 552 quod
691 498 804 539 Iudae
831 495 976 539 Christi
998 499 1082 538 loco
1104 499 1314 553 paruerint,
1348 502 1662 554 quemadmodum

141 567 229 607 olim
253 565 339 607 Eva
368 581 389 606 a
412 566 566 606 domiuo
591 567 810 607 desciscens
833 566 1001 620 serpenti
1026 580 1170 605 morem
1193 568 1328 620 gessit.
1390 566 1540 608 Deinde
1563 570 1662 623 quod

140 648 216 674 non
243 635 363 674 solum
389 635 555 674 mendax
577 642 704 684 esset,
749 634 814 673 sed
841 634 954 673 etiam
977 634 1059 684 fur,
1101 648 1169 688 pro
1192 647 1237 673 eo
1264 641 1376 688 atque
1399 635 1434 674 in
1458 636 1661 688 cvangelio

138 701 315 756 legimuS.
366 700 425 743 Ob
449 702 484 742 id
505 702 650 742 loculos
671 701 706 742 ei
730 701 933 751 commisit,
969 715 1016 741 ne
1038 716 1150 755 quam
1172 701 1332 741 haberet
1350 703 1655 754 excusationem,

139 783 222 810 cum
248 770 440 810 dominum
468 784 576 810 sunm
601 769 639 809 iu
661 769 853 809 hominum
877 783 1012 808 manus
1034 769 1080 808 ob
1105 769 1289 824 pecuniae
1315 769 1557 823 cupiditatem
1583 778 1659 811 tra-

137 839 259 879 derct.
321 837 466 892 Ecquis
497 851 590 877 vero
621 844 729 891 pater
759 837 869 876 huius
900 836 997 876 alius
1024 843 1106 886 est,
1149 837 1210 890 qni
1235 843 1323 877 ante
1348 838 1468 891 ipsum
1493 839 1659 879 mendax

136 907 250 947 fuerit
271 914 422 961 praeter
443 904 604 947 Cainum
620 937 630 956 ,
665 918 774 959 quem
799 903 912 944 ludas
935 905 1104 944 imitatus
1128 905 1212 944 est?
1249 904 1313 944 itte
1338 904 1523 958 siquidem
1551 906 1659 946 fratri

136 989 206 1015 suo
230 975 409 1015 mentitus
433 973 604 1014 caritatis
628 986 713 1013 eum
738 974 931 1013 fraternae
956 973 1085 1027 specie
1111 972 1260 1026 decepit
1283 986 1326 1012 ac
1352 973 1550 1013 mendacio
1572 987 1657 1027 per-

134 1044 276 1095 suasit,
321 1050 358 1083 et
388 1043 425 1082 in
459 1055 590 1095 agrum
626 1041 814 1082 seducens
844 1040 1034 1081 violentas
1068 1041 1120 1080 illi
1151 1054 1284 1080 manus
1316 1041 1456 1080 attulit.
1518 1040 1656 1095 Neque

133 1112 245 1152 aliter
266 1109 401 1151 Iudas:
437 1112 533 1161 Quid
550 1112 674 1156 vultis,
703 1109 840 1163 inquit,
869 1111 962 1148 milu'
978 1112 1081 1156 dare,
1114 1116 1150 1147 et
1171 1123 1238 1160 ego
1258 1123 1337 1147 eum
1359 1109 1458 1148 vobis
1481 1112 1653 1149 tradam?
1670 1121 1783 1182 {gans-11.

131 1178 206 1220 Et:
250 1182 514 1231 Quemcumque
537 1180 725 1216 osculatus
738 1179 854 1230 suero
879 1180 955 1229 epse
977 1185 1050 1224 est,
1093 1185 1209 1216 tenete
1231 1192 1323 1216 eum.
1387 1176 1439 1217 Et
1465 1166 1855 1225 accedensMAreiitAi.

133 1248 314 1288 traditor:
346 1250 448 1293 Ave,
482 1245 626 1300 inquit,
659 1247 794 1293 Rabbz‘,
829 1247 937 1284 labiis
955 1248 1154 1292 honorans,
1189 1260 1254 1284 cor
1275 1253 1393 1284 autem
1417 1249 1526 1299 longe
1544 1262 1566 1287 a
1587 1250 1652 1287 deo
1666 1258 1854 1295 Matth.15,8.

129 1323 305 1355 remotum
331 1329 481 1367 gerens.

239 1381 497 1436 Quamobrem
530 1382 590 1422 hic
616 1382 679 1422 itte
706 1380 820 1422 Iudas
852 1387 912 1421 est
941 1380 1003 1435 qni
1035 1389 1073 1421 et
1099 1382 1267 1436 ipsorum
1295 1396 1456 1437 parens,
1500 1390 1537 1423 et
1562 1398 1649 1438 pro·
1678 1391 1754 1435 Cap.
1781 1393 1819 1425 V.

125 1459 211 1507 pter
242 1451 406 1492 numinis
439 1450 731 1504 abnegationem
760 1449 1088 1504 proditionemque
1116 1448 1282 1490 Satanas
1314 1450 1404 1502 suit,
1450 1457 1488 1491 et
1514 1452 1650 1492 volun-

128 1527 225 1571 tate,
266 1534 342 1559 non
375 1526 512 1558 natura
548 1518 743 1569 diabolus,
788 1518 964 1572 idemque
995 1518 1190 1558 mendacis
1222 1532 1265 1558 ac
1296 1519 1506 1571 parricidae
1538 1517 1650 1560 Caini

125 1587 311 1628 duntaxat
343 1586 554 1627 imitatione
585 1585 704 1637 filius3
748 1585 1052 1640 quandoquidem
1087 1593 1124 1626 et
1155 1586 1236 1626 eius
1268 1593 1356 1627 ante
1387 1586 1510 1641 ipsum
1542 1595 1651 1642 pater

124 1656 291 1695 mendax
322 1655 394 1695 fuit
427 1669 502 1694 non
535 1654 730 1705 Adamus,
775 1655 842 1694 sed
878 1654 1072 1705 diabotus,
1116 1655 1223 1694 cuius
1257 1655 1294 1694 in
1329 1657 1496 1695 fraterna
1531 1656 1650 1696 caede

124 1722 286 1777 odioque
317 1736 361 1762 ac
392 1722 590 1762 mendacio
621 1722 905 1762 similitudinem
937 1722 1152 1777 expressit,
1198 1730 1278 1762 tum
1310 1737 1354 1763 eo
1381 1723 1540 1778 insuper
1564 1725 1647 1779 ipso

123 1792 220 1845 quod
254 1790 311 1830 his
342 1790 472 1830 verbis
503 1790 574 1829 deo
606 1790 862 1830 contradixit:
901 1793 1000 1829 Num
1030 1799 1153 1830 eustos
1171 1793 1316 1844 fratris
1345 1795 1418 1830 mei
1442 1807 1511 1844 ego
1538 1798 1647 1832 sum?
1666 1803 1739 1832 Gen.
1759 1805 1784 1841 4,
1804 1806 1830 1833 9.

127 1860 197 1899 Ubi
224 1861 275 1897 sic
304 1862 438 1898 nescio.
503 1856 831 1910 Quemadmodum
864 1865 901 1898 et
931 1857 1084 1898 domino
1116 1859 1289 1898 diabolus
1315 1859 1502 1913 loquitur:
1547 1863 1644 1900 Num
1665 1872 1725 1901 lob.
1745 1873 1769 1909 1,
1788 1874 1813 1901 9.

109 1928 265 1980 frustra
286 1927 351 1965 Iob
374 1929 475 1965 timet
499 1928 632 1964 deum?
692 1924 882 1978 Quoniam
909 1926 1008 1966 enim
1033 1926 1204 1966 diabolus
1227 1926 1310 1981 ipse
1334 1925 1457 1967 Evam
1483 1935 1520 1968 et
1540 1929 1646 1969 Ada-

121 2008 220 2034 mum
247 1995 326 2033 suis
354 1993 392 2033 in
418 1994 587 2033 fraudem
613 1993 821 2033 mendaciis
848 1994 1071 2049 impulerat,
1115 1994 1209 2035 fatsa
1235 2009 1303 2049 pro
1330 1995 1433 2035 veris
1455 2010 1644 2051 usurpans

121 2075 165 2102 ac
190 2061 401 2102 simulatam
426 2061 628 2101 amicitiam
654 2061 860 2112 obiiciens,
904 2065 1045 2110 Ere'te's,
1090 2063 1233 2116 inquit,
1275 2066 1375 2102 sicut
1394 2066 1465 2112 de‘e‘,
1510 2073 1548 2103 et
1571 2080 1643 2105 non
1662 2078 1735 2106 Gen.
1751 2078 1777 2114 3,
1793 2080 1818 2108 5.

119 2133 343 2177 moriemini,
378 2129 477 2169 hunc
500 2128 711 2169 aemulatus
733 2126 832 2170 Cain
854 2130 1049 2171 fraternae
1072 2130 1242 2171 caritatis
1267 2131 1395 2186 specie
1418 2145 1642 2185 germanum

119 2197 290 2252 decepit,
337 2198 393 2238 his
428 2197 557 2237 verbis
590 2196 810 2250 alloquens:
854 2201 1105 2250 Egrediamur
1127 2202 1253 2252 sorus.
1325 2197 1473 2240 Idcirco
1508 2201 1641 2241 beatus

119 2262 285 2305 loannes
311 2264 362 2305 ita
389 2265 544 2306 scribit:
591 2267 666 2315 Qui
683 2267 934 2319 odz'tsralrem
957 2282 1083 2315 suum,
1126 2270 1185 2307 ln'c
1210 2272 1247 2308 in
1273 2273 1429 2308 caritate
1448 2271 1638 2322 perfectus
1658 2284 1798 2313 1.10ann.

118 2347 190 2372 non
214 2341 287 2380 est,
321 2336 387 2372 sed
406 2341 461 2372 est
484 2349 531 2372 eoe
554 2336 687 2380 Caino,
722 2338 890 2386 quoniam
900 2337 1065 2389 fiutrem
1085 2351 1189 2375 suum
1212 2340 1357 2376 occidit.
1419 2340 1454 2376 E
1456 2345 1473 2375 t
1485 2346 1639 2389 propter·
1687 2318 1713 2352 ³⁹
1734 2320 1772 2347 12.

118 2403 207 2453 quid
228 2404 365 2441 occidit
387 2416 465 2440 eum
479 2406 497 2439 ἵ)
557 2403 731 2451 Quoniam
753 2417 862 2454 opera
885 2407 963 2443 eius
984 2407 1148 2456 maligna
1168 2413 1295 2453 erant,
1331 2413 1366 2444 et
1387 2407 1489 2444 illius
1509 2409 1641 2446 z'nvz'dz'l

117 2470 307 2521 operibus,
351 2472 518 2521 quoniam
550 2477 659 2508 erant
685 2472 848 2510 honesta.
913 2470 980 2513 Sic
1009 2472 1064 2512 itti
1092 2473 1216 2513 Abelo
1248 2473 1371 2528 potius
1401 2474 1634 2526 invidentes,

118 2535 226 2576 cuius
252 2550 370 2592 opera
395 2537 491 2577 mala
514 2545 624 2587 sunt,
668 2545 705 2578 et
730 2535 890 2579 Cainum
915 2540 1171 2592 honorantes,
1214 2556 1340 2582 nonne
1365 2543 1424 2582 vel
1450 2542 1541 2597 ipsis
1563 2543 1638 2584 sal—

119 2604 264 2645 vatoris
293 2604 423 2645 verbis
453 2605 654 2645 manifeste
686 2606 990 2661 redarguuntur,
1034 2609 1095 2664 qui
1126 2609 1165 2649 in
1195 2609 1280 2650 illos
1312 2624 1450 2650 severe
1481 2625 1524 2651 ac
1553 2611 1636 2652 sine

117 2671 190 2712 ulta
214 2672 535 2726 tergiversatione
558 2673 789 2714 sententiam
811 2675 880 2716 hoc
902 2677 1013 2717 modo
1037 2678 1143 2718 tulit:
1177 2681 1396 2730 Requz'retur
1415 2679 1461 2717 ab
1481 2681 1549 2718 hac
1565 2694 1632 2730 ge·
1651 2689 1760 2734 Μηςᾳι.

115 2743 305 2779 ner-atione
325 2744 479 2792 sanguis
503 2744 618 2780 omm's
642 2744 780 2790 iustus,
815 2747 881 2795 qui
898 2747 1040 2800 effusus
1065 2754 1121 2785 est
1142 2747 1188 2784 ab
1210 2747 1312 2785 Abel
1331 2750 1426 2785 iusto
1450 2761 1472 2786 α
1490 2751 1630 2799 princi·
1651 2726 1693 2760 23’
1712 2727 1752 2753 ω’

109 2810 174 2858 pz'o
204 2822 318 2860 usque
346 2811 396 2848 acl
417 2811 640 2848 Zachariam
665 2813 902 2862 prophetam,
947 2828 1049 2866 quem
1075 2817 1260 2853 oece‘a'istzze
1285 2817 1382 2854 inter
1408 2817 1576 2867 templum
1599 2825 1635 2856 et

115 2876 235 2914 altare
263 2883 332 2915 etc.

115 2963 242 3041 ᾗικιᾳίου
265 2963 302 2999 τὸ
327 2962 384 3000 ἀπ’
407 2963 532 3011 ἀρχῆς,
567 2977 644 3009 quae
667 2969 879 3003 desiderantur
900 2972 933 3004 in
956 2972 1026 3004 edit.
1048 2973 1168 3012 princ„
1204 2973 1351 3005 Petavius
1373 2974 1485 3008 adiecit
1507 2984 1544 3008 ex
1565 2978 1630 3009 cod.

142 3019 160 3041 a
176 3019 272 3042 teano.
