<?xml version="1.0" encoding="UTF-8"?>
<!DOCTYPE html PUBLIC "-//W3C//DTD XHTML 1.0 Transitional//EN"
    "http://www.w3.org/TR/xhtml1/DTD/xhtml1-transitional.dtd">
<html xmlns="http://www.w3.org/1999/xhtml" xml:lang="en" lang="en">
 <head>
  <title>
</title>
<meta http-equiv="Content-Type" content="text/html;charset=utf-8" />
  <meta name='ocr-system' content='tesseract 3.04.00' />
  <meta name='ocr-capabilities' content='ocr_page ocr_carea ocr_par ocr_line ocrx_word'/>
</head>
<body>
  <div class='ocr_page' id='page_1' title='image "./p1corporishaereseo02epipuoft/p1corporishaereseo02epipuoft_0341.png"; bbox 0 0 2034 3267; ppageno 0'>
   <div class='ocr_carea' id='block_1_1' title="bbox 523 180 1691 220">
    <p class='ocr_par' dir='ltr' id='par_1_1' title="bbox 523 180 1691 220">
     <span class='ocr_line' id='line_1_1' title="bbox 523 180 1691 220; baseline 0.003 -5"><span class='ocrx_word' id='word_1_1' title='bbox 523 185 700 217; x_wconf 66' lang='lat' dir='ltr'>PANARu</span> <span class='ocrx_word' id='word_1_2' title='bbox 724 186 805 218; x_wconf 79' lang='lat' dir='ltr'>Lm.</span> <span class='ocrx_word' id='word_1_3' title='bbox 826 188 849 218; x_wconf 78' lang='lat' dir='ltr'>i.</span> <span class='ocrx_word' id='word_1_4' title='bbox 874 186 979 219; x_wconf 86' lang='lat' dir='ltr'>ToM.</span> <span class='ocrx_word' id='word_1_5' title='bbox 1001 188 1038 218; x_wconf 86' lang='lat' dir='ltr'>n.</span> <span class='ocrx_word' id='word_1_6' title='bbox 1064 188 1194 219; x_wconf 66' lang='lat' dir='ltr'>men.</span> <span class='ocrx_word' id='word_1_7' title='bbox 1211 189 1344 220; x_wconf 68' lang='lat' dir='ltr'>xxxi.</span> <span class='ocrx_word' id='word_1_8' title='bbox 1612 180 1691 218; x_wconf 79' lang='lat'>329</span> 
     </span>
    </p>
   </div>
   <div class='ocr_carea' id='block_1_2' title="bbox 161 261 1873 2833">
    <p class='ocr_par' dir='ltr' id='par_1_2' title="bbox 161 261 1873 2833">
     <span class='ocr_line' id='line_1_2' title="bbox 168 261 1686 321; baseline 0.003 -18"><span class='ocrx_word' id='word_1_9' title='bbox 168 263 322 318; x_wconf 85' lang='lat' dir='ltr'>pellant.</span> <span class='ocrx_word' id='word_1_10' title='bbox 386 261 486 304; x_wconf 87' lang='lat' dir='ltr'>Sunt</span> <span class='ocrx_word' id='word_1_11' title='bbox 508 270 633 304; x_wconf 86' lang='lat' dir='ltr'>autem</span> <span class='ocrx_word' id='word_1_12' title='bbox 654 263 803 320; x_wconf 80' lang='lat' dir='ltr'>Bytlius</span> <span class='ocrx_word' id='word_1_13' title='bbox 829 280 871 306; x_wconf 90' lang='lat' dir='ltr'>ac</span> <span class='ocrx_word' id='word_1_14' title='bbox 895 265 1002 321; x_wconf 84' lang='lat' dir='ltr'>Sige,</span> <span class='ocrx_word' id='word_1_15' title='bbox 1030 274 1106 307; x_wconf 83' lang='lat' dir='ltr'>turn</span> <span class='ocrx_word' id='word_1_16' title='bbox 1128 266 1214 308; x_wconf 87' lang='lat' dir='ltr'>Nus</span> <span class='ocrx_word' id='word_1_17' title='bbox 1238 281 1281 307; x_wconf 88' lang='lat' dir='ltr'>ac</span> <span class='ocrx_word' id='word_1_18' title='bbox 1304 266 1476 310; x_wconf 85' lang='lat' dir='ltr'>Veritas.</span> <span class='ocrx_word' id='word_1_19' title='bbox 1527 266 1686 318; x_wconf 87' lang='lat' dir='ltr'>Postea,</span> 
     </span>
     <span class='ocr_line' id='line_1_3' title="bbox 167 331 1690 391; baseline 0.002 -19"><span class='ocrx_word' id='word_1_20' title='bbox 167 347 249 372; x_wconf 90' lang='lat' dir='ltr'>cum</span> <span class='ocrx_word' id='word_1_21' title='bbox 272 331 407 385; x_wconf 89' lang='lat' dir='ltr'>quibus</span> <span class='ocrx_word' id='word_1_22' title='bbox 434 332 478 371; x_wconf 88' lang='lat' dir='ltr'>de</span> <span class='ocrx_word' id='word_1_23' title='bbox 502 332 649 373; x_wconf 78' lang='lat' dir='ltr'><strong>caussis</strong></span> <span class='ocrx_word' id='word_1_24' title='bbox 673 334 878 387; x_wconf 89' lang='lat' dir='ltr'>productus</span> <span class='ocrx_word' id='word_1_25' title='bbox 900 342 1005 374; x_wconf 83' lang='lat' dir='ltr'>esset</span> <span class='ocrx_word' id='word_1_26' title='bbox 1024 333 1200 389; x_wconf 85' lang='lat' dir='ltr'>Unigena</span> <span class='ocrx_word' id='word_1_27' title='bbox 1223 336 1426 388; x_wconf 78' lang='lat' dir='ltr'><strong>sensisset,</strong></span> <span class='ocrx_word' id='word_1_28' title='bbox 1454 351 1547 377; x_wconf 82' lang='lat' dir='ltr'>mox</span> <span class='ocrx_word' id='word_1_29' title='bbox 1568 336 1690 391; x_wconf 90' lang='lat' dir='ltr'>ipsum</span> 
     </span>
     <span class='ocr_line' id='line_1_4' title="bbox 165 397 1690 459; baseline 0.003 -20"><span class='ocrx_word' id='word_1_30' title='bbox 165 399 335 441; x_wconf 79' lang='lat' dir='ltr'>vicissim</span> <span class='ocrx_word' id='word_1_31' title='bbox 365 397 592 439; x_wconf 77' lang='lat' dir='ltr'>Sermonem</span> <span class='ocrx_word' id='word_1_32' title='bbox 622 399 826 455; x_wconf 81' lang='lat' dir='ltr'>Vitamque</span> <span class='ocrx_word' id='word_1_33' title='bbox 857 416 1115 456; x_wconf 74' lang='lat' dir='ltr'><strong>propagasse,</strong></span> <span class='ocrx_word' id='word_1_34' title='bbox 1161 417 1292 444; x_wconf 86' lang='lat' dir='ltr'>eorum</span> <span class='ocrx_word' id='word_1_35' title='bbox 1325 419 1421 458; x_wconf 87' lang='lat' dir='ltr'>quae</span> <span class='ocrx_word' id='word_1_36' title='bbox 1452 412 1537 459; x_wconf 86' lang='lat' dir='ltr'>post</span> <span class='ocrx_word' id='word_1_37' title='bbox 1567 405 1690 459; x_wconf 91' lang='lat' dir='ltr'>ipsum</span> 
     </span>
     <span class='ocr_line' id='line_1_5' title="bbox 167 468 1690 525; baseline 0.004 -18"><span class='ocrx_word' id='word_1_38' title='bbox 167 469 292 508; x_wconf 87' lang='lat' dir='ltr'>futura</span> <span class='ocrx_word' id='word_1_39' title='bbox 319 474 451 507; x_wconf 88' lang='lat' dir='ltr'>essent</span> <span class='ocrx_word' id='word_1_40' title='bbox 477 468 642 507; x_wconf 89' lang='lat' dir='ltr'>omnium</span> <span class='ocrx_word' id='word_1_41' title='bbox 667 475 885 523; x_wconf 88' lang='lat' dir='ltr'>parentem,</span> <span class='ocrx_word' id='word_1_42' title='bbox 928 484 972 509; x_wconf 88' lang='lat' dir='ltr'>ac</span> <span class='ocrx_word' id='word_1_43' title='bbox 997 469 1232 525; x_wconf 86' lang='lat' dir='ltr'>Principium</span> <span class='ocrx_word' id='word_1_44' title='bbox 1259 480 1295 512; x_wconf 91' lang='lat' dir='ltr'>et</span> <span class='ocrx_word' id='word_1_45' title='bbox 1320 471 1550 513; x_wconf 79' lang='lat' dir='ltr'>Pleromatis</span> <span class='ocrx_word' id='word_1_46' title='bbox 1576 473 1690 512; x_wconf 88' lang='lat' dir='ltr'>totius</span> 
     </span>
     <span class='ocr_line' id='line_1_6' title="bbox 167 533 1691 592; baseline 0.003 -16"><span class='ocrx_word' id='word_1_47' title='bbox 167 535 459 590; x_wconf 85' lang='lat' dir='ltr'>expolitionem.</span> <span class='ocrx_word' id='word_1_48' title='bbox 523 533 600 575; x_wconf 88' lang='lat' dir='ltr'>lam</span> <span class='ocrx_word' id='word_1_49' title='bbox 626 550 674 575; x_wconf 81' lang='lat' dir='ltr'>ex</span> <span class='ocrx_word' id='word_1_50' title='bbox 698 535 887 576; x_wconf 83' lang='lat' dir='ltr'>Sermone</span> <span class='ocrx_word' id='word_1_51' title='bbox 910 536 1076 591; x_wconf 83' lang='lat' dir='ltr'>Vitaque</span> <span class='ocrx_word' id='word_1_52' title='bbox 1100 553 1167 592; x_wconf 89' lang='lat' dir='ltr'>par</span> <span class='ocrx_word' id='word_1_53' title='bbox 1190 554 1302 579; x_wconf 92' lang='lat' dir='ltr'>unum</span> <span class='ocrx_word' id='word_1_54' title='bbox 1328 549 1521 591; x_wconf 81' lang='lat' dir='ltr'>exortum,</span> <span class='ocrx_word' id='word_1_55' title='bbox 1557 539 1691 581; x_wconf 91' lang='lat' dir='ltr'>Homi-</span> 
     </span>
     <span class='ocr_line' id='line_1_7' title="bbox 165 601 1687 662; baseline 0.005 -20"><span class='ocrx_word' id='word_1_56' title='bbox 165 618 250 643; x_wconf 87' lang='lat' dir='ltr'>nem</span> <span class='ocrx_word' id='word_1_57' title='bbox 281 611 393 657; x_wconf 87' lang='lat' dir='ltr'>atque</span> <span class='ocrx_word' id='word_1_58' title='bbox 422 602 652 643; x_wconf 71' lang='lat' dir='ltr'><strong>Ecclesiam.</strong></span> <span class='ocrx_word' id='word_1_59' title='bbox 715 601 773 642; x_wconf 84' lang='lat' dir='ltr'>Ita</span> <span class='ocrx_word' id='word_1_60' title='bbox 805 604 1068 658; x_wconf 85' lang='lat' dir='ltr'>primigeniam</span> <span class='ocrx_word' id='word_1_61' title='bbox 1101 620 1188 646; x_wconf 87' lang='lat' dir='ltr'>esse</span> <span class='ocrx_word' id='word_1_62' title='bbox 1214 608 1417 647; x_wconf 73' lang='lat' dir='ltr'>conflatam</span> <span class='ocrx_word' id='word_1_63' title='bbox 1445 606 1687 662; x_wconf 82' lang='lat' dir='ltr'>Ogdoadem,</span> 
     </span>
     <span class='ocr_line' id='line_1_8' title="bbox 166 671 1691 729; baseline 0.004 -18"><span class='ocrx_word' id='word_1_64' title='bbox 166 671 333 712; x_wconf 91' lang='lat' dir='ltr'>omnium</span> <span class='ocrx_word' id='word_1_65' title='bbox 357 686 484 711; x_wconf 90' lang='lat' dir='ltr'>rerum</span> <span class='ocrx_word' id='word_1_66' title='bbox 508 671 790 711; x_wconf 88' lang='lat' dir='ltr'>fundamentum</span> <span class='ocrx_word' id='word_1_67' title='bbox 815 685 859 711; x_wconf 88' lang='lat' dir='ltr'>ac</span> <span class='ocrx_word' id='word_1_68' title='bbox 882 672 1072 723; x_wconf 87' lang='lat' dir='ltr'>radicem,</span> <span class='ocrx_word' id='word_1_69' title='bbox 1107 688 1203 726; x_wconf 87' lang='lat' dir='ltr'>quae</span> <span class='ocrx_word' id='word_1_70' title='bbox 1229 675 1380 728; x_wconf 88' lang='lat' dir='ltr'>quidem</span> <span class='ocrx_word' id='word_1_71' title='bbox 1404 679 1602 729; x_wconf 72' lang='lat' dir='ltr'>quaternis</span> <span class='ocrx_word' id='word_1_72' title='bbox 1623 692 1691 717; x_wconf 90' lang='lat' dir='ltr'>no-</span> 
     </span>
     <span class='ocr_line' id='line_1_9' title="bbox 172 736 1691 796; baseline 0.003 -17"><span class='ocrx_word' id='word_1_73' title='bbox 172 740 337 779; x_wconf 90' lang='lat' dir='ltr'>minibus</span> <span class='ocrx_word' id='word_1_74' title='bbox 364 746 530 789; x_wconf 82' lang='lat' dir='ltr'>constat,</span> <span class='ocrx_word' id='word_1_75' title='bbox 564 736 714 793; x_wconf 83' lang='lat' dir='ltr'>Bytho,</span> <span class='ocrx_word' id='word_1_76' title='bbox 747 737 834 788; x_wconf 85' lang='lat' dir='ltr'>No,</span> <span class='ocrx_word' id='word_1_77' title='bbox 871 738 1086 791; x_wconf 85' lang='lat' dir='ltr'>Sermone,</span> <span class='ocrx_word' id='word_1_78' title='bbox 1120 740 1302 782; x_wconf 87' lang='lat' dir='ltr'>Homine.</span> <span class='ocrx_word' id='word_1_79' title='bbox 1365 742 1573 796; x_wconf 81' lang='lat' dir='ltr'>Quodlibet</span> <span class='ocrx_word' id='word_1_80' title='bbox 1591 746 1691 785; x_wconf 90' lang='lat' dir='ltr'>enim</span> 
     </span>
     <span class='ocr_line' id='line_1_10' title="bbox 165 806 1691 866; baseline 0.003 -19"><span class='ocrx_word' id='word_1_81' title='bbox 165 822 233 862; x_wconf 87' lang='lat' dir='ltr'>par</span> <span class='ocrx_word' id='word_1_82' title='bbox 257 821 401 847; x_wconf 85' lang='lat' dir='ltr'>marem</span> <span class='ocrx_word' id='word_1_83' title='bbox 426 821 469 847; x_wconf 90' lang='lat' dir='ltr'>ac</span> <span class='ocrx_word' id='word_1_84' title='bbox 494 806 670 846; x_wconf 83' lang='lat' dir='ltr'>feminam</span> <span class='ocrx_word' id='word_1_85' title='bbox 693 806 879 846; x_wconf 87' lang='lat' dir='ltr'>continet.</span> <span class='ocrx_word' id='word_1_86' title='bbox 941 808 1001 847; x_wconf 90' lang='lat' dir='ltr'>Ac</span> <span class='ocrx_word' id='word_1_87' title='bbox 1026 809 1187 862; x_wconf 89' lang='lat' dir='ltr'>primum</span> <span class='ocrx_word' id='word_1_88' title='bbox 1212 823 1306 849; x_wconf 88' lang='lat' dir='ltr'>sane</span> <span class='ocrx_word' id='word_1_89' title='bbox 1331 824 1595 866; x_wconf 89' lang='lat' dir='ltr'>summumque</span> <span class='ocrx_word' id='word_1_90' title='bbox 1616 811 1691 852; x_wconf 89' lang='lat' dir='ltr'>Pa-</span> 
     </span>
     <span class='ocr_line' id='line_1_11' title="bbox 165 873 1690 930; baseline 0.003 -15"><span class='ocrx_word' id='word_1_91' title='bbox 165 882 311 915; x_wconf 87' lang='lat' dir='ltr'>rentcm</span> <span class='ocrx_word' id='word_1_92' title='bbox 334 889 417 915; x_wconf 88' lang='lat' dir='ltr'>cum</span> <span class='ocrx_word' id='word_1_93' title='bbox 441 873 602 914; x_wconf 83' lang='lat' dir='ltr'>Ennoea</span> <span class='ocrx_word' id='word_1_94' title='bbox 622 887 690 913; x_wconf 87' lang='lat' dir='ltr'>sua</span> <span class='ocrx_word' id='word_1_95' title='bbox 713 873 846 914; x_wconf 89' lang='lat' dir='ltr'>iniisse</span> <span class='ocrx_word' id='word_1_96' title='bbox 872 875 1105 929; x_wconf 83' lang='lat' dir='ltr'>coniugium,</span> <span class='ocrx_word' id='word_1_97' title='bbox 1141 875 1357 930; x_wconf 85' lang='lat' dir='ltr'>Unigenam</span> <span class='ocrx_word' id='word_1_98' title='bbox 1380 893 1474 918; x_wconf 87' lang='lat' dir='ltr'>vero</span> <span class='ocrx_word' id='word_1_99' title='bbox 1494 880 1576 920; x_wconf 85' lang='lat' dir='ltr'>sive</span> <span class='ocrx_word' id='word_1_100' title='bbox 1597 879 1690 919; x_wconf 85' lang='lat' dir='ltr'>Nun</span> 
     </span>
     <span class='ocr_line' id='line_1_12' title="bbox 165 939 1691 994; baseline 0.003 -11"><span class='ocrx_word' id='word_1_101' title='bbox 165 958 247 983; x_wconf 89' lang='lat' dir='ltr'>cum</span> <span class='ocrx_word' id='word_1_102' title='bbox 272 941 462 991; x_wconf 82' lang='lat' dir='ltr'>Veritate,</span> <span class='ocrx_word' id='word_1_103' title='bbox 499 939 727 981; x_wconf 86' lang='lat' dir='ltr'>Sermonem</span> <span class='ocrx_word' id='word_1_104' title='bbox 755 957 839 982; x_wconf 89' lang='lat' dir='ltr'>cum</span> <span class='ocrx_word' id='word_1_105' title='bbox 864 941 977 994; x_wconf 86' lang='lat' dir='ltr'>Vita,</span> <span class='ocrx_word' id='word_1_106' title='bbox 1016 942 1218 985; x_wconf 79' lang='lat' dir='ltr'>Hominem</span> <span class='ocrx_word' id='word_1_107' title='bbox 1244 959 1327 985; x_wconf 91' lang='lat' dir='ltr'>cum</span> <span class='ocrx_word' id='word_1_108' title='bbox 1354 945 1545 987; x_wconf 82' lang='lat' dir='ltr'>Ecclesia.</span> <span class='ocrx_word' id='word_1_109' title='bbox 1596 945 1691 986; x_wconf 80' lang='lat' dir='ltr'>Post</span> 
     </span>
     <span class='ocr_line' id='line_1_13' title="bbox 166 1007 1690 1066; baseline 0.002 -15"><span class='ocrx_word' id='word_1_110' title='bbox 166 1012 324 1051; x_wconf 84' lang='lat' dir='ltr'>Aeones</span> <span class='ocrx_word' id='word_1_111' title='bbox 359 1010 454 1049; x_wconf 82' lang='lat' dir='ltr'>istos</span> <span class='ocrx_word' id='word_1_112' title='bbox 481 1007 662 1049; x_wconf 87' lang='lat' dir='ltr'>Parentis</span> <span class='ocrx_word' id='word_1_113' title='bbox 694 1010 739 1049; x_wconf 88' lang='lat' dir='ltr'>ad</span> <span class='ocrx_word' id='word_1_114' title='bbox 773 1010 888 1050; x_wconf 88' lang='lat' dir='ltr'>decus</span> <span class='ocrx_word' id='word_1_115' title='bbox 922 1011 1160 1066; x_wconf 79' lang='lat' dir='ltr'>gloriamque</span> <span class='ocrx_word' id='word_1_116' title='bbox 1193 1014 1368 1066; x_wconf 87' lang='lat' dir='ltr'>genitos,</span> <span class='ocrx_word' id='word_1_117' title='bbox 1413 1029 1495 1055; x_wconf 84' lang='lat' dir='ltr'>cum</span> <span class='ocrx_word' id='word_1_118' title='bbox 1530 1015 1574 1054; x_wconf 89' lang='lat' dir='ltr'>ad</span> <span class='ocrx_word' id='word_1_119' title='bbox 1608 1015 1690 1054; x_wconf 90' lang='lat' dir='ltr'>eius</span> 
     </span>
     <span class='ocr_line' id='line_1_14' title="bbox 166 1077 1691 1136; baseline 0.003 -17"><span class='ocrx_word' id='word_1_120' title='bbox 166 1078 324 1132; x_wconf 80' lang='lat' dir='ltr'>gloriam</span> <span class='ocrx_word' id='word_1_121' title='bbox 347 1077 550 1117; x_wconf 86' lang='lat' dir='ltr'>refundere</span> <span class='ocrx_word' id='word_1_122' title='bbox 571 1077 710 1131; x_wconf 89' lang='lat' dir='ltr'>aliquid</span> <span class='ocrx_word' id='word_1_123' title='bbox 734 1086 933 1133; x_wconf 86' lang='lat' dir='ltr'>cuperent,</span> <span class='ocrx_word' id='word_1_124' title='bbox 961 1080 1082 1120; x_wconf 86' lang='lat' dir='ltr'>ascito</span> <span class='ocrx_word' id='word_1_125' title='bbox 1103 1080 1174 1120; x_wconf 90' lang='lat' dir='ltr'>sibi</span> <span class='ocrx_word' id='word_1_126' title='bbox 1196 1082 1374 1136; x_wconf 81' lang='lat' dir='ltr'>coniugio</span> <span class='ocrx_word' id='word_1_127' title='bbox 1398 1097 1536 1123; x_wconf 82' lang='lat' dir='ltr'>novam</span> <span class='ocrx_word' id='word_1_128' title='bbox 1559 1096 1691 1123; x_wconf 85' lang='lat' dir='ltr'>susce-</span> 
     </span>
     <span class='ocr_line' id='line_1_15' title="bbox 163 1143 1689 1204; baseline 0.003 -18"><span class='ocrx_word' id='word_1_129' title='bbox 163 1147 264 1200; x_wconf 85' lang='lat' dir='ltr'>pisse</span> <span class='ocrx_word' id='word_1_130' title='bbox 298 1145 484 1185; x_wconf 86' lang='lat' dir='ltr'>sobolem.</span> <span class='ocrx_word' id='word_1_131' title='bbox 546 1143 665 1185; x_wconf 82' lang='lat' dir='ltr'>Velut</span> <span class='ocrx_word' id='word_1_132' title='bbox 697 1144 927 1187; x_wconf 83' lang='lat' dir='ltr'>Sermonem</span> <span class='ocrx_word' id='word_1_133' title='bbox 959 1146 1164 1202; x_wconf 88' lang='lat' dir='ltr'>Vitamque</span> <span class='ocrx_word' id='word_1_134' title='bbox 1196 1157 1281 1204; x_wconf 87' lang='lat' dir='ltr'>post</span> <span class='ocrx_word' id='word_1_135' title='bbox 1312 1149 1519 1190; x_wconf 86' lang='lat' dir='ltr'>Hominem</span> <span class='ocrx_word' id='word_1_136' title='bbox 1550 1149 1689 1190; x_wconf 86' lang='lat' dir='ltr'>Eccle-</span> 
     </span>
     <span class='ocr_line' id='line_1_16' title="bbox 164 1212 1690 1272; baseline 0.003 -18"><span class='ocrx_word' id='word_1_137' title='bbox 164 1214 333 1267; x_wconf 86' lang='lat' dir='ltr'>siamque</span> <span class='ocrx_word' id='word_1_138' title='bbox 361 1212 536 1266; x_wconf 82' lang='lat' dir='ltr'>genitos,</span> <span class='ocrx_word' id='word_1_139' title='bbox 571 1213 701 1253; x_wconf 84' lang='lat' dir='ltr'>decem</span> <span class='ocrx_word' id='word_1_140' title='bbox 731 1215 827 1255; x_wconf 89' lang='lat' dir='ltr'>alios</span> <span class='ocrx_word' id='word_1_141' title='bbox 851 1216 1010 1256; x_wconf 86' lang='lat' dir='ltr'>Aeones</span> <span class='ocrx_word' id='word_1_142' title='bbox 1034 1217 1225 1267; x_wconf 81' lang='lat' dir='ltr'>edidisse,</span> <span class='ocrx_word' id='word_1_143' title='bbox 1259 1233 1419 1272; x_wconf 86' lang='lat' dir='ltr'>quorum</span> <span class='ocrx_word' id='word_1_144' title='bbox 1448 1219 1541 1259; x_wconf 86' lang='lat' dir='ltr'>baec</span> <span class='ocrx_word' id='word_1_145' title='bbox 1568 1219 1690 1258; x_wconf 87' lang='lat' dir='ltr'>nomi-</span> 
     </span>
     <span class='ocr_line' id='line_1_17' title="bbox 165 1280 1687 1339; baseline 0.002 -17"><span class='ocrx_word' id='word_1_146' title='bbox 165 1296 213 1322; x_wconf 91' lang='lat' dir='ltr'>na</span> <span class='ocrx_word' id='word_1_147' title='bbox 250 1280 454 1320; x_wconf 77' lang='lat' dir='ltr'>commenti</span> <span class='ocrx_word' id='word_1_148' title='bbox 494 1289 608 1321; x_wconf 90' lang='lat' dir='ltr'>sunt:</span> <span class='ocrx_word' id='word_1_149' title='bbox 654 1280 862 1337; x_wconf 82' lang='lat' dir='ltr'>Bytbium,</span> <span class='ocrx_word' id='word_1_150' title='bbox 907 1282 1158 1335; x_wconf 83' lang='lat' dir='ltr'>Mistionem,</span> <span class='ocrx_word' id='word_1_151' title='bbox 1206 1286 1446 1339; x_wconf 85' lang='lat' dir='ltr'>Ageratum,</span> <span class='ocrx_word' id='word_1_152' title='bbox 1493 1286 1687 1334; x_wconf 90' lang='lat' dir='ltr'>Henosin‚</span> 
     </span>
     <span class='ocr_line' id='line_1_18' title="bbox 161 1347 1688 1409; baseline 0.005 -21"><span class='ocrx_word' id='word_1_153' title='bbox 161 1348 415 1403; x_wconf 78' lang='lat' dir='ltr'>Authopbye‚</span> <span class='ocrx_word' id='word_1_154' title='bbox 461 1347 730 1404; x_wconf 70' lang='lat' dir='ltr'>Voluptatem,</span> <span class='ocrx_word' id='word_1_155' title='bbox 778 1349 1038 1402; x_wconf 72' lang='lat' dir='ltr'>immobilem,</span> <span class='ocrx_word' id='word_1_156' title='bbox 1081 1351 1319 1408; x_wconf 86' lang='lat' dir='ltr'>Syncrasin,</span> <span class='ocrx_word' id='word_1_157' title='bbox 1362 1353 1604 1409; x_wconf 84' lang='lat' dir='ltr'>Unigenam,</span> <span class='ocrx_word' id='word_1_158' title='bbox 1651 1362 1688 1395; x_wconf 87' lang='lat' dir='ltr'>et</span> 
     </span>
     <span class='ocr_line' id='line_1_19' title="bbox 162 1415 1689 1478; baseline 0.003 -20"><span class='ocrx_word' id='word_1_159' title='bbox 162 1415 391 1458; x_wconf 88' lang='lat' dir='ltr'>Macariam.</span> <span class='ocrx_word' id='word_1_160' title='bbox 455 1417 504 1457; x_wconf 86' lang='lat' dir='ltr'>Hi</span> <span class='ocrx_word' id='word_1_161' title='bbox 527 1425 616 1458; x_wconf 88' lang='lat' dir='ltr'>sunt</span> <span class='ocrx_word' id='word_1_162' title='bbox 639 1417 798 1459; x_wconf 88' lang='lat' dir='ltr'>Aeones</span> <span class='ocrx_word' id='word_1_163' title='bbox 823 1420 970 1470; x_wconf 87' lang='lat' dir='ltr'>decem,</span> <span class='ocrx_word' id='word_1_164' title='bbox 1005 1435 1100 1475; x_wconf 91' lang='lat' dir='ltr'>quos</span> <span class='ocrx_word' id='word_1_165' title='bbox 1124 1435 1174 1461; x_wconf 80' lang='lat' dir='ltr'>ex</span> <span class='ocrx_word' id='word_1_166' title='bbox 1197 1420 1387 1462; x_wconf 83' lang='lat' dir='ltr'>Sermone</span> <span class='ocrx_word' id='word_1_167' title='bbox 1411 1422 1578 1476; x_wconf 87' lang='lat' dir='ltr'>Vitaqne</span> <span class='ocrx_word' id='word_1_168' title='bbox 1601 1437 1689 1478; x_wconf 88' lang='lat' dir='ltr'>pro-</span> 
     </span>
     <span class='ocr_line' id='line_1_20' title="bbox 163 1484 1686 1544; baseline 0.004 -19"><span class='ocrx_word' id='word_1_169' title='bbox 163 1485 296 1525; x_wconf 89' lang='lat' dir='ltr'>ductos</span> <span class='ocrx_word' id='word_1_170' title='bbox 319 1492 490 1525; x_wconf 87' lang='lat' dir='ltr'>narrant.</span> <span class='ocrx_word' id='word_1_171' title='bbox 534 1484 738 1526; x_wconf 87' lang='lat' dir='ltr'>Hominem</span> <span class='ocrx_word' id='word_1_172' title='bbox 759 1487 894 1527; x_wconf 87' lang='lat' dir='ltr'>deinde</span> <span class='ocrx_word' id='word_1_173' title='bbox 912 1496 950 1528; x_wconf 88' lang='lat' dir='ltr'>et</span> <span class='ocrx_word' id='word_1_174' title='bbox 968 1487 1185 1529; x_wconf 82' lang='lat' dir='ltr'>Ecclesiam</span> <span class='ocrx_word' id='word_1_175' title='bbox 1207 1490 1367 1530; x_wconf 85' lang='lat' dir='ltr'>Aeones</span> <span class='ocrx_word' id='word_1_176' title='bbox 1387 1488 1468 1530; x_wconf 81' lang='grc' dir='ltr'>ΧΠ</span> <span class='ocrx_word' id='word_1_177' title='bbox 1487 1491 1686 1544; x_wconf 83' lang='lat' dir='ltr'>genuisse,</span> 
     </span>
     <span class='ocr_line' id='line_1_21' title="bbox 164 1553 1686 1609; baseline 0.004 -16"><span class='ocrx_word' id='word_1_178' title='bbox 164 1553 298 1608; x_wconf 86' lang='lat' dir='ltr'>quibus</span> <span class='ocrx_word' id='word_1_179' title='bbox 331 1553 424 1593; x_wconf 88' lang='lat' dir='ltr'>haec</span> <span class='ocrx_word' id='word_1_180' title='bbox 454 1553 631 1608; x_wconf 89' lang='lat' dir='ltr'>imposita</span> <span class='ocrx_word' id='word_1_181' title='bbox 661 1561 748 1594; x_wconf 92' lang='lat' dir='ltr'>sunt</span> <span class='ocrx_word' id='word_1_182' title='bbox 780 1556 956 1596; x_wconf 88' lang='lat' dir='ltr'>nomina:</span> <span class='ocrx_word' id='word_1_183' title='bbox 1002 1555 1249 1608; x_wconf 72' lang='lat' dir='ltr'>Paracletus,</span> <span class='ocrx_word' id='word_1_184' title='bbox 1295 1556 1432 1608; x_wconf 87' lang='lat' dir='ltr'>Fides,</span> <span class='ocrx_word' id='word_1_185' title='bbox 1479 1557 1686 1609; x_wconf 79' lang='lat' dir='ltr'>Paternus,</span> 
     </span>
     <span class='ocr_line' id='line_1_22' title="bbox 165 1619 1688 1679; baseline 0.003 -16"><span class='ocrx_word' id='word_1_186' title='bbox 165 1621 289 1677; x_wconf 86' lang='lat' dir='ltr'>SpeS,</span> <span class='ocrx_word' id='word_1_187' title='bbox 335 1619 566 1670; x_wconf 83' lang='lat' dir='ltr'>Maternus,</span> <span class='ocrx_word' id='word_1_188' title='bbox 614 1620 794 1672; x_wconf 82' lang='lat' dir='ltr'>Caritas,</span> <span class='ocrx_word' id='word_1_189' title='bbox 842 1624 991 1672; x_wconf 86' lang='lat' dir='ltr'>Ainus,</span> <span class='ocrx_word' id='word_1_190' title='bbox 1038 1623 1294 1679; x_wconf 81' lang='lat' dir='ltr'>Intelligentia</span> <span class='ocrx_word' id='word_1_191' title='bbox 1311 1657 1321 1676; x_wconf 90' lang='lat'>,</span> <span class='ocrx_word' id='word_1_192' title='bbox 1370 1625 1688 1677; x_wconf 78' lang='lat' dir='ltr'>Ecclesiasticus,</span> 
     </span>
     <span class='ocr_line' id='line_1_23' title="bbox 161 1688 1688 1748; baseline 0.003 -18"><span class='ocrx_word' id='word_1_193' title='bbox 161 1688 369 1739; x_wconf 80' lang='lat' dir='ltr'>Felicitas,</span> <span class='ocrx_word' id='word_1_194' title='bbox 415 1689 626 1740; x_wconf 77' lang='lat' dir='ltr'>Theletus,</span> <span class='ocrx_word' id='word_1_195' title='bbox 671 1688 884 1745; x_wconf 71' lang='lat' dir='ltr'>Sapientia.</span> <span class='ocrx_word' id='word_1_196' title='bbox 947 1691 995 1732; x_wconf 86' lang='lat' dir='ltr'>Hi</span> <span class='ocrx_word' id='word_1_197' title='bbox 1027 1699 1116 1732; x_wconf 88' lang='lat' dir='ltr'>sunt</span> <span class='ocrx_word' id='word_1_198' title='bbox 1142 1693 1292 1733; x_wconf 85' lang='lat' dir='ltr'>illorum</span> <span class='ocrx_word' id='word_1_199' title='bbox 1324 1695 1505 1748; x_wconf 87' lang='lat' dir='ltr'>opinione</span> <span class='ocrx_word' id='word_1_200' title='bbox 1536 1695 1688 1735; x_wconf 81' lang='lat' dir='ltr'>conficti</span> 
     </span>
     <span class='ocr_line' id='line_1_24' title="bbox 164 1757 1688 1811; baseline 0.003 -13"><span class='ocrx_word' id='word_1_201' title='bbox 164 1758 322 1798; x_wconf 86' lang='lat' dir='ltr'>Aeones</span> <span class='ocrx_word' id='word_1_202' title='bbox 345 1757 516 1811; x_wconf 85' lang='lat' dir='ltr'>triginta,</span> <span class='ocrx_word' id='word_1_203' title='bbox 544 1759 605 1811; x_wconf 90' lang='lat' dir='ltr'>qui</span> <span class='ocrx_word' id='word_1_204' title='bbox 630 1758 772 1798; x_wconf 90' lang='lat' dir='ltr'>tamdiu</span> <span class='ocrx_word' id='word_1_205' title='bbox 793 1759 829 1798; x_wconf 89' lang='lat' dir='ltr'>in</span> <span class='ocrx_word' id='word_1_206' title='bbox 851 1760 1004 1799; x_wconf 87' lang='lat' dir='ltr'>silentio</span> <span class='ocrx_word' id='word_1_207' title='bbox 1029 1767 1067 1800; x_wconf 88' lang='lat' dir='ltr'>et</span> <span class='ocrx_word' id='word_1_208' title='bbox 1085 1761 1318 1801; x_wconf 82' lang='lat' dir='ltr'>obscuritate</span> <span class='ocrx_word' id='word_1_209' title='bbox 1342 1763 1557 1802; x_wconf 85' lang='lat' dir='ltr'>iacuerunt.</span> <span class='ocrx_word' id='word_1_210' title='bbox 1604 1762 1688 1803; x_wconf 89' lang='lat' dir='ltr'>Hoc</span> 
     </span>
     <span class='ocr_line' id='line_1_25' title="bbox 165 1825 1692 1884; baseline 0.003 -18"><span class='ocrx_word' id='word_1_211' title='bbox 165 1826 254 1866; x_wconf 93' lang='lat' dir='ltr'>illud</span> <span class='ocrx_word' id='word_1_212' title='bbox 283 1825 454 1881; x_wconf 89' lang='lat' dir='ltr'>spiritale</span> <span class='ocrx_word' id='word_1_213' title='bbox 481 1839 603 1880; x_wconf 87' lang='lat' dir='ltr'>neque</span> <span class='ocrx_word' id='word_1_214' title='bbox 631 1827 863 1880; x_wconf 81' lang='lat' dir='ltr'>aspectabile</span> <span class='ocrx_word' id='word_1_215' title='bbox 894 1826 1250 1883; x_wconf 82' lang='lat' dir='ltr'>Complemcntum,</span> <span class='ocrx_word' id='word_1_216' title='bbox 1295 1831 1394 1884; x_wconf 86' lang='lat' dir='ltr'>quod</span> <span class='ocrx_word' id='word_1_217' title='bbox 1421 1831 1466 1870; x_wconf 90' lang='lat' dir='ltr'>ab</span> <span class='ocrx_word' id='word_1_218' title='bbox 1491 1831 1574 1871; x_wconf 91' lang='lat' dir='ltr'>istis</span> <span class='ocrx_word' id='word_1_219' title='bbox 1599 1846 1692 1871; x_wconf 91' lang='lat' dir='ltr'>con-</span> 
     </span>
     <span class='ocr_line' id='line_1_26' title="bbox 163 1893 1688 1950; baseline 0.003 -16"><span class='ocrx_word' id='word_1_220' title='bbox 163 1894 334 1934; x_wconf 87' lang='lat' dir='ltr'>stituitur</span> <span class='ocrx_word' id='word_1_221' title='bbox 356 1893 540 1933; x_wconf 83' lang='lat' dir='ltr'>trifariam</span> <span class='ocrx_word' id='word_1_222' title='bbox 563 1894 802 1934; x_wconf 89' lang='lat' dir='ltr'>distributum</span> <span class='ocrx_word' id='word_1_223' title='bbox 822 1896 860 1935; x_wconf 90' lang='lat' dir='ltr'>in</span> <span class='ocrx_word' id='word_1_224' title='bbox 881 1894 1121 1950; x_wconf 83' lang='lat' dir='ltr'>Ogdoadem,</span> <span class='ocrx_word' id='word_1_225' title='bbox 1147 1896 1341 1938; x_wconf 85' lang='lat' dir='ltr'>Deeadem</span> <span class='ocrx_word' id='word_1_226' title='bbox 1366 1905 1405 1938; x_wconf 89' lang='lat' dir='ltr'>et</span> <span class='ocrx_word' id='word_1_227' title='bbox 1426 1897 1688 1939; x_wconf 86' lang='lat' dir='ltr'>Dodecadem.</span> 
     </span>
     <span class='ocr_line' id='line_1_27' title="bbox 163 1962 1689 2021; baseline 0.003 -18"><span class='ocrx_word' id='word_1_228' title='bbox 163 1963 292 2016; x_wconf 87' lang='lat' dir='ltr'>Atque</span> <span class='ocrx_word' id='word_1_229' title='bbox 316 1962 413 2001; x_wconf 85' lang='lat' dir='ltr'>hanc</span> <span class='ocrx_word' id='word_1_230' title='bbox 439 1962 559 2016; x_wconf 87' lang='lat' dir='ltr'>ipsam</span> <span class='ocrx_word' id='word_1_231' title='bbox 585 1976 673 2002; x_wconf 86' lang='lat' dir='ltr'>esse.</span> <span class='ocrx_word' id='word_1_232' title='bbox 695 1977 871 2004; x_wconf 88' lang='lat' dir='ltr'>caussam</span> <span class='ocrx_word' id='word_1_233' title='bbox 896 1971 1089 2015; x_wconf 88' lang='lat' dir='ltr'>statuunt,</span> <span class='ocrx_word' id='word_1_234' title='bbox 1124 1980 1193 2006; x_wconf 83' lang='lat' dir='ltr'>cur</span> <span class='ocrx_word' id='word_1_235' title='bbox 1215 1964 1399 2007; x_wconf 84' lang='lat' dir='ltr'>Salvator</span> <span class='ocrx_word' id='word_1_236' title='bbox 1421 1967 1566 2021; x_wconf 84' lang='lat' dir='ltr'>(neque</span> <span class='ocrx_word' id='word_1_237' title='bbox 1590 1967 1689 2007; x_wconf 89' lang='lat' dir='ltr'>enim</span> 
     </span>
     <span class='ocr_line' id='line_1_28' title="bbox 164 2028 1689 2090; baseline 0.004 -20"><span class='ocrx_word' id='word_1_238' title='bbox 164 2028 371 2070; x_wconf 87' lang='lat' dir='ltr'>Dominum</span> <span class='ocrx_word' id='word_1_239' title='bbox 400 2030 590 2084; x_wconf 84' lang='lat' dir='ltr'>appellare</span> <span class='ocrx_word' id='word_1_240' title='bbox 616 2031 769 2084; x_wconf 83' lang='lat' dir='ltr'>volunt.)</span> <span class='ocrx_word' id='word_1_241' title='bbox 798 2032 966 2072; x_wconf 87' lang='lat' dir='ltr'>tricenos</span> <span class='ocrx_word' id='word_1_242' title='bbox 996 2040 1095 2073; x_wconf 89' lang='lat' dir='ltr'>totos</span> <span class='ocrx_word' id='word_1_243' title='bbox 1122 2047 1243 2075; x_wconf 87' lang='lat' dir='ltr'>annos</span> <span class='ocrx_word' id='word_1_244' title='bbox 1272 2035 1393 2090; x_wconf 85' lang='lat' dir='ltr'>palam</span> <span class='ocrx_word' id='word_1_245' title='bbox 1427 2035 1551 2089; x_wconf 84' lang='lat' dir='ltr'>egerit</span> <span class='ocrx_word' id='word_1_246' title='bbox 1581 2036 1689 2086; x_wconf 85' lang='lat' dir='ltr'>nihil,</span> 
     </span>
     <span class='ocr_line' id='line_1_29' title="bbox 161 2098 1873 2158; baseline 0.006 -22"><span class='ocrx_word' id='word_1_247' title='bbox 161 2105 202 2138; x_wconf 88' lang='lat' dir='ltr'>ut</span> <span class='ocrx_word' id='word_1_248' title='bbox 234 2098 305 2137; x_wconf 88' lang='lat' dir='ltr'>hoc</span> <span class='ocrx_word' id='word_1_249' title='bbox 336 2098 515 2138; x_wconf 89' lang='lat' dir='ltr'>Aeonum</span> <span class='ocrx_word' id='word_1_250' title='bbox 553 2099 777 2153; x_wconf 80' lang='lat' dir='ltr'>mysterium</span> <span class='ocrx_word' id='word_1_251' title='bbox 810 2099 1010 2141; x_wconf 85' lang='lat' dir='ltr'>indicaret.</span> <span class='ocrx_word' id='word_1_252' title='bbox 1074 2099 1296 2154; x_wconf 84' lang='lat' dir='ltr'>Quinetiam</span> <span class='ocrx_word' id='word_1_253' title='bbox 1331 2103 1368 2142; x_wconf 91' lang='lat' dir='ltr'>in</span> <span class='ocrx_word' id='word_1_254' title='bbox 1402 2104 1684 2158; x_wconf 87' lang='lat' dir='ltr'>operariorum,</span> <span class='ocrx_word' id='word_1_255' title='bbox 1709 2117 1873 2148; x_wconf 64' lang='lat' dir='ltr'>manzo.</span> 
     </span>
     <span class='ocr_line' id='line_1_30' title="bbox 163 2165 1688 2224; baseline 0.003 -17"><span class='ocrx_word' id='word_1_256' title='bbox 163 2166 224 2220; x_wconf 91' lang='lat' dir='ltr'>qui</span> <span class='ocrx_word' id='word_1_257' title='bbox 258 2166 302 2205; x_wconf 93' lang='lat' dir='ltr'>ad</span> <span class='ocrx_word' id='word_1_258' title='bbox 332 2165 446 2207; x_wconf 87' lang='lat' dir='ltr'>vitem</span> <span class='ocrx_word' id='word_1_259' title='bbox 481 2166 676 2206; x_wconf 87' lang='lat' dir='ltr'>colendam</span> <span class='ocrx_word' id='word_1_260' title='bbox 712 2167 933 2219; x_wconf 88' lang='lat' dir='ltr'>mittuntur,</span> <span class='ocrx_word' id='word_1_261' title='bbox 979 2169 1160 2224; x_wconf 89' lang='lat' dir='ltr'>parabola</span> <span class='ocrx_word' id='word_1_262' title='bbox 1181 2168 1310 2210; x_wconf 82' lang='lat' dir='ltr'>XXX</span> <span class='ocrx_word' id='word_1_263' title='bbox 1344 2172 1499 2211; x_wconf 83' lang='lat' dir='ltr'>eosdem</span> <span class='ocrx_word' id='word_1_264' title='bbox 1529 2172 1688 2212; x_wconf 85' lang='lat' dir='ltr'>Aeones</span> 
     </span>
     <span class='ocr_line' id='line_1_31' title="bbox 164 2234 1688 2294; baseline 0.005 -22"><span class='ocrx_word' id='word_1_265' title='bbox 164 2234 366 2289; x_wconf 84' lang='lat' dir='ltr'>perspicue</span> <span class='ocrx_word' id='word_1_266' title='bbox 393 2234 629 2287; x_wconf 76' lang='lat' dir='ltr'>significatos</span> <span class='ocrx_word' id='word_1_267' title='bbox 655 2243 850 2276; x_wconf 84' lang='lat' dir='ltr'>asserunt.</span> <span class='ocrx_word' id='word_1_268' title='bbox 914 2236 1066 2277; x_wconf 84' lang='lat' dir='ltr'>Etenim</span> <span class='ocrx_word' id='word_1_269' title='bbox 1100 2238 1161 2278; x_wconf 88' lang='lat' dir='ltr'>alii</span> <span class='ocrx_word' id='word_1_270' title='bbox 1190 2238 1346 2279; x_wconf 84' lang='lat' dir='ltr'>circiter</span> <span class='ocrx_word' id='word_1_271' title='bbox 1370 2239 1500 2279; x_wconf 86' lang='lat' dir='ltr'>boram</span> <span class='ocrx_word' id='word_1_272' title='bbox 1530 2240 1688 2294; x_wconf 87' lang='lat' dir='ltr'>primam</span> 
     </span>
     <span class='ocr_line' id='line_1_32' title="bbox 163 2302 1690 2361; baseline 0.005 -20"><span class='ocrx_word' id='word_1_273' title='bbox 163 2302 268 2342; x_wconf 91' lang='lat' dir='ltr'>missi</span> <span class='ocrx_word' id='word_1_274' title='bbox 291 2309 402 2345; x_wconf 77' lang='lat' dir='ltr'>sunt,</span> <span class='ocrx_word' id='word_1_275' title='bbox 435 2302 498 2341; x_wconf 90' lang='lat' dir='ltr'>alii</span> <span class='ocrx_word' id='word_1_276' title='bbox 526 2303 700 2351; x_wconf 84' lang='lat' dir='ltr'>tertiam,</span> <span class='ocrx_word' id='word_1_277' title='bbox 735 2310 883 2344; x_wconf 74' lang='lat' dir='ltr'>sextam</span> <span class='ocrx_word' id='word_1_278' title='bbox 907 2305 992 2356; x_wconf 84' lang='lat' dir='ltr'>alii,</span> <span class='ocrx_word' id='word_1_279' title='bbox 1026 2321 1070 2346; x_wconf 89' lang='lat' dir='ltr'>ac</span> <span class='ocrx_word' id='word_1_280' title='bbox 1096 2321 1250 2357; x_wconf 80' lang='lat' dir='ltr'>nonam,</span> <span class='ocrx_word' id='word_1_281' title='bbox 1285 2321 1328 2346; x_wconf 87' lang='lat' dir='ltr'>ac</span> <span class='ocrx_word' id='word_1_282' title='bbox 1355 2315 1548 2361; x_wconf 87' lang='lat' dir='ltr'>postremo</span> <span class='ocrx_word' id='word_1_283' title='bbox 1572 2308 1690 2348; x_wconf 89' lang='lat' dir='ltr'>unde-</span> 
     </span>
     <span class='ocr_line' id='line_1_33' title="bbox 163 2368 1687 2423; baseline 0.004 -14"><span class='ocrx_word' id='word_1_284' title='bbox 163 2370 313 2409; x_wconf 91' lang='lat' dir='ltr'>cimam.</span> <span class='ocrx_word' id='word_1_285' title='bbox 378 2368 489 2423; x_wconf 82' lang='lat' dir='ltr'>Quae</span> <span class='ocrx_word' id='word_1_286' title='bbox 513 2384 646 2410; x_wconf 91' lang='lat' dir='ltr'>omnes</span> <span class='ocrx_word' id='word_1_287' title='bbox 670 2370 708 2410; x_wconf 87' lang='lat' dir='ltr'>in</span> <span class='ocrx_word' id='word_1_288' title='bbox 732 2385 819 2412; x_wconf 87' lang='lat' dir='ltr'>sese</span> <span class='ocrx_word' id='word_1_289' title='bbox 841 2373 1026 2414; x_wconf 84' lang='lat' dir='ltr'>conflatae</span> <span class='ocrx_word' id='word_1_290' title='bbox 1051 2373 1322 2415; x_wconf 85' lang='lat' dir='ltr'>Tricenarium</span> <span class='ocrx_word' id='word_1_291' title='bbox 1344 2376 1524 2416; x_wconf 85' lang='lat' dir='ltr'>efficiunt.</span> <span class='ocrx_word' id='word_1_292' title='bbox 1586 2375 1687 2416; x_wconf 85' lang='lat' dir='ltr'>Nam</span> 
     </span>
     <span class='ocr_line' id='line_1_34' title="bbox 164 2442 1688 2498; baseline 0.004 -20"><span class='ocrx_word' id='word_1_293' title='bbox 164 2453 238 2479; x_wconf 87' lang='lat' dir='ltr'>una</span> <span class='ocrx_word' id='word_1_294' title='bbox 264 2445 301 2478; x_wconf 87' lang='lat' dir='ltr'>et</span> <span class='ocrx_word' id='word_1_295' title='bbox 326 2445 405 2478; x_wconf 87' lang='lat' dir='ltr'>tres</span> <span class='ocrx_word' id='word_1_296' title='bbox 432 2445 470 2478; x_wconf 89' lang='lat' dir='ltr'>et</span> <span class='ocrx_word' id='word_1_297' title='bbox 494 2452 566 2478; x_wconf 77' lang='lat' dir='ltr'>sex</span> <span class='ocrx_word' id='word_1_298' title='bbox 589 2453 634 2478; x_wconf 86' lang='lat' dir='ltr'>ac</span> <span class='ocrx_word' id='word_1_299' title='bbox 663 2453 799 2479; x_wconf 87' lang='lat' dir='ltr'>novem</span> <span class='ocrx_word' id='word_1_300' title='bbox 828 2454 912 2480; x_wconf 90' lang='lat' dir='ltr'>cum</span> <span class='ocrx_word' id='word_1_301' title='bbox 936 2443 1110 2482; x_wconf 79' lang='lat' dir='ltr'>undecim</span> <span class='ocrx_word' id='word_1_302' title='bbox 1136 2443 1290 2497; x_wconf 81' lang='lat' dir='ltr'>triginta</span> <span class='ocrx_word' id='word_1_303' title='bbox 1322 2444 1528 2498; x_wconf 86' lang='lat' dir='ltr'>complent.</span> <span class='ocrx_word' id='word_1_304' title='bbox 1593 2442 1688 2498; x_wconf 85' lang='lat' dir='ltr'>Qui-</span> 
     </span>
     <span class='ocr_line' id='line_1_35' title="bbox 162 2506 1688 2566; baseline 0.004 -21"><span class='ocrx_word' id='word_1_305' title='bbox 162 2506 232 2546; x_wconf 89' lang='lat' dir='ltr'>bus</span> <span class='ocrx_word' id='word_1_306' title='bbox 256 2506 359 2546; x_wconf 88' lang='lat' dir='ltr'>boris</span> <span class='ocrx_word' id='word_1_307' title='bbox 380 2507 535 2546; x_wconf 89' lang='lat' dir='ltr'>totidem</span> <span class='ocrx_word' id='word_1_308' title='bbox 561 2507 719 2547; x_wconf 84' lang='lat' dir='ltr'>Aeones</span> <span class='ocrx_word' id='word_1_309' title='bbox 741 2507 899 2549; x_wconf 84' lang='lat' dir='ltr'>indicari</span> <span class='ocrx_word' id='word_1_310' title='bbox 921 2517 1100 2550; x_wconf 86' lang='lat' dir='ltr'>censent:</span> <span class='ocrx_word' id='word_1_311' title='bbox 1129 2525 1249 2565; x_wconf 86' lang='lat' dir='ltr'>eaque</span> <span class='ocrx_word' id='word_1_312' title='bbox 1271 2512 1421 2552; x_wconf 87' lang='lat' dir='ltr'>demum</span> <span class='ocrx_word' id='word_1_313' title='bbox 1442 2526 1528 2553; x_wconf 88' lang='lat' dir='ltr'>esse</span> <span class='ocrx_word' id='word_1_314' title='bbox 1550 2526 1688 2566; x_wconf 83' lang='lat' dir='ltr'>magna</span> 
     </span>
     <span class='ocr_line' id='line_1_36' title="bbox 162 2575 1686 2633; baseline 0.004 -19"><span class='ocrx_word' id='word_1_315' title='bbox 162 2575 223 2614; x_wconf 91' lang='lat' dir='ltr'>illa</span> <span class='ocrx_word' id='word_1_316' title='bbox 255 2582 292 2614; x_wconf 86' lang='lat' dir='ltr'>et</span> <span class='ocrx_word' id='word_1_317' title='bbox 323 2575 545 2614; x_wconf 86' lang='lat' dir='ltr'>admiranda</span> <span class='ocrx_word' id='word_1_318' title='bbox 579 2588 792 2629; x_wconf 82' lang='lat' dir='ltr'>arcanaque</span> <span class='ocrx_word' id='word_1_319' title='bbox 827 2578 1034 2632; x_wconf 85' lang='lat' dir='ltr'>mysteria,</span> <span class='ocrx_word' id='word_1_320' title='bbox 1084 2593 1194 2633; x_wconf 83' lang='lat' dir='ltr'>quem</span> <span class='ocrx_word' id='word_1_321' title='bbox 1228 2594 1338 2620; x_wconf 89' lang='lat' dir='ltr'>suum</span> <span class='ocrx_word' id='word_1_322' title='bbox 1370 2580 1487 2619; x_wconf 80' lang='lat' dir='ltr'>veluti</span> <span class='ocrx_word' id='word_1_323' title='bbox 1523 2581 1686 2620; x_wconf 81' lang='lat' dir='ltr'>fructum</span> 
     </span>
     <span class='ocr_line' id='line_1_37' title="bbox 163 2642 1687 2699; baseline 0.004 -17"><span class='ocrx_word' id='word_1_324' title='bbox 163 2643 381 2697; x_wconf 85' lang='lat' dir='ltr'>proferunt,</span> <span class='ocrx_word' id='word_1_325' title='bbox 425 2657 468 2682; x_wconf 88' lang='lat' dir='ltr'>ac</span> <span class='ocrx_word' id='word_1_326' title='bbox 501 2642 533 2682; x_wconf 89' lang='lat' dir='ltr'>si</span> <span class='ocrx_word' id='word_1_327' title='bbox 565 2643 650 2696; x_wconf 89' lang='lat' dir='ltr'>quid</span> <span class='ocrx_word' id='word_1_328' title='bbox 684 2643 782 2682; x_wconf 87' lang='lat' dir='ltr'>aliud</span> <span class='ocrx_word' id='word_1_329' title='bbox 815 2651 873 2684; x_wconf 88' lang='lat' dir='ltr'>est</span> <span class='ocrx_word' id='word_1_330' title='bbox 904 2647 1001 2699; x_wconf 91' lang='lat' dir='ltr'>quod</span> <span class='ocrx_word' id='word_1_331' title='bbox 1033 2646 1070 2686; x_wconf 91' lang='lat' dir='ltr'>in</span> <span class='ocrx_word' id='word_1_332' title='bbox 1098 2647 1220 2687; x_wconf 86' lang='lat' dir='ltr'>sacris</span> <span class='ocrx_word' id='word_1_333' title='bbox 1247 2647 1367 2687; x_wconf 89' lang='lat' dir='ltr'>literis</span> <span class='ocrx_word' id='word_1_334' title='bbox 1398 2655 1503 2687; x_wconf 88' lang='lat' dir='ltr'>certo</span> <span class='ocrx_word' id='word_1_335' title='bbox 1527 2663 1687 2689; x_wconf 86' lang='lat' dir='ltr'>numero</span> 
     </span>
     <span class='ocr_line' id='line_1_38' title="bbox 164 2710 1687 2769; baseline 0.005 -19"><span class='ocrx_word' id='word_1_336' title='bbox 164 2710 478 2765; x_wconf 81' lang='lat' dir='ltr'>comprehensum</span> <span class='ocrx_word' id='word_1_337' title='bbox 521 2711 564 2750; x_wconf 91' lang='lat' dir='ltr'>ad</span> <span class='ocrx_word' id='word_1_338' title='bbox 605 2710 746 2750; x_wconf 84' lang='lat' dir='ltr'>futilem</span> <span class='ocrx_word' id='word_1_339' title='bbox 788 2714 1163 2769; x_wconf 82' lang='lat' dir='ltr'>commentitiamque</span> <span class='ocrx_word' id='word_1_340' title='bbox 1205 2715 1366 2755; x_wconf 74' lang='lat' dir='ltr'>fabulam</span> <span class='ocrx_word' id='word_1_341' title='bbox 1407 2718 1687 2757; x_wconf 85' lang='lat' dir='ltr'>accommodari</span> 
     </span>
     <span class='ocr_line' id='line_1_39' title="bbox 164 2780 297 2833; baseline 0.008 -15"><span class='ocrx_word' id='word_1_342' title='bbox 164 2780 297 2833; x_wconf 90' lang='lat' dir='ltr'>possit.</span> 
     </span>
    </p>
   </div>
   <div class='ocr_carea' id='block_1_3' title="bbox 166 2869 1643 2999">
    <p class='ocr_par' dir='ltr' id='par_1_3' title="bbox 166 2869 1643 2999">
     <span class='ocr_line' id='line_1_40' title="bbox 211 2869 1643 2917; baseline 0.003 -15"><span class='ocrx_word' id='word_1_343' title='bbox 211 2871 261 2902; x_wconf 82' lang='lat'>11.</span> <span class='ocrx_word' id='word_1_344' title='bbox 286 2869 342 2903; x_wconf 72' lang='grc' dir='ltr'>καὶ</span> <span class='ocrx_word' id='word_1_345' title='bbox 362 2880 420 2901; x_wconf 74' lang='lat' dir='ltr'>non</span> <span class='ocrx_word' id='word_1_346' title='bbox 440 2871 528 2901; x_wconf 79' lang='lat' dir='ltr'>habet</span> <span class='ocrx_word' id='word_1_347' title='bbox 546 2871 612 2901; x_wconf 79' lang='lat' dir='ltr'>cod.</span> <span class='ocrx_word' id='word_1_348' title='bbox 629 2870 698 2901; x_wconf 76' lang='lat' dir='ltr'>Veri.</span> <span class='ocrx_word' id='word_1_349' title='bbox 731 2871 788 2902; x_wconf 81' lang='lat' dir='ltr'>Nec</span> <span class='ocrx_word' id='word_1_350' title='bbox 807 2881 902 2912; x_wconf 72' lang='lat' dir='ltr'>uyno-</span> <span class='ocrx_word' id='word_1_351' title='bbox 996 2874 1045 2907; x_wconf 79' lang='lat'>13.</span> <span class='ocrx_word' id='word_1_352' title='bbox 1069 2876 1133 2916; x_wconf 77' lang='grc' dir='ltr'>τῆς</span> <span class='ocrx_word' id='word_1_353' title='bbox 1156 2876 1202 2906; x_wconf 86' lang='lat' dir='ltr'>ed.</span> <span class='ocrx_word' id='word_1_354' title='bbox 1222 2876 1320 2914; x_wconf 74' lang='lat' dir='ltr'>princ.</span> <span class='ocrx_word' id='word_1_355' title='bbox 1345 2879 1371 2907; x_wconf 85' lang='lat' dir='ltr'>et</span> <span class='ocrx_word' id='word_1_356' title='bbox 1391 2877 1459 2907; x_wconf 83' lang='lat' dir='ltr'>cod.</span> <span class='ocrx_word' id='word_1_357' title='bbox 1481 2877 1552 2917; x_wconf 68' lang='lat' dir='ltr'>Regy.</span> <span class='ocrx_word' id='word_1_358' title='bbox 1569 2878 1643 2908; x_wconf 82' lang='lat' dir='ltr'>Par.</span> 
     </span>
     <span class='ocr_line' id='line_1_41' title="bbox 166 2917 1357 2961; baseline 0.004 -15"><span class='ocrx_word' id='word_1_359' title='bbox 166 2917 220 2946; x_wconf 81' lang='lat' dir='ltr'>scit</span> <span class='ocrx_word' id='word_1_360' title='bbox 241 2919 298 2947; x_wconf 78' lang='lat' dir='ltr'>vet.</span> <span class='ocrx_word' id='word_1_361' title='bbox 321 2917 437 2947; x_wconf 83' lang='lat' dir='ltr'>Irenaei</span> <span class='ocrx_word' id='word_1_362' title='bbox 463 2917 623 2954; x_wconf 72' lang='lat' dir='ltr'>Interpres.</span> <span class='ocrx_word' id='word_1_363' title='bbox 995 2917 1044 2951; x_wconf 69' lang='lat'>14.</span> <span class='ocrx_word' id='word_1_364' title='bbox 1070 2917 1087 2952; x_wconf 78' lang='grc' dir='ltr'>ὁ</span> <span class='ocrx_word' id='word_1_365' title='bbox 1114 2918 1170 2961; x_wconf 68' lang='grc' dir='ltr'>μὲν</span> <span class='ocrx_word' id='word_1_366' title='bbox 1196 2921 1261 2951; x_wconf 82' lang='lat' dir='ltr'>cod.</span> <span class='ocrx_word' id='word_1_367' title='bbox 1289 2923 1357 2951; x_wconf 84' lang='lat' dir='ltr'>Ven.</span> 
     </span>
     <span class='ocr_line' id='line_1_42' title="bbox 213 2959 1336 2999; baseline 0.004 -8"><span class='ocrx_word' id='word_1_368' title='bbox 213 2960 261 2992; x_wconf 73' lang='lat'>12.</span> <span class='ocrx_word' id='word_1_369' title='bbox 286 2959 342 2993; x_wconf 68' lang='grc' dir='ltr'>καὶ</span> <span class='ocrx_word' id='word_1_370' title='bbox 363 2961 569 2992; x_wconf 79' lang='lat' dir='ltr'>inducendum</span> <span class='ocrx_word' id='word_1_371' title='bbox 587 2963 719 2993; x_wconf 76' lang='lat' dir='ltr'>arbitror</span> <span class='ocrx_word' id='word_1_372' title='bbox 740 2963 777 2994; x_wconf 83' lang='lat' dir='ltr'>de</span> <span class='ocrx_word' id='word_1_373' title='bbox 797 2966 901 2994; x_wconf 79' lang='lat' dir='ltr'>aucto·</span> <span class='ocrx_word' id='word_1_374' title='bbox 995 2964 1044 2996; x_wconf 67' lang='lat'>15.</span> <span class='ocrx_word' id='word_1_375' title='bbox 1070 2962 1087 2997; x_wconf 72' lang='grc' dir='ltr'><em>ὁ</em></span> <span class='ocrx_word' id='word_1_376' title='bbox 1114 2963 1151 2999; x_wconf 75' lang='grc' dir='ltr'>δὲ</span> <span class='ocrx_word' id='word_1_377' title='bbox 1175 2967 1242 2997; x_wconf 83' lang='lat' dir='ltr'>cod.</span> <span class='ocrx_word' id='word_1_378' title='bbox 1268 2967 1336 2997; x_wconf 83' lang='lat' dir='ltr'>Ven.</span> 
     </span>
    </p>
   </div>
   <div class='ocr_carea' id='block_1_4' title="bbox 166 3005 624 3045">
    <p class='ocr_par' dir='ltr' id='par_1_4' title="bbox 166 3005 624 3045">
     <span class='ocr_line' id='line_1_43' title="bbox 166 3005 624 3045; baseline 0 -10"><span class='ocrx_word' id='word_1_379' title='bbox 166 3005 253 3036; x_wconf 77' lang='lat' dir='ltr'>ritate</span> <span class='ocrx_word' id='word_1_380' title='bbox 281 3007 340 3037; x_wconf 80' lang='lat' dir='ltr'>Vet.</span> <span class='ocrx_word' id='word_1_381' title='bbox 362 3006 479 3037; x_wconf 80' lang='lat' dir='ltr'>Irenaei</span> <span class='ocrx_word' id='word_1_382' title='bbox 499 3007 624 3045; x_wconf 69' lang='lat' dir='ltr'>Interpr.</span> 
     </span>
    </p>
   </div>
  </div>
 </body>
</html>
