2034 3267
484 202 660 234 PANARu
684 203 765 234 LIB.
782 204 806 234 Ι.
830 203 935 235 TOM.
951 203 1008 234 111.
1034 203 1286 235 HAER.XL11.
1562 198 1641 238 627

127 297 170 324 ac
192 283 320 338 seipso
342 282 456 336 longe
479 281 812 336 praestantiorem,
842 280 1120 336 Dominamque
1143 297 1268 334 suum,
1294 290 1333 323 ut
1353 283 1491 334 dicitis,
1516 282 1642 324 Iesum

127 351 295 401 scilicet,
340 350 572 390 tentaverit?
630 348 716 403 Ego
750 363 843 389 vero
874 349 933 389 dei
967 351 1084 389 fretus
1121 351 1266 390 auxilio
1300 351 1396 404 quod
1432 365 1451 390 c
1484 365 1524 392 re
1557 359 1645 392 nata

128 418 218 459 mihi
242 418 279 457 in
304 419 469 458 animum
495 418 683 458 inciderat
707 418 751 457 ad
779 417 851 457 ista
875 417 1034 457 subieci.
1098 416 1289 469 Creditis,
1323 419 1496 473 inquam,
1532 416 1644 460 Cliri-

128 494 226 527 stum
249 499 336 526 esse
359 486 614 525 crucifixum?
671 484 757 525 Nos
783 498 897 534 verO,
932 484 1073 538 inquit,
1108 487 1321 536 credimus,
1356 500 1426 526 nec
1447 487 1555 527 fateri
1578 488 1645 527 du-

129 553 275 595 bitavit.
338 554 373 593 A
395 553 531 607 quibus
553 567 646 607 ergo
669 553 879 592 crucifixus
904 553 986 592 cst?
1016 554 1164 606 rogavi.
1228 554 1288 593 Ab
1315 554 1550 605 bominibus,
1585 568 1645 594 re-

129 622 294 676 spondit.
357 621 457 661 Tum
482 635 576 675 ego:
611 619 707 673 Quis
730 619 924 659 amborum
949 622 1141 672 potentior
1163 628 1242 671 est,
1278 622 1411 672 hoino,
1445 637 1491 662 an
1515 623 1646 662 diabo-

129 689 215 729 lus?
275 688 483 739 Diabolus,
525 689 646 741 inquit
675 687 762 736 ille,
806 688 919 740 longe
950 695 1114 741 praestat
1145 689 1374 730 hominibus.
1436 688 1520 744 Ego
1551 704 1645 731 vero

129 758 175 797 ad
199 757 292 796 haec
316 757 387 796 ista
415 756 582 796 subieci:
619 753 661 794 Si
683 755 729 794 ab
756 754 993 804 hominihus,
1028 756 1087 809 qui
1114 756 1225 809 longe
1248 757 1517 798 imbecilliores
1541 765 1643 808 sunt,

130 825 340 865 crucifixus
367 831 426 864 est
450 822 650 872 Christus,
692 823 778 875 quid
802 823 936 862 mirum
964 830 1023 862 est
1047 824 1206 863 eundem
1233 838 1254 864 a
1278 825 1428 865 diabolo
1455 839 1541 866 esse
1566 833 1647 865 ten-

132 893 275 932 tatum?
333 892 391 932 Ad
415 891 509 931 haec
530 890 631 930 enim
654 890 779 929 omnia
799 903 891 929 vere
913 904 957 929 ac
980 898 1111 930 nostra
1132 905 1266 931 caussa
1290 893 1500 943 toleranda,
1533 895 1648 933 adco-

131 975 202 1014 que
224 960 325 1000 illum
349 973 432 999 cum
455 958 606 998 diabolo
629 971 880 1011 congressum
905 972 980 997 non
1004 966 1158 999 coactus
1182 973 1202 999 a
1225 961 1423 1014 quopiam,
1456 962 1522 1001 sed
1548 962 1648 1001 ultro

131 1042 173 1068 se
200 1025 377 1068 Christus
402 1025 563 1075 obiecit3
608 1025 705 1079 quod
733 1025 881 1078 quidem
908 1040 982 1065 non
1008 1026 1081 1066 ulla
1104 1027 1186 1067 eius
1207 1028 1466 1068 imbecillitate
1491 1030 1646 1080 factum,

131 1097 198 1136 sed
220 1095 417 1136 voluntate
440 1099 681 1147 susceptum,
724 1107 793 1133 suo
818 1100 858 1133 ut
881 1107 950 1133 nos
975 1095 1152 1149 exemplo
1177 1096 1517 1147 condocefaceret,
1565 1112 1650 1137 cru-

133 1164 262 1219 cisque
283 1162 467 1217 supplicio
489 1161 647 1201 salutem
672 1161 782 1201 nobis
804 1161 980 1212 afferret,
1015 1162 1215 1202 damnaret
1235 1171 1454 1218 peccatum,
1487 1173 1648 1206 mortem

133 1233 296 1286 denique
325 1229 559 1284 profligaret.

243 1297 375 1340 Schol.
404 1295 519 1337 LXI.
563 1300 616 1335 Et
641 1300 738 1336 davit
767 1300 875 1336 Petro
909 1305 946 1336 et
970 1300 1144 1350 reliquis,
1191 1302 1332 1338 Emztes
1355 1310 1580 1353 praeparale
1610 1310 1653 1341 ut
1668 1314 1737 1343 Luc.
1751 1315 1793 1351 22,
1809 1317 1832 1343 Β.

132 1370 387 1407 manducemus
414 1367 570 1404 Pascha.

242 1434 377 1475 Refut.
400 1431 514 1473 LXl.
561 1431 761 1486 ingentem
785 1439 918 1472 contra
947 1440 982 1473 te
1008 1433 1169 1474 telorum
1193 1435 1330 1475 nubem
1356 1437 1468 1477 unius
1494 1437 1651 1478 huiusce

134 1502 342 1543 testimonii
366 1501 574 1542 auctoritas
596 1501 789 1551 continet,
834 1499 1000 1541 Marcio.
1063 1499 1161 1542 Cum
1196 1503 1295 1542 enim
1325 1506 1546 1559 praeparari
1577 1506 1650 1545 sibi

134 1570 280 1611 Pascha
310 1569 462 1619 iubeat,
507 1568 619 1622 idque
651 1575 853 1622 antequam
880 1566 1059 1609 Christus
1087 1577 1282 1624 pateretur
1313 1579 1372 1611 est
1399 1572 1648 1625 celebratum,

134 1639 306 1693 profecto
332 1638 417 1691 lege
441 1637 540 1676 istud
564 1637 684 1690 ipsum
709 1635 987 1691 praescriptum
1013 1638 1152 1678 suerat.
1215 1637 1346 1690 Quare
1370 1654 1455 1680 cum
1479 1655 1530 1682 ex
1555 1642 1652 1695 legis

134 1707 313 1747 mandato
340 1702 518 1745 Christus
547 1703 649 1744 vitae
676 1718 768 1744 suae
793 1704 982 1744 rationem
1008 1713 1277 1760 componeret,
1322 1708 1564 1749 manifestum
1596 1716 1655 1750 est

136 1789 211 1814 non
234 1773 339 1814 illurn
364 1772 571 1812 solvendae
593 1771 712 1826 legis,
753 1772 820 1812 sed
841 1771 1053 1826 implendae
1079 1774 1202 1828 gratia
1224 1776 1395 1816 venisse.
1456 1774 1536 1817 Iam
1561 1791 1654 1831 quo-

137 1842 209 1882 ties
232 1842 355 1895 legem
376 1839 552 1894 princeps
573 1854 648 1880 non
670 1839 851 1894 abrogat,
885 1841 1168 1882 constitutionis
1191 1856 1288 1897 quae
1307 1842 1345 1883 in
1366 1844 1452 1897 lege
1476 1852 1536 1885 est
1556 1845 1655 1885 inte-

136 1924 204 1965 gra
226 1915 354 1949 manet
378 1908 546 1959 sanctio,
589 1922 660 1948 nec
683 1907 806 1948 edicto
832 1916 1052 1965 revocatur.
1115 1908 1305 1964 Quamdiu
1326 1925 1420 1952 vero
1445 1912 1542 1967 legis
1568 1927 1655 1954 san-

137 1978 213 2018 ctio
244 1983 490 2032 perseverat,
534 1983 666 2030 estque
697 1976 806 2016 firma
833 1977 1077 2029 constitutio,
1118 1978 1259 2033 siquid
1291 1980 1335 2019 ad
1368 1994 1451 2020 eam
1476 1981 1655 2036 princeps

137 2045 351 2086 cumulandi
377 2045 463 2084 doni
490 2043 613 2098 gratia
639 2044 733 2084 velit
754 2044 943 2096 adiicere,
991 2046 1035 2086 ab
1059 2045 1229 2087 eiusdem
1252 2054 1440 2101 potestate
1464 2049 1655 2089 accessio-

138 2114 197 2154 nis
216 2113 316 2153 illius
339 2112 556 2165 benignitas
576 2112 821 2166 hilaritasque
845 2113 1027 2153 dimanat.
1080 2112 1157 2154 Sed
1179 2130 1262 2155 cum
1283 2116 1328 2155 ab
1349 2130 1424 2156 uno
1444 2117 1655 2171 eodemque

137 2182 233 2236 legis
266 2181 327 2220 illa
357 2181 448 2221 latio
479 2180 728 2234 accessioque
760 2180 1042 2222 beneficentiae
1071 2183 1240 2236 profecta
1273 2184 1344 2233 sit,
1389 2184 1498 2224 facile
1531 2184 1656 2238 quivis

138 2249 313 2302 intelligit
334 2263 409 2288 non
431 2263 516 2289 euin
539 2247 738 2288 adversari
760 2248 834 2302 legi
858 2249 918 2303 qui
940 2250 984 2290 ad
1007 2264 1089 2290 eam
1111 2250 1249 2305 aliquid
1274 2250 1525 2292 adiiciendum
1549 2259 1657 2307 puta-

139 2317 202 2357 rit.
265 2314 522 2370 Quamobrem
552 2316 852 2356 demonstratum
882 2317 973 2358 illud
1005 2325 1087 2369 est,
1130 2318 1219 2358 nihil
1249 2326 1358 2359 vetus
1388 2327 1658 2360 testamentum

139 2399 182 2425 ac
209 2384 477 2439 prophetarum
501 2383 639 2424 seriem
666 2398 749 2423 cum
774 2385 975 2439 evangelio
998 2400 1184 2440 pugnare.
1248 2386 1311 2427 Tu
1339 2401 1457 2439 vero,
1484 2387 1656 2438 Marcio,

139 2452 338 2507 multiplex
361 2459 495 2492 contra
517 2458 553 2491 te
576 2458 838 2505 argumentum
860 2453 1039 2504 attulisti,
1073 2455 1171 2508 quod
1194 2461 1233 2494 ut
1257 2455 1406 2495 faceres
1431 2455 1514 2510 ipsa
1535 2463 1571 2496 te
1592 2470 1659 2496 ve-

141 2522 233 2561 ritas
255 2520 317 2560 vel
338 2519 499 2559 invitum
524 2519 665 2573 coegit.
729 2518 850 2560 Vetus
876 2521 974 2561 enim
998 2520 1150 2562 Pascha
1172 2522 1262 2562 nihil
1289 2530 1444 2576 praeter
1466 2523 1555 2576 agni
1579 2537 1658 2563 ma·

141 2589 370 2638 ctationem,
411 2600 594 2641 csumque
618 2587 808 2638 carnium,
848 2595 886 2628 et
907 2589 1182 2640 animatorum,
1225 2604 1295 2629 nec
1319 2605 1394 2630 non
1419 2591 1659 2645 Azymorum

142 2656 286 2697 habuit.
348 2653 449 2708 Quid
474 2662 510 2694 te
533 2655 650 2708 igitur
671 2655 839 2710 impulit,
880 2662 921 2696 ut
943 2670 990 2697 ne
1011 2657 1134 2698 locum
1158 2658 1286 2708 illum,
1328 2658 1389 2712 qui
1413 2659 1460 2699 ad
1482 2659 1535 2698 tui
1557 2660 1659 2699 resu-

143 2724 326 2764 tationem
349 2729 548 2778 tantopere
567 2721 755 2777 pertinet,
789 2723 952 2764 auderes
974 2725 1156 2776 eradere,
1191 2725 1264 2765 nisi
1286 2726 1367 2777 vis,
1401 2726 1455 2766 uti
1475 2726 1655 2778 diximus,

187 2868 241 2905 43.
274 2869 519 2908 εὔκαὲοσίωτος
551 2872 659 2910 scripsi
691 2880 728 2902 ex
758 2873 878 2903 Petavii
924 2870 1074 2904 demnata
1096 2878 1143 2903 est
1164 2871 1242 2914 legis
1263 2872 1466 2905 constitutio.
1506 2875 1551 2914 Cf.
1568 2876 1659 2905 etiam

144 2918 349 2950 emendatione
377 2927 434 2957 pro
468 2911 527 2948 ου’γ.
561 2912 761 2953 οἱὲοσίωτος,
797 2917 879 2956 quod
923 2919 1044 2949 Pelet-ii
1065 2919 1227 2949 Animadv.
1252 2919 1293 2949 ad
1314 2920 1341 2949 h.
1363 2920 1382 2949 l.

143 2964 234 3001 vulyo
259 2965 350 2993 extat.
393 2963 429 2993 In
452 2962 517 2992 cod.
540 2962 668 2999 Rhediy.
697 2962 805 3000 legitur
839 2957 877 2993 οὗ
967 2960 1019 2995 44.
1045 2962 1195 3006 βασιλεία
1219 2964 1288 2994 edic.
1305 2966 1403 3002 princ.

145 3003 369 3045 καὲὀσίωτος.
404 3007 569 3038 Carnarius
585 3007 692 3037 vertit:
713 3016 779 3037 non
793 3016 876 3037 con-

1297 3064 1387 3107 40*
