<?xml version="1.0" encoding="UTF-8"?>
<!DOCTYPE html PUBLIC "-//W3C//DTD XHTML 1.0 Transitional//EN"
    "http://www.w3.org/TR/xhtml1/DTD/xhtml1-transitional.dtd">
<html xmlns="http://www.w3.org/1999/xhtml" xml:lang="en" lang="en">
 <head>
  <title>
</title>
<meta http-equiv="Content-Type" content="text/html;charset=utf-8" />
  <meta name='ocr-system' content='tesseract 3.04.00' />
  <meta name='ocr-capabilities' content='ocr_page ocr_carea ocr_par ocr_line ocrx_word'/>
</head>
<body>
  <div class='ocr_page' id='page_1' title='image "./p1corporishaereseo02epipuoft/p1corporishaereseo02epipuoft_0501.png"; bbox 0 0 2034 3267; ppageno 0'>
   <div class='ocr_carea' id='block_1_1' title="bbox 474 151 1665 191">
    <p class='ocr_par' dir='ltr' id='par_1_1' title="bbox 474 151 1665 191">
     <span class='ocr_line' id='line_1_1' title="bbox 474 151 1665 191; baseline 0.003 -5"><span class='ocrx_word' id='word_1_1' title='bbox 474 155 650 187; x_wconf 67' lang='lat' dir='ltr'>PANARn</span> <span class='ocrx_word' id='word_1_2' title='bbox 674 156 755 189; x_wconf 81' lang='lat' dir='ltr'>Ln3.</span> <span class='ocrx_word' id='word_1_3' title='bbox 776 158 798 188; x_wconf 83' lang='grc' dir='ltr'>ῐ.</span> <span class='ocrx_word' id='word_1_4' title='bbox 825 157 1003 190; x_wconf 80' lang='lat' dir='ltr'>TOM.1n.</span> <span class='ocrx_word' id='word_1_5' title='bbox 1029 158 1158 189; x_wconf 72' lang='lat' dir='ltr'><strong>HAER.</strong></span> <span class='ocrx_word' id='word_1_6' title='bbox 1176 158 1336 190; x_wconf 75' lang='lat' dir='ltr'>xxxvi.</span> <span class='ocrx_word' id='word_1_7' title='bbox 1586 151 1665 191; x_wconf 68' lang='lat'>489</span> 
     </span>
    </p>
   </div>
   <div class='ocr_carea' id='block_1_2' title="bbox 139 234 1666 1497">
    <p class='ocr_par' dir='ltr' id='par_1_2' title="bbox 139 234 1666 1497">
     <span class='ocr_line' id='line_1_2' title="bbox 149 234 1665 292; baseline 0.002 -17"><span class='ocrx_word' id='word_1_8' title='bbox 149 234 321 289; x_wconf 78' lang='lat' dir='ltr'>quiddam</span> <span class='ocrx_word' id='word_1_9' title='bbox 345 248 456 289; x_wconf 89' lang='lat' dir='ltr'>quam</span> <span class='ocrx_word' id='word_1_10' title='bbox 478 234 698 289; x_wconf 88' lang='lat' dir='ltr'>superiores</span> <span class='ocrx_word' id='word_1_11' title='bbox 720 249 853 276; x_wconf 91' lang='lat' dir='ltr'>omnes</span> <span class='ocrx_word' id='word_1_12' title='bbox 874 236 910 276; x_wconf 94' lang='lat' dir='ltr'>in</span> <span class='ocrx_word' id='word_1_13' title='bbox 933 236 1111 291; x_wconf 88' lang='lat' dir='ltr'>opinione</span> <span class='ocrx_word' id='word_1_14' title='bbox 1135 251 1200 277; x_wconf 89' lang='lat' dir='ltr'>sua</span> <span class='ocrx_word' id='word_1_15' title='bbox 1227 237 1365 292; x_wconf 84' lang='lat' dir='ltr'><strong>posuit.</strong></span> <span class='ocrx_word' id='word_1_16' title='bbox 1430 236 1581 279; x_wconf 81' lang='lat' dir='ltr'>Etenim</span> <span class='ocrx_word' id='word_1_17' title='bbox 1603 238 1665 292; x_wconf 88' lang='lat' dir='ltr'>qui</span> 
     </span>
     <span class='ocr_line' id='line_1_3' title="bbox 148 303 1666 356; baseline 0.001 -13"><span class='ocrx_word' id='word_1_18' title='bbox 148 317 198 343; x_wconf 88' lang='lat' dir='ltr'>ex</span> <span class='ocrx_word' id='word_1_19' title='bbox 229 317 360 343; x_wconf 89' lang='lat' dir='ltr'>eorum</span> <span class='ocrx_word' id='word_1_20' title='bbox 395 316 512 356; x_wconf 80' lang='lat' dir='ltr'>grege</span> <span class='ocrx_word' id='word_1_21' title='bbox 544 303 716 343; x_wconf 91' lang='lat' dir='ltr'>morituri</span> <span class='ocrx_word' id='word_1_22' title='bbox 749 311 859 354; x_wconf 88' lang='lat' dir='ltr'>sunt,</span> <span class='ocrx_word' id='word_1_23' title='bbox 906 305 1146 345; x_wconf 81' lang='lat' dir='ltr'>occasionem</span> <span class='ocrx_word' id='word_1_24' title='bbox 1174 312 1306 345; x_wconf 86' lang='lat' dir='ltr'>nactus</span> <span class='ocrx_word' id='word_1_25' title='bbox 1338 320 1358 345; x_wconf 90' lang='lat' dir='ltr'>a</span> <span class='ocrx_word' id='word_1_26' title='bbox 1384 304 1544 355; x_wconf 86' lang='lat' dir='ltr'>Marco,</span> <span class='ocrx_word' id='word_1_27' title='bbox 1590 321 1666 346; x_wconf 91' lang='lat' dir='ltr'>non</span> 
     </span>
     <span class='ocr_line' id='line_1_4' title="bbox 148 371 1663 426; baseline 0.001 -15"><span class='ocrx_word' id='word_1_28' title='bbox 148 371 280 411; x_wconf 85' lang='lat' dir='ltr'>eodem</span> <span class='ocrx_word' id='word_1_29' title='bbox 305 377 430 410; x_wconf 84' lang='lat' dir='ltr'>tamen</span> <span class='ocrx_word' id='word_1_30' title='bbox 455 385 529 424; x_wconf 91' lang='lat' dir='ltr'>qno</span> <span class='ocrx_word' id='word_1_31' title='bbox 548 371 619 410; x_wconf 89' lang='lat' dir='ltr'>istc</span> <span class='ocrx_word' id='word_1_32' title='bbox 642 372 753 411; x_wconf 92' lang='lat' dir='ltr'>modo</span> <span class='ocrx_word' id='word_1_33' title='bbox 776 372 949 422; x_wconf 75' lang='lat' dir='ltr'>redimit,</span> <span class='ocrx_word' id='word_1_34' title='bbox 985 373 1049 412; x_wconf 92' lang='lat' dir='ltr'>sed</span> <span class='ocrx_word' id='word_1_35' title='bbox 1074 373 1183 413; x_wconf 89' lang='lat' dir='ltr'>aliam</span> <span class='ocrx_word' id='word_1_36' title='bbox 1207 374 1391 426; x_wconf 88' lang='lat' dir='ltr'>quandam</span> <span class='ocrx_word' id='word_1_37' title='bbox 1419 373 1604 414; x_wconf 84' lang='lat' dir='ltr'>eiusmodi</span> <span class='ocrx_word' id='word_1_38' title='bbox 1628 374 1663 413; x_wconf 91' lang='lat' dir='ltr'>in</span> 
     </span>
     <span class='ocr_line' id='line_1_5' title="bbox 146 437 1665 496; baseline 0.003 -19"><span class='ocrx_word' id='word_1_39' title='bbox 146 438 307 478; x_wconf 86' lang='lat' dir='ltr'>salutem</span> <span class='ocrx_word' id='word_1_40' title='bbox 342 437 558 479; x_wconf 88' lang='lat' dir='ltr'>vindicandi</span> <span class='ocrx_word' id='word_1_41' title='bbox 592 439 777 479; x_wconf 87' lang='lat' dir='ltr'>rationem</span> <span class='ocrx_word' id='word_1_42' title='bbox 815 439 1011 480; x_wconf 78' lang='lat' dir='ltr'>observat.</span> <span class='ocrx_word' id='word_1_43' title='bbox 1072 438 1172 480; x_wconf 90' lang='lat' dir='ltr'>Sunt</span> <span class='ocrx_word' id='word_1_44' title='bbox 1207 441 1307 480; x_wconf 89' lang='lat' dir='ltr'>enim</span> <span class='ocrx_word' id='word_1_45' title='bbox 1342 455 1392 481; x_wconf 82' lang='lat' dir='ltr'>ex</span> <span class='ocrx_word' id='word_1_46' title='bbox 1426 441 1517 496; x_wconf 89' lang='lat' dir='ltr'>ipsis</span> <span class='ocrx_word' id='word_1_47' title='bbox 1552 442 1665 496; x_wconf 79' lang='lat' dir='ltr'>aliqui</span> 
     </span>
     <span class='ocr_line' id='line_1_6' title="bbox 147 506 1664 563; baseline 0.003 -18"><span class='ocrx_word' id='word_1_48' title='bbox 147 506 208 560; x_wconf 92' lang='lat' dir='ltr'>qui</span> <span class='ocrx_word' id='word_1_49' title='bbox 236 506 360 546; x_wconf 90' lang='lat' dir='ltr'>oleum</span> <span class='ocrx_word' id='word_1_50' title='bbox 388 519 485 560; x_wconf 89' lang='lat' dir='ltr'>aqua</span> <span class='ocrx_word' id='word_1_51' title='bbox 513 513 761 561; x_wconf 84' lang='lat' dir='ltr'>temperatum</span> <span class='ocrx_word' id='word_1_52' title='bbox 791 507 902 561; x_wconf 85' lang='lat' dir='ltr'>capiti</span> <span class='ocrx_word' id='word_1_53' title='bbox 931 507 1129 547; x_wconf 87' lang='lat' dir='ltr'>morientis</span> <span class='ocrx_word' id='word_1_54' title='bbox 1155 516 1386 562; x_wconf 82' lang='lat' dir='ltr'>aspergunt,</span> <span class='ocrx_word' id='word_1_55' title='bbox 1431 516 1664 563; x_wconf 85' lang='lat' dir='ltr'>unguentum</span> 
     </span>
     <span class='ocr_line' id='line_1_7' title="bbox 146 571 1663 631; baseline 0.003 -18"><span class='ocrx_word' id='word_1_56' title='bbox 146 573 232 624; x_wconf 90' lang='lat' dir='ltr'>alii,</span> <span class='ocrx_word' id='word_1_57' title='bbox 279 573 376 628; x_wconf 85' lang='lat' dir='ltr'>quod</span> <span class='ocrx_word' id='word_1_58' title='bbox 409 571 704 627; x_wconf 81' lang='lat' dir='ltr'>Opobalsamum</span> <span class='ocrx_word' id='word_1_59' title='bbox 738 581 901 623; x_wconf 86' lang='lat' dir='ltr'>vocant,</span> <span class='ocrx_word' id='word_1_60' title='bbox 951 581 987 614; x_wconf 85' lang='lat' dir='ltr'>et</span> <span class='ocrx_word' id='word_1_61' title='bbox 1016 588 1166 628; x_wconf 85' lang='lat' dir='ltr'>aquam.</span> <span class='ocrx_word' id='word_1_62' title='bbox 1231 573 1479 616; x_wconf 82' lang='lat' dir='ltr'>Invocatione</span> <span class='ocrx_word' id='word_1_63' title='bbox 1515 577 1663 631; x_wconf 86' lang='lat' dir='ltr'>quidem</span> 
     </span>
     <span class='ocr_line' id='line_1_8' title="bbox 145 641 1666 698; baseline 0.003 -17"><span class='ocrx_word' id='word_1_64' title='bbox 145 642 277 682; x_wconf 86' lang='lat' dir='ltr'>cadem</span> <span class='ocrx_word' id='word_1_65' title='bbox 312 650 470 682; x_wconf 89' lang='lat' dir='ltr'>utuntur</span> <span class='ocrx_word' id='word_1_66' title='bbox 498 657 608 697; x_wconf 88' lang='lat' dir='ltr'>quam</span> <span class='ocrx_word' id='word_1_67' title='bbox 640 649 675 682; x_wconf 87' lang='lat' dir='ltr'>et</span> <span class='ocrx_word' id='word_1_68' title='bbox 706 641 881 682; x_wconf 85' lang='lat' dir='ltr'>Marcum</span> <span class='ocrx_word' id='word_1_69' title='bbox 913 641 1130 681; x_wconf 82' lang='lat' dir='ltr'>adhibuisse</span> <span class='ocrx_word' id='word_1_70' title='bbox 1161 642 1381 694; x_wconf 80' lang='lat' dir='ltr'>docuimus,</span> <span class='ocrx_word' id='word_1_71' title='bbox 1427 645 1666 698; x_wconf 84' lang='lat' dir='ltr'>paucissimis</span> 
     </span>
     <span class='ocr_line' id='line_1_9' title="bbox 145 708 1664 764; baseline 0.002 -16"><span class='ocrx_word' id='word_1_72' title='bbox 145 710 341 751; x_wconf 88' lang='lat' dir='ltr'>vocabulis</span> <span class='ocrx_word' id='word_1_73' title='bbox 365 711 567 751; x_wconf 88' lang='lat' dir='ltr'>adiunctis.</span> <span class='ocrx_word' id='word_1_74' title='bbox 631 708 689 749; x_wconf 88' lang='lat' dir='ltr'>Ea</span> <span class='ocrx_word' id='word_1_75' title='bbox 712 723 826 764; x_wconf 87' lang='lat' dir='ltr'>porro</span> <span class='ocrx_word' id='word_1_76' title='bbox 847 716 905 749; x_wconf 89' lang='lat' dir='ltr'>est</span> <span class='ocrx_word' id='word_1_77' title='bbox 926 708 1161 750; x_wconf 86' lang='lat' dir='ltr'>huiusmodi:</span> <span class='ocrx_word' id='word_1_78' title='bbox 1195 713 1327 758; x_wconf 73' lang='lat' dir='ltr'>lltesia,</span> <span class='ocrx_word' id='word_1_79' title='bbox 1364 714 1501 763; x_wconf 75' lang='lat' dir='ltr'>Uphar,</span> <span class='ocrx_word' id='word_1_80' title='bbox 1536 716 1664 764; x_wconf 79' lang='lat' dir='ltr'>Egna-</span> 
     </span>
     <span class='ocr_line' id='line_1_10' title="bbox 145 779 1665 831; baseline 0.002 -15"><span class='ocrx_word' id='word_1_81' title='bbox 145 792 345 829; x_wconf 80' lang='lat' dir='ltr'>mempsae,</span> <span class='ocrx_word' id='word_1_82' title='bbox 388 780 643 825; x_wconf 58' lang='lat' dir='ltr'>Allencltaldia,</span> <span class='ocrx_word' id='word_1_83' title='bbox 685 779 882 824; x_wconf 79' lang='lat' dir='ltr'>Nossome,</span> <span class='ocrx_word' id='word_1_84' title='bbox 926 781 1046 825; x_wconf 84' lang='lat' dir='ltr'>Daee,</span> <span class='ocrx_word' id='word_1_85' title='bbox 1083 780 1320 830; x_wconf 80' lang='lat' dir='ltr'>Aeplzaram,</span> <span class='ocrx_word' id='word_1_86' title='bbox 1355 782 1547 831; x_wconf 77' lang='lat' dir='ltr'>Epsenna,</span> <span class='ocrx_word' id='word_1_87' title='bbox 1581 784 1665 819; x_wconf 73' lang='lat' dir='ltr'>Iesu</span> 
     </span>
     <span class='ocr_line' id='line_1_11' title="bbox 143 843 1664 900; baseline 0.002 -16"><span class='ocrx_word' id='word_1_88' title='bbox 143 848 328 884; x_wconf 74' lang='lat' dir='ltr'>Nazarz&#39;a.</span> <span class='ocrx_word' id='word_1_89' title='bbox 393 844 502 898; x_wconf 86' lang='lat' dir='ltr'>Quae</span> <span class='ocrx_word' id='word_1_90' title='bbox 525 844 673 899; x_wconf 84' lang='lat' dir='ltr'>quidem</span> <span class='ocrx_word' id='word_1_91' title='bbox 700 858 746 884; x_wconf 90' lang='lat' dir='ltr'>eo</span> <span class='ocrx_word' id='word_1_92' title='bbox 769 843 931 885; x_wconf 89' lang='lat' dir='ltr'>consilio</span> <span class='ocrx_word' id='word_1_93' title='bbox 955 844 1114 896; x_wconf 85' lang='lat' dir='ltr'>faciunt,</span> <span class='ocrx_word' id='word_1_94' title='bbox 1149 845 1272 900; x_wconf 82' lang='lat' dir='ltr'>utqui</span> <span class='ocrx_word' id='word_1_95' title='bbox 1298 846 1367 886; x_wconf 92' lang='lat' dir='ltr'>sub</span> <span class='ocrx_word' id='word_1_96' title='bbox 1393 847 1539 887; x_wconf 85' lang='lat' dir='ltr'>exitum</span> <span class='ocrx_word' id='word_1_97' title='bbox 1565 848 1664 888; x_wconf 86' lang='lat' dir='ltr'>vitae</span> 
     </span>
     <span class='ocr_line' id='line_1_12' title="bbox 146 911 1664 968; baseline 0.001 -15"><span class='ocrx_word' id='word_1_98' title='bbox 146 912 283 953; x_wconf 87' lang='lat' dir='ltr'>talibus</span> <span class='ocrx_word' id='word_1_99' title='bbox 308 912 677 968; x_wconf 86' lang='lat' dir='ltr'>comprecationibus</span> <span class='ocrx_word' id='word_1_100' title='bbox 701 911 880 952; x_wconf 74' lang='lat' dir='ltr'>instructi</span> <span class='ocrx_word' id='word_1_101' title='bbox 903 912 1044 953; x_wconf 81' lang='lat' dir='ltr'>fuerint</span> <span class='ocrx_word' id='word_1_102' title='bbox 1065 927 1147 953; x_wconf 85' lang='lat' dir='ltr'>cum</span> <span class='ocrx_word' id='word_1_103' title='bbox 1173 928 1269 967; x_wconf 87' lang='lat' dir='ltr'>aqua</span> <span class='ocrx_word' id='word_1_104' title='bbox 1294 921 1331 954; x_wconf 91' lang='lat' dir='ltr'>et</span> <span class='ocrx_word' id='word_1_105' title='bbox 1355 914 1456 964; x_wconf 87' lang='lat' dir='ltr'>oleo,</span> <span class='ocrx_word' id='word_1_106' title='bbox 1490 915 1572 955; x_wconf 85' lang='lat' dir='ltr'>sive</span> <span class='ocrx_word' id='word_1_107' title='bbox 1595 930 1664 955; x_wconf 91' lang='lat' dir='ltr'>un-</span> 
     </span>
     <span class='ocr_line' id='line_1_13' title="bbox 144 979 1666 1035; baseline 0.001 -14"><span class='ocrx_word' id='word_1_108' title='bbox 144 989 302 1035; x_wconf 82' lang='lat' dir='ltr'>guento,</span> <span class='ocrx_word' id='word_1_109' title='bbox 336 980 542 1021; x_wconf 76' lang='lat' dir='ltr'>commistis</span> <span class='ocrx_word' id='word_1_110' title='bbox 567 994 588 1020; x_wconf 90' lang='lat' dir='ltr'>a</span> <span class='ocrx_word' id='word_1_111' title='bbox 608 980 872 1034; x_wconf 89' lang='lat' dir='ltr'>superioribus</span> <span class='ocrx_word' id='word_1_112' title='bbox 896 979 1179 1035; x_wconf 86' lang='lat' dir='ltr'>Principatibus</span> <span class='ocrx_word' id='word_1_113' title='bbox 1203 996 1247 1021; x_wconf 84' lang='lat' dir='ltr'>ac</span> <span class='ocrx_word' id='word_1_114' title='bbox 1270 980 1533 1023; x_wconf 87' lang='lat' dir='ltr'>Potestatibus</span> <span class='ocrx_word' id='word_1_115' title='bbox 1555 988 1666 1023; x_wconf 67' lang='lat' dir='ltr'>coer-</span> 
     </span>
     <span class='ocr_line' id='line_1_14' title="bbox 144 1048 1664 1105; baseline 0.001 -17"><span class='ocrx_word' id='word_1_116' title='bbox 144 1049 222 1089; x_wconf 82' lang='lat' dir='ltr'>ceri</span> <span class='ocrx_word' id='word_1_117' title='bbox 245 1049 440 1103; x_wconf 80' lang='lat' dir='ltr'>viderique</span> <span class='ocrx_word' id='word_1_118' title='bbox 464 1055 670 1102; x_wconf 75' lang='lat' dir='ltr'>nequeant,</span> <span class='ocrx_word' id='word_1_119' title='bbox 699 1055 812 1102; x_wconf 89' lang='lat' dir='ltr'>atque</span> <span class='ocrx_word' id='word_1_120' title='bbox 835 1055 875 1087; x_wconf 91' lang='lat' dir='ltr'>ut</span> <span class='ocrx_word' id='word_1_121' title='bbox 897 1048 1059 1089; x_wconf 87' lang='lat' dir='ltr'>interior</span> <span class='ocrx_word' id='word_1_122' title='bbox 1078 1048 1246 1104; x_wconf 86' lang='lat' dir='ltr'>ipsorum</span> <span class='ocrx_word' id='word_1_123' title='bbox 1270 1049 1381 1090; x_wconf 89' lang='lat' dir='ltr'>homo</span> <span class='ocrx_word' id='word_1_124' title='bbox 1405 1064 1556 1090; x_wconf 90' lang='lat' dir='ltr'>sursum</span> <span class='ocrx_word' id='word_1_125' title='bbox 1578 1065 1664 1105; x_wconf 92' lang='lat' dir='ltr'>pos-</span> 
     </span>
     <span class='ocr_line' id='line_1_15' title="bbox 143 1115 1665 1172; baseline 0.001 -15"><span class='ocrx_word' id='word_1_126' title='bbox 143 1116 193 1157; x_wconf 89' lang='lat' dir='ltr'>sit</span> <span class='ocrx_word' id='word_1_127' title='bbox 221 1131 242 1157; x_wconf 85' lang='lat' dir='ltr'>a</span> <span class='ocrx_word' id='word_1_128' title='bbox 269 1116 420 1157; x_wconf 87' lang='lat' dir='ltr'>nemine</span> <span class='ocrx_word' id='word_1_129' title='bbox 445 1123 673 1170; x_wconf 86' lang='lat' dir='ltr'>conspectus</span> <span class='ocrx_word' id='word_1_130' title='bbox 707 1117 889 1156; x_wconf 82' lang='lat' dir='ltr'>evadere.</span> <span class='ocrx_word' id='word_1_131' title='bbox 952 1115 1101 1171; x_wconf 84' lang='lat' dir='ltr'>Quippe</span> <span class='ocrx_word' id='word_1_132' title='bbox 1133 1118 1357 1172; x_wconf 77' lang='lat' dir='ltr'>corporibus</span> <span class='ocrx_word' id='word_1_133' title='bbox 1390 1118 1474 1158; x_wconf 88' lang='lat' dir='ltr'>istis</span> <span class='ocrx_word' id='word_1_134' title='bbox 1505 1126 1665 1159; x_wconf 86' lang='lat' dir='ltr'>censent</span> 
     </span>
     <span class='ocr_line' id='line_1_16' title="bbox 144 1183 1664 1241; baseline 0.001 -15"><span class='ocrx_word' id='word_1_135' title='bbox 144 1199 227 1226; x_wconf 89' lang='lat' dir='ltr'>cum</span> <span class='ocrx_word' id='word_1_136' title='bbox 259 1185 403 1238; x_wconf 86' lang='lat' dir='ltr'>reliqua</span> <span class='ocrx_word' id='word_1_137' title='bbox 439 1184 540 1224; x_wconf 92' lang='lat' dir='ltr'>omni</span> <span class='ocrx_word' id='word_1_138' title='bbox 573 1191 749 1224; x_wconf 85' lang='lat' dir='ltr'>creatura</span> <span class='ocrx_word' id='word_1_139' title='bbox 781 1183 925 1224; x_wconf 86' lang='lat' dir='ltr'>relictis</span> <span class='ocrx_word' id='word_1_140' title='bbox 958 1185 1159 1226; x_wconf 76' lang='lat' dir='ltr'>evolantes</span> <span class='ocrx_word' id='word_1_141' title='bbox 1194 1186 1280 1226; x_wconf 87' lang='lat' dir='ltr'>hinc</span> <span class='ocrx_word' id='word_1_142' title='bbox 1313 1186 1483 1241; x_wconf 89' lang='lat' dir='ltr'>ipsorum</span> <span class='ocrx_word' id='word_1_143' title='bbox 1517 1186 1664 1227; x_wconf 83' lang='lat' dir='ltr'>animas</span> 
     </span>
     <span class='ocr_line' id='line_1_17' title="bbox 143 1252 1664 1309; baseline 0.001 -16"><span class='ocrx_word' id='word_1_144' title='bbox 143 1252 353 1302; x_wconf 89' lang='lat' dir='ltr'>conditori,</span> <span class='ocrx_word' id='word_1_145' title='bbox 396 1252 456 1306; x_wconf 89' lang='lat' dir='ltr'>qui</span> <span class='ocrx_word' id='word_1_146' title='bbox 480 1253 516 1291; x_wconf 91' lang='lat' dir='ltr'>in</span> <span class='ocrx_word' id='word_1_147' title='bbox 542 1252 691 1292; x_wconf 81' lang='lat' dir='ltr'>defectu</span> <span class='ocrx_word' id='word_1_148' title='bbox 715 1259 915 1302; x_wconf 88' lang='lat' dir='ltr'>versatur,</span> <span class='ocrx_word' id='word_1_149' title='bbox 956 1253 1165 1303; x_wconf 74' lang='lat' dir='ltr'>assistere,</span> <span class='ocrx_word' id='word_1_150' title='bbox 1198 1254 1413 1308; x_wconf 84' lang='lat' dir='ltr'>ibidemque</span> <span class='ocrx_word' id='word_1_151' title='bbox 1439 1255 1534 1309; x_wconf 89' lang='lat' dir='ltr'>apud</span> <span class='ocrx_word' id='word_1_152' title='bbox 1560 1254 1664 1295; x_wconf 89' lang='lat' dir='ltr'>illum</span> 
     </span>
     <span class='ocr_line' id='line_1_18' title="bbox 141 1318 1665 1378; baseline 0.001 -17"><span class='ocrx_word' id='word_1_153' title='bbox 141 1320 385 1361; x_wconf 89' lang='lat' dir='ltr'>commorari.</span> <span class='ocrx_word' id='word_1_154' title='bbox 448 1318 525 1361; x_wconf 89' lang='lat' dir='ltr'>Sed</span> <span class='ocrx_word' id='word_1_155' title='bbox 554 1319 777 1360; x_wconf 86' lang='lat' dir='ltr'>interiorem</span> <span class='ocrx_word' id='word_1_156' title='bbox 806 1320 1020 1371; x_wconf 86' lang='lat' dir='ltr'>bominem,</span> <span class='ocrx_word' id='word_1_157' title='bbox 1065 1321 1125 1374; x_wconf 89' lang='lat' dir='ltr'>qui</span> <span class='ocrx_word' id='word_1_158' title='bbox 1159 1322 1284 1361; x_wconf 88' lang='lat' dir='ltr'>anima</span> <span class='ocrx_word' id='word_1_159' title='bbox 1316 1322 1397 1377; x_wconf 86' lang='lat' dir='ltr'>ipsa</span> <span class='ocrx_word' id='word_1_160' title='bbox 1425 1336 1665 1378; x_wconf 86' lang='lat' dir='ltr'>corporeque</span> 
     </span>
     <span class='ocr_line' id='line_1_19' title="bbox 139 1387 1664 1444; baseline 0.001 -15"><span class='ocrx_word' id='word_1_161' title='bbox 139 1387 260 1443; x_wconf 81' lang='lat' dir='ltr'>magis</span> <span class='ocrx_word' id='word_1_162' title='bbox 281 1387 436 1429; x_wconf 87' lang='lat' dir='ltr'>intimus</span> <span class='ocrx_word' id='word_1_163' title='bbox 460 1395 540 1437; x_wconf 87' lang='lat' dir='ltr'>est,</span> <span class='ocrx_word' id='word_1_164' title='bbox 575 1388 686 1428; x_wconf 84' lang='lat' dir='ltr'>altius</span> <span class='ocrx_word' id='word_1_165' title='bbox 710 1388 862 1439; x_wconf 73' lang='lat' dir='ltr'>efferr53</span> <span class='ocrx_word' id='word_1_166' title='bbox 895 1402 1006 1442; x_wconf 87' lang='lat' dir='ltr'>quem</span> <span class='ocrx_word' id='word_1_167' title='bbox 1031 1402 1081 1429; x_wconf 82' lang='lat' dir='ltr'>ex</span> <span class='ocrx_word' id='word_1_168' title='bbox 1108 1390 1296 1444; x_wconf 81' lang='lat' dir='ltr'>superiori</span> <span class='ocrx_word' id='word_1_169' title='bbox 1322 1388 1540 1430; x_wconf 81' lang='lat' dir='ltr'>Pleromate</span> <span class='ocrx_word' id='word_1_170' title='bbox 1564 1391 1664 1431; x_wconf 83' lang='lat' dir='ltr'>deri-</span> 
     </span>
     <span class='ocr_line' id='line_1_20' title="bbox 140 1457 538 1497; baseline -0.005 0"><span class='ocrx_word' id='word_1_171' title='bbox 140 1465 268 1497; x_wconf 87' lang='lat' dir='ltr'>vatum</span> <span class='ocrx_word' id='word_1_172' title='bbox 301 1457 538 1497; x_wconf 86' lang='lat' dir='ltr'>existimant.</span> 
     </span>
    </p>
   </div>
   <div class='ocr_carea' id='block_1_3' title="bbox 134 1591 1668 2872">
    <p class='ocr_par' dir='ltr' id='par_1_3' title="bbox 134 1591 1668 2872">
     <span class='ocr_line' id='line_1_21' title="bbox 252 1591 1658 1647; baseline 0.001 -13"><span class='ocrx_word' id='word_1_173' title='bbox 252 1591 434 1634; x_wconf 86' lang='lat' dir='ltr'>Ceterum</span> <span class='ocrx_word' id='word_1_174' title='bbox 465 1606 560 1647; x_wconf 91' lang='lat' dir='ltr'>quos</span> <span class='ocrx_word' id='word_1_175' title='bbox 594 1593 639 1632; x_wconf 90' lang='lat' dir='ltr'>ad</span> <span class='ocrx_word' id='word_1_176' title='bbox 672 1606 755 1632; x_wconf 89' lang='lat' dir='ltr'>eum</span> <span class='ocrx_word' id='word_1_177' title='bbox 788 1593 938 1632; x_wconf 90' lang='lat' dir='ltr'>modum</span> <span class='ocrx_word' id='word_1_178' title='bbox 964 1592 1176 1645; x_wconf 85' lang='lat' dir='ltr'>illuserint,</span> <span class='ocrx_word' id='word_1_179' title='bbox 1223 1594 1273 1634; x_wconf 91' lang='lat' dir='ltr'>ita</span> <span class='ocrx_word' id='word_1_180' title='bbox 1303 1594 1490 1635; x_wconf 86' lang='lat' dir='ltr'>cohortati</span> <span class='ocrx_word' id='word_1_181' title='bbox 1517 1596 1658 1636; x_wconf 88' lang='lat' dir='ltr'>solent.</span> 
     </span>
     <span class='ocr_line' id='line_1_22' title="bbox 139 1658 1659 1716; baseline 0.001 -13"><span class='ocrx_word' id='word_1_182' title='bbox 139 1660 237 1711; x_wconf 86' lang='lat' dir='ltr'>Ubi,</span> <span class='ocrx_word' id='word_1_183' title='bbox 279 1661 476 1716; x_wconf 90' lang='lat' dir='ltr'>inquiunt,</span> <span class='ocrx_word' id='word_1_184' title='bbox 519 1661 563 1700; x_wconf 92' lang='lat' dir='ltr'>ad</span> <span class='ocrx_word' id='word_1_185' title='bbox 593 1658 836 1715; x_wconf 87' lang='lat' dir='ltr'>Principatus</span> <span class='ocrx_word' id='word_1_186' title='bbox 866 1667 904 1700; x_wconf 89' lang='lat' dir='ltr'>et</span> <span class='ocrx_word' id='word_1_187' title='bbox 934 1659 1153 1701; x_wconf 89' lang='lat' dir='ltr'>Potestates</span> <span class='ocrx_word' id='word_1_188' title='bbox 1186 1669 1271 1716; x_wconf 91' lang='lat' dir='ltr'>post</span> <span class='ocrx_word' id='word_1_189' title='bbox 1300 1662 1443 1703; x_wconf 90' lang='lat' dir='ltr'>obitum</span> <span class='ocrx_word' id='word_1_190' title='bbox 1475 1664 1659 1713; x_wconf 83' lang='lat' dir='ltr'>evolariS,</span> 
     </span>
     <span class='ocr_line' id='line_1_23' title="bbox 141 1728 1668 1784; baseline 0 -14"><span class='ocrx_word' id='word_1_191' title='bbox 141 1736 331 1770; x_wconf 86' lang='lat' dir='ltr'>memento</span> <span class='ocrx_word' id='word_1_192' title='bbox 359 1730 450 1770; x_wconf 85' lang='lat' dir='ltr'>hacc</span> <span class='ocrx_word' id='word_1_193' title='bbox 473 1730 523 1769; x_wconf 87' lang='lat' dir='ltr'>uti</span> <span class='ocrx_word' id='word_1_194' title='bbox 550 1728 666 1768; x_wconf 88' lang='lat' dir='ltr'>verba</span> <span class='ocrx_word' id='word_1_195' title='bbox 690 1729 886 1783; x_wconf 78' lang='lat' dir='ltr'>proferas:</span> <span class='ocrx_word' id='word_1_196' title='bbox 920 1730 1124 1781; x_wconf 76' lang='lat' dir='ltr'>Egofiliics</span> <span class='ocrx_word' id='word_1_197' title='bbox 1143 1744 1165 1769; x_wconf 83' lang='grc' dir='ltr'><em>α</em></span> <span class='ocrx_word' id='word_1_198' title='bbox 1187 1733 1316 1778; x_wconf 82' lang='lat' dir='ltr'>Patre,</span> <span class='ocrx_word' id='word_1_199' title='bbox 1351 1739 1388 1769; x_wconf 86' lang='lat' dir='ltr'>et</span> <span class='ocrx_word' id='word_1_200' title='bbox 1407 1746 1447 1770; x_wconf 81' lang='lat' dir='ltr'>eo</span> <span class='ocrx_word' id='word_1_201' title='bbox 1470 1734 1581 1771; x_wconf 80' lang='lat' dir='ltr'>Patre</span> <span class='ocrx_word' id='word_1_202' title='bbox 1601 1735 1668 1784; x_wconf 78' lang='lat' dir='ltr'>qui</span> 
     </span>
     <span class='ocr_line' id='line_1_24' title="bbox 140 1799 1663 1849; baseline 0.001 -12"><span class='ocrx_word' id='word_1_203' title='bbox 140 1806 225 1837; x_wconf 88' lang='lat' dir='ltr'>ante</span> <span class='ocrx_word' id='word_1_204' title='bbox 246 1812 367 1837; x_wconf 76' lang='lat' dir='ltr'>ornnes</span> <span class='ocrx_word' id='word_1_205' title='bbox 388 1800 528 1845; x_wconf 75' lang='lat' dir='ltr'>existit,</span> <span class='ocrx_word' id='word_1_206' title='bbox 562 1812 606 1835; x_wconf 84' lang='lat' dir='ltr'>ac</span> <span class='ocrx_word' id='word_1_207' title='bbox 621 1799 814 1849; x_wconf 79' lang='lat' dir='ltr'>praesenti</span> <span class='ocrx_word' id='word_1_208' title='bbox 832 1805 992 1849; x_wconf 82' lang='lat' dir='ltr'>tempore</span> <span class='ocrx_word' id='word_1_209' title='bbox 1001 1799 1115 1849; x_wconf 78' lang='lat' dir='ltr'>filius</span> <span class='ocrx_word' id='word_1_210' title='bbox 1139 1802 1224 1837; x_wconf 84' lang='lat' dir='ltr'>veni</span> <span class='ocrx_word' id='word_1_211' title='bbox 1247 1807 1287 1837; x_wconf 80' lang='lat' dir='ltr'>nt</span> <span class='ocrx_word' id='word_1_212' title='bbox 1306 1802 1426 1838; x_wconf 77' lang='lat' dir='ltr'>onznia</span> <span class='ocrx_word' id='word_1_213' title='bbox 1450 1807 1521 1839; x_wconf 88' lang='lat' dir='ltr'>tam</span> <span class='ocrx_word' id='word_1_214' title='bbox 1542 1803 1663 1839; x_wconf 70' lang='lat' dir='ltr'>altena</span> 
     </span>
     <span class='ocr_line' id='line_1_25' title="bbox 140 1868 1661 1919; baseline 0.001 -14"><span class='ocrx_word' id='word_1_215' title='bbox 140 1881 246 1919; x_wconf 84' lang='lat' dir='ltr'>quam</span> <span class='ocrx_word' id='word_1_216' title='bbox 267 1869 416 1918; x_wconf 75' lang='lat' dir='ltr'>privata</span> <span class='ocrx_word' id='word_1_217' title='bbox 444 1880 652 1912; x_wconf 84' lang='lat' dir='ltr'>cernerem,</span> <span class='ocrx_word' id='word_1_218' title='bbox 697 1879 762 1904; x_wconf 86' lang='lat' dir='ltr'>nee</span> <span class='ocrx_word' id='word_1_219' title='bbox 789 1868 933 1904; x_wconf 84' lang='lat' dir='ltr'>omnino</span> <span class='ocrx_word' id='word_1_220' title='bbox 959 1873 1076 1905; x_wconf 88' lang='lat' dir='ltr'>tamen</span> <span class='ocrx_word' id='word_1_221' title='bbox 1100 1869 1242 1914; x_wconf 80' lang='lat' dir='ltr'>aliena,</span> <span class='ocrx_word' id='word_1_222' title='bbox 1288 1870 1354 1906; x_wconf 81' lang='lat' dir='ltr'>sed</span> <span class='ocrx_word' id='word_1_223' title='bbox 1380 1871 1430 1906; x_wconf 80' lang='lat' dir='ltr'>acl</span> <span class='ocrx_word' id='word_1_224' title='bbox 1454 1870 1661 1907; x_wconf 76' lang='lat' dir='ltr'>Achamoth</span> 
     </span>
     <span class='ocr_line' id='line_1_26' title="bbox 134 1934 1661 1988; baseline 0.001 -15"><span class='ocrx_word' id='word_1_225' title='bbox 134 1937 384 1987; x_wconf 74' lang='lat' dir='ltr'>pertinentia,</span> <span class='ocrx_word' id='word_1_226' title='bbox 431 1948 524 1986; x_wconf 74' lang='lat' dir='ltr'>quae</span> <span class='ocrx_word' id='word_1_227' title='bbox 553 1948 633 1972; x_wconf 81' lang='lat' dir='ltr'>enm</span> <span class='ocrx_word' id='word_1_228' title='bbox 652 1934 798 1986; x_wconf 81' lang='lat' dir='ltr'>semina</span> <span class='ocrx_word' id='word_1_229' title='bbox 827 1937 898 1981; x_wconf 71' lang='lat' dir='ltr'>stt,</span> <span class='ocrx_word' id='word_1_230' title='bbox 943 1935 1019 1973; x_wconf 74' lang='lat' dir='ltr'>sibi</span> <span class='ocrx_word' id='word_1_231' title='bbox 1037 1937 1109 1973; x_wconf 82' lang='lat' dir='ltr'>ista</span> <span class='ocrx_word' id='word_1_232' title='bbox 1123 1935 1343 1988; x_wconf 78' lang='lat' dir='ltr'>fabricavit.</span> <span class='ocrx_word' id='word_1_233' title='bbox 1409 1938 1523 1987; x_wconf 63' lang='lat' dir='ltr'>Origo</span> <span class='ocrx_word' id='word_1_234' title='bbox 1546 1951 1661 1988; x_wconf 84' lang='lat' dir='ltr'>porro</span> 
     </span>
     <span class='ocr_line' id='line_1_27' title="bbox 140 2003 1662 2055; baseline 0.001 -13"><span class='ocrx_word' id='word_1_235' title='bbox 140 2017 218 2042; x_wconf 81' lang='lat' dir='ltr'>mea</span> <span class='ocrx_word' id='word_1_236' title='bbox 250 2010 306 2041; x_wconf 76' lang='lat' dir='ltr'>est</span> <span class='ocrx_word' id='word_1_237' title='bbox 332 2003 378 2040; x_wconf 89' lang='lat' dir='ltr'>ab</span> <span class='ocrx_word' id='word_1_238' title='bbox 408 2017 448 2040; x_wconf 76' lang='lat' dir='ltr'>eo</span> <span class='ocrx_word' id='word_1_239' title='bbox 471 2005 581 2040; x_wconf 70' lang='lat' dir='ltr'>(lucta</span> <span class='ocrx_word' id='word_1_240' title='bbox 611 2005 777 2053; x_wconf 76' lang='lat' dir='ltr'>quiante</span> <span class='ocrx_word' id='word_1_241' title='bbox 799 2017 920 2041; x_wconf 81' lang='lat' dir='ltr'>omnes</span> <span class='ocrx_word' id='word_1_242' title='bbox 939 2005 1085 2050; x_wconf 71' lang='lat' dir='ltr'>eoez&#39;stit,</span> <span class='ocrx_word' id='word_1_243' title='bbox 1130 2018 1242 2055; x_wconf 78' lang='lat' dir='ltr'>eoque</span> <span class='ocrx_word' id='word_1_244' title='bbox 1265 2018 1414 2042; x_wconf 72' lang='lat' dir='ltr'>rursum</span> <span class='ocrx_word' id='word_1_245' title='bbox 1440 2007 1535 2043; x_wconf 77' lang='lat' dir='ltr'>unde</span> <span class='ocrx_word' id='word_1_246' title='bbox 1558 2012 1662 2043; x_wconf 76' lang='lat' dir='ltr'>ortus</span> 
     </span>
     <span class='ocr_line' id='line_1_28' title="bbox 139 2067 1659 2126; baseline 0.001 -16"><span class='ocrx_word' id='word_1_247' title='bbox 139 2085 218 2110; x_wconf 73' lang='lat' dir='ltr'>snm</span> <span class='ocrx_word' id='word_1_248' title='bbox 241 2073 449 2122; x_wconf 82' lang='lat' dir='ltr'>regredior.</span> <span class='ocrx_word' id='word_1_249' title='bbox 514 2067 623 2122; x_wconf 82' lang='lat' dir='ltr'>Quae</span> <span class='ocrx_word' id='word_1_250' title='bbox 650 2084 734 2109; x_wconf 90' lang='lat' dir='ltr'>cum</span> <span class='ocrx_word' id='word_1_251' title='bbox 757 2069 920 2120; x_wconf 84' lang='lat' dir='ltr'>dixerit,</span> <span class='ocrx_word' id='word_1_252' title='bbox 967 2070 1127 2110; x_wconf 87' lang='lat' dir='ltr'>subinde</span> <span class='ocrx_word' id='word_1_253' title='bbox 1152 2085 1171 2110; x_wconf 92' lang='lat' dir='ltr'>e</span> <span class='ocrx_word' id='word_1_254' title='bbox 1196 2069 1459 2111; x_wconf 76' lang='lat' dir='ltr'>potestatibus</span> <span class='ocrx_word' id='word_1_255' title='bbox 1487 2079 1659 2126; x_wconf 86' lang='lat' dir='ltr'>ereptum</span> 
     </span>
     <span class='ocr_line' id='line_1_29' title="bbox 140 2137 1658 2192; baseline 0.001 -14"><span class='ocrx_word' id='word_1_256' title='bbox 140 2138 185 2178; x_wconf 87' lang='lat' dir='ltr'>ad</span> <span class='ocrx_word' id='word_1_257' title='bbox 209 2138 444 2178; x_wconf 87' lang='lat' dir='ltr'>conditorem</span> <span class='ocrx_word' id='word_1_258' title='bbox 469 2138 627 2191; x_wconf 88' lang='lat' dir='ltr'>eiusque</span> <span class='ocrx_word' id='word_1_259' title='bbox 653 2138 857 2192; x_wconf 87' lang='lat' dir='ltr'>stipatores</span> <span class='ocrx_word' id='word_1_260' title='bbox 883 2138 1053 2192; x_wconf 87' lang='lat' dir='ltr'>adusque</span> <span class='ocrx_word' id='word_1_261' title='bbox 1077 2138 1235 2192; x_wconf 84' lang='lat' dir='ltr'>primam</span> <span class='ocrx_word' id='word_1_262' title='bbox 1264 2137 1485 2192; x_wconf 85' lang='lat' dir='ltr'>Ogdoadem</span> <span class='ocrx_word' id='word_1_263' title='bbox 1512 2140 1658 2179; x_wconf 79' lang='lat' dir='ltr'>efferri.</span> 
     </span>
     <span class='ocr_line' id='line_1_30' title="bbox 141 2205 1661 2260; baseline -0.001 -13"><span class='ocrx_word' id='word_1_264' title='bbox 141 2205 336 2260; x_wconf 90' lang='lat' dir='ltr'>Siquidem</span> <span class='ocrx_word' id='word_1_265' title='bbox 371 2212 456 2260; x_wconf 89' lang='lat' dir='ltr'>post</span> <span class='ocrx_word' id='word_1_266' title='bbox 488 2213 701 2245; x_wconf 85' lang='lat' dir='ltr'>creatorem</span> <span class='ocrx_word' id='word_1_267' title='bbox 736 2206 849 2245; x_wconf 87' lang='lat' dir='ltr'>etiam</span> <span class='ocrx_word' id='word_1_268' title='bbox 880 2207 941 2246; x_wconf 90' lang='lat' dir='ltr'>isti</span> <span class='ocrx_word' id='word_1_269' title='bbox 973 2206 1196 2247; x_wconf 85' lang='lat' dir='ltr'>inferiorem</span> <span class='ocrx_word' id='word_1_270' title='bbox 1227 2221 1315 2247; x_wconf 89' lang='lat' dir='ltr'>esse</span> <span class='ocrx_word' id='word_1_271' title='bbox 1346 2207 1479 2247; x_wconf 85' lang='lat' dir='ltr'>volunt</span> <span class='ocrx_word' id='word_1_272' title='bbox 1505 2206 1661 2247; x_wconf 88' lang='lat' dir='ltr'>Hebdo-</span> 
     </span>
     <span class='ocr_line' id='line_1_31' title="bbox 139 2271 1659 2329; baseline 0.001 -15"><span class='ocrx_word' id='word_1_273' title='bbox 139 2275 310 2324; x_wconf 86' lang='lat' dir='ltr'>madem,</span> <span class='ocrx_word' id='word_1_274' title='bbox 351 2274 548 2329; x_wconf 86' lang='lat' dir='ltr'>ipsumque</span> <span class='ocrx_word' id='word_1_275' title='bbox 581 2273 617 2313; x_wconf 87' lang='lat' dir='ltr'>in</span> <span class='ocrx_word' id='word_1_276' title='bbox 650 2271 879 2327; x_wconf 84' lang='lat' dir='ltr'>Septenario</span> <span class='ocrx_word' id='word_1_277' title='bbox 910 2282 1086 2314; x_wconf 86' lang='lat' dir='ltr'>octavum</span> <span class='ocrx_word' id='word_1_278' title='bbox 1118 2288 1228 2324; x_wconf 88' lang='lat' dir='ltr'>esse,</span> <span class='ocrx_word' id='word_1_279' title='bbox 1273 2275 1339 2314; x_wconf 86' lang='lat' dir='ltr'>sed</span> <span class='ocrx_word' id='word_1_280' title='bbox 1370 2275 1406 2314; x_wconf 93' lang='lat' dir='ltr'>in</span> <span class='ocrx_word' id='word_1_281' title='bbox 1440 2275 1590 2315; x_wconf 80' lang='lat' dir='ltr'>defectu</span> <span class='ocrx_word' id='word_1_282' title='bbox 1622 2282 1659 2315; x_wconf 85' lang='lat' dir='ltr'>et</span> 
     </span>
     <span class='ocr_line' id='line_1_32' title="bbox 139 2340 1660 2397; baseline 0 -15"><span class='ocrx_word' id='word_1_283' title='bbox 139 2342 358 2396; x_wconf 84' lang='lat' dir='ltr'>ignorantia</span> <span class='ocrx_word' id='word_1_284' title='bbox 380 2343 642 2382; x_wconf 87' lang='lat' dir='ltr'>constitutum.</span> <span class='ocrx_word' id='word_1_285' title='bbox 698 2340 833 2382; x_wconf 87' lang='lat' dir='ltr'>lubent</span> <span class='ocrx_word' id='word_1_286' title='bbox 852 2343 970 2396; x_wconf 86' lang='lat' dir='ltr'>igitur</span> <span class='ocrx_word' id='word_1_287' title='bbox 989 2357 1090 2393; x_wconf 87' lang='lat' dir='ltr'>eum,</span> <span class='ocrx_word' id='word_1_288' title='bbox 1120 2344 1181 2397; x_wconf 92' lang='lat' dir='ltr'>qui</span> <span class='ocrx_word' id='word_1_289' title='bbox 1205 2357 1255 2383; x_wconf 78' lang='lat' dir='ltr'>ex</span> <span class='ocrx_word' id='word_1_290' title='bbox 1281 2343 1350 2382; x_wconf 79' lang='lat' dir='ltr'>liac</span> <span class='ocrx_word' id='word_1_291' title='bbox 1371 2343 1448 2382; x_wconf 88' lang='lat' dir='ltr'>vita</span> <span class='ocrx_word' id='word_1_292' title='bbox 1470 2343 1660 2383; x_wconf 85' lang='lat' dir='ltr'>discesse-</span> 
     </span>
     <span class='ocr_line' id='line_1_33' title="bbox 139 2409 1660 2465; baseline -0.001 -14"><span class='ocrx_word' id='word_1_293' title='bbox 139 2410 212 2461; x_wconf 88' lang='lat' dir='ltr'>rit,</span> <span class='ocrx_word' id='word_1_294' title='bbox 247 2417 460 2450; x_wconf 85' lang='lat' dir='ltr'>creatorem</span> <span class='ocrx_word' id='word_1_295' title='bbox 484 2409 643 2464; x_wconf 90' lang='lat' dir='ltr'>eiusque</span> <span class='ocrx_word' id='word_1_296' title='bbox 664 2410 823 2450; x_wconf 85' lang='lat' dir='ltr'>comites</span> <span class='ocrx_word' id='word_1_297' title='bbox 847 2411 945 2450; x_wconf 85' lang='lat' dir='ltr'>hunc</span> <span class='ocrx_word' id='word_1_298' title='bbox 969 2412 1004 2450; x_wconf 92' lang='lat' dir='ltr'>in</span> <span class='ocrx_word' id='word_1_299' title='bbox 1028 2412 1178 2451; x_wconf 88' lang='lat' dir='ltr'>modum</span> <span class='ocrx_word' id='word_1_300' title='bbox 1201 2411 1364 2465; x_wconf 87' lang='lat' dir='ltr'>alloqui:</span> <span class='ocrx_word' id='word_1_301' title='bbox 1401 2415 1472 2450; x_wconf 74' lang='lat' dir='ltr'>Vas</span> <span class='ocrx_word' id='word_1_302' title='bbox 1491 2426 1558 2463; x_wconf 81' lang='lat' dir='ltr'>ego</span> <span class='ocrx_word' id='word_1_303' title='bbox 1581 2427 1660 2450; x_wconf 77' lang='lat' dir='ltr'>snm</span> 
     </span>
     <span class='ocr_line' id='line_1_34' title="bbox 136 2479 1659 2531; baseline 0 -13"><span class='ocrx_word' id='word_1_304' title='bbox 136 2482 338 2531; x_wconf 80' lang='lat' dir='ltr'>pretiosum</span> <span class='ocrx_word' id='word_1_305' title='bbox 363 2482 482 2530; x_wconf 80' lang='lat' dir='ltr'>magis</span> <span class='ocrx_word' id='word_1_306' title='bbox 505 2493 610 2530; x_wconf 80' lang='lat' dir='ltr'>quam</span> <span class='ocrx_word' id='word_1_307' title='bbox 627 2479 772 2531; x_wconf 86' lang='lat' dir='ltr'>semina</span> <span class='ocrx_word' id='word_1_308' title='bbox 794 2481 859 2518; x_wconf 82' lang='lat' dir='ltr'>illa</span> <span class='ocrx_word' id='word_1_309' title='bbox 880 2494 972 2531; x_wconf 81' lang='lat' dir='ltr'>quae</span> <span class='ocrx_word' id='word_1_310' title='bbox 994 2495 1055 2518; x_wconf 84' lang='lat' dir='ltr'>vos</span> <span class='ocrx_word' id='word_1_311' title='bbox 1075 2482 1250 2518; x_wconf 81' lang='lat' dir='ltr'>condidit.</span> <span class='ocrx_word' id='word_1_312' title='bbox 1314 2482 1361 2518; x_wconf 84' lang='lat' dir='ltr'>Si</span> <span class='ocrx_word' id='word_1_313' title='bbox 1377 2482 1536 2518; x_wconf 82' lang='lat' dir='ltr'>radicem</span> <span class='ocrx_word' id='word_1_314' title='bbox 1557 2494 1659 2519; x_wconf 80' lang='lat' dir='ltr'>snam</span> 
     </span>
     <span class='ocr_line' id='line_1_35' title="bbox 141 2550 1661 2599; baseline 0.001 -14"><span class='ocrx_word' id='word_1_315' title='bbox 141 2555 262 2586; x_wconf 82' lang='lat' dir='ltr'>vestra</span> <span class='ocrx_word' id='word_1_316' title='bbox 286 2554 402 2585; x_wconf 84' lang='lat' dir='ltr'>mater</span> <span class='ocrx_word' id='word_1_317' title='bbox 423 2550 595 2597; x_wconf 68' lang='lat' dir='ltr'>ignorat,</span> <span class='ocrx_word' id='word_1_318' title='bbox 629 2561 697 2597; x_wconf 79' lang='lat' dir='ltr'>ego</span> <span class='ocrx_word' id='word_1_319' title='bbox 721 2550 809 2585; x_wconf 81' lang='lat' dir='ltr'>novi</span> <span class='ocrx_word' id='word_1_320' title='bbox 827 2562 881 2586; x_wconf 85' lang='lat' dir='ltr'>me</span> <span class='ocrx_word' id='word_1_321' title='bbox 903 2551 1039 2599; x_wconf 79' lang='lat' dir='ltr'>ipsum,</span> <span class='ocrx_word' id='word_1_322' title='bbox 1075 2556 1112 2586; x_wconf 88' lang='lat' dir='ltr'>et</span> <span class='ocrx_word' id='word_1_323' title='bbox 1133 2550 1227 2586; x_wconf 82' lang='lat' dir='ltr'>unde</span> <span class='ocrx_word' id='word_1_324' title='bbox 1249 2551 1316 2586; x_wconf 78' lang='lat' dir='ltr'>sim</span> <span class='ocrx_word' id='word_1_325' title='bbox 1340 2551 1418 2586; x_wconf 83' lang='lat' dir='ltr'>seio</span> <span class='ocrx_word' id='word_1_326' title='bbox 1431 2578 1441 2595; x_wconf 86' lang='lat'>,</span> <span class='ocrx_word' id='word_1_327' title='bbox 1475 2556 1584 2599; x_wconf 79' lang='lat' dir='ltr'>atque</span> <span class='ocrx_word' id='word_1_328' title='bbox 1605 2551 1661 2587; x_wconf 84' lang='lat' dir='ltr'>in-</span> 
     </span>
     <span class='ocr_line' id='line_1_36' title="bbox 141 2617 1661 2667; baseline 0.001 -14"><span class='ocrx_word' id='word_1_329' title='bbox 141 2622 351 2666; x_wconf 79' lang='lat' dir='ltr'>corruptam</span> <span class='ocrx_word' id='word_1_330' title='bbox 383 2617 607 2666; x_wconf 79' lang='lat' dir='ltr'>Sapientiam</span> <span class='ocrx_word' id='word_1_331' title='bbox 641 2617 789 2662; x_wconf 74' lang='lat' dir='ltr'>invoco,</span> <span class='ocrx_word' id='word_1_332' title='bbox 833 2630 926 2667; x_wconf 81' lang='lat' dir='ltr'>qnae</span> <span class='ocrx_word' id='word_1_333' title='bbox 953 2619 1049 2655; x_wconf 82' lang='lat' dir='ltr'>inest</span> <span class='ocrx_word' id='word_1_334' title='bbox 1078 2620 1115 2655; x_wconf 87' lang='lat' dir='ltr'>in</span> <span class='ocrx_word' id='word_1_335' title='bbox 1147 2619 1256 2654; x_wconf 84' lang='lat' dir='ltr'>Patre</span> <span class='ocrx_word' id='word_1_336' title='bbox 1282 2618 1489 2667; x_wconf 64' lang='lat' dir='ltr'>Matresque</span> <span class='ocrx_word' id='word_1_337' title='bbox 1518 2624 1661 2655; x_wconf 86' lang='lat' dir='ltr'>vestrae</span> 
     </span>
     <span class='ocr_line' id='line_1_37' title="bbox 142 2685 1661 2736; baseline 0 -14"><span class='ocrx_word' id='word_1_338' title='bbox 142 2690 258 2722; x_wconf 86' lang='lat' dir='ltr'>mater</span> <span class='ocrx_word' id='word_1_339' title='bbox 280 2691 356 2731; x_wconf 79' lang='lat' dir='ltr'>est,</span> <span class='ocrx_word' id='word_1_340' title='bbox 401 2686 479 2722; x_wconf 77' lang='lat' dir='ltr'>eins</span> <span class='ocrx_word' id='word_1_341' title='bbox 505 2696 597 2735; x_wconf 83' lang='lat' dir='ltr'>qnae</span> <span class='ocrx_word' id='word_1_342' title='bbox 619 2690 769 2721; x_wconf 86' lang='lat' dir='ltr'>matrem</span> <span class='ocrx_word' id='word_1_343' title='bbox 795 2697 867 2722; x_wconf 79' lang='lat' dir='ltr'>non</span> <span class='ocrx_word' id='word_1_344' title='bbox 893 2685 1021 2730; x_wconf 80' lang='lat' dir='ltr'>habet,</span> <span class='ocrx_word' id='word_1_345' title='bbox 1065 2699 1109 2723; x_wconf 83' lang='lat' dir='ltr'>ae</span> <span class='ocrx_word' id='word_1_346' title='bbox 1135 2700 1180 2723; x_wconf 89' lang='lat' dir='ltr'>ne</span> <span class='ocrx_word' id='word_1_347' title='bbox 1204 2687 1393 2734; x_wconf 76' lang='lat' dir='ltr'>coniugem</span> <span class='ocrx_word' id='word_1_348' title='bbox 1418 2687 1559 2736; x_wconf 73' lang='lat' dir='ltr'>quidem</span> <span class='ocrx_word' id='word_1_349' title='bbox 1586 2698 1661 2723; x_wconf 87' lang='lat' dir='ltr'>ma-</span> 
     </span>
     <span class='ocr_line' id='line_1_38' title="bbox 143 2752 1660 2804; baseline 0.001 -15"><span class='ocrx_word' id='word_1_350' title='bbox 143 2757 255 2798; x_wconf 82' lang='lat' dir='ltr'>trem,</span> <span class='ocrx_word' id='word_1_351' title='bbox 288 2753 354 2790; x_wconf 83' lang='lat' dir='ltr'>sed</span> <span class='ocrx_word' id='word_1_352' title='bbox 371 2767 390 2790; x_wconf 93' lang='lat' dir='ltr'>e</span> <span class='ocrx_word' id='word_1_353' title='bbox 403 2753 548 2804; x_wconf 75' lang='lat' dir='ltr'>semina</span> <span class='ocrx_word' id='word_1_354' title='bbox 571 2752 812 2803; x_wconf 80' lang='lat' dir='ltr'>nalasemz&#39;na</span> <span class='ocrx_word' id='word_1_355' title='bbox 835 2766 897 2791; x_wconf 77' lang='lat' dir='ltr'>vos</span> <span class='ocrx_word' id='word_1_356' title='bbox 912 2755 1116 2804; x_wconf 65' lang='lat' dir='ltr'>produxit,</span> <span class='ocrx_word' id='word_1_357' title='bbox 1151 2755 1280 2790; x_wconf 82' lang='lat' dir='ltr'>matris</span> <span class='ocrx_word' id='word_1_358' title='bbox 1300 2755 1435 2803; x_wconf 77' lang='lat' dir='ltr'>ignara</span> <span class='ocrx_word' id='word_1_359' title='bbox 1459 2766 1570 2799; x_wconf 80' lang='lat' dir='ltr'>snae,</span> <span class='ocrx_word' id='word_1_360' title='bbox 1604 2767 1660 2791; x_wconf 82' lang='lat' dir='ltr'>se-</span> 
     </span>
     <span class='ocr_line' id='line_1_39' title="bbox 143 2817 1660 2872; baseline 0.001 -15"><span class='ocrx_word' id='word_1_361' title='bbox 143 2833 211 2869; x_wconf 79' lang='lat' dir='ltr'>que</span> <span class='ocrx_word' id='word_1_362' title='bbox 228 2834 306 2858; x_wconf 78' lang='lat' dir='ltr'>esse</span> <span class='ocrx_word' id='word_1_363' title='bbox 325 2822 439 2858; x_wconf 78' lang='lat' dir='ltr'>solam</span> <span class='ocrx_word' id='word_1_364' title='bbox 460 2822 687 2858; x_wconf 59' lang='lat' dir='ltr'>existimans.</span> <span class='ocrx_word' id='word_1_365' title='bbox 742 2823 798 2858; x_wconf 88' lang='lat' dir='ltr'>At</span> <span class='ocrx_word' id='word_1_366' title='bbox 814 2834 882 2870; x_wconf 79' lang='lat' dir='ltr'>ego</span> <span class='ocrx_word' id='word_1_367' title='bbox 902 2828 1053 2860; x_wconf 85' lang='lat' dir='ltr'>matrem</span> <span class='ocrx_word' id='word_1_368' title='bbox 1073 2824 1150 2859; x_wconf 78' lang='lat' dir='ltr'>eins</span> <span class='ocrx_word' id='word_1_369' title='bbox 1172 2822 1328 2871; x_wconf 81' lang='lat' dir='ltr'>appello.</span> <span class='ocrx_word' id='word_1_370' title='bbox 1385 2817 1534 2872; x_wconf 84' lang='lat' dir='ltr'>Quibus</span> <span class='ocrx_word' id='word_1_371' title='bbox 1556 2820 1660 2860; x_wconf 90' lang='lat' dir='ltr'>audi-</span> 
     </span>
    </p>
   </div>
   <div class='ocr_carea' id='block_1_4' title="bbox 144 2919 1659 3008">
    <p class='ocr_par' dir='ltr' id='par_1_4' title="bbox 144 2919 1659 3008">
     <span class='ocr_line' id='line_1_40' title="bbox 144 2919 1659 2964; baseline 0.002 -13"><span class='ocrx_word' id='word_1_372' title='bbox 144 2919 352 2962; x_wconf 82' lang='lat' dir='ltr'>Acphranae,</span> <span class='ocrx_word' id='word_1_373' title='bbox 380 2922 521 2959; x_wconf 75' lang='lat' dir='ltr'>Pseuua,</span> <span class='ocrx_word' id='word_1_374' title='bbox 548 2922 617 2951; x_wconf 84' lang='lat' dir='ltr'>tesu</span> <span class='ocrx_word' id='word_1_375' title='bbox 641 2920 788 2953; x_wconf 80' lang='lat' dir='ltr'>Nazaria.</span> <span class='ocrx_word' id='word_1_376' title='bbox 972 2922 1048 2953; x_wconf 63' lang='lat' dir='ltr'>Cn.</span> <span class='ocrx_word' id='word_1_377' title='bbox 1072 2923 1128 2952; x_wconf 86' lang='lat' dir='ltr'>Ill.</span> <span class='ocrx_word' id='word_1_378' title='bbox 1152 2939 1195 2945; x_wconf 89' lang='lat'><strong>—</strong></span> <span class='ocrx_word' id='word_1_379' title='bbox 1222 2921 1248 2953; x_wconf 85' lang='lat' dir='ltr'>l.</span> <span class='ocrx_word' id='word_1_380' title='bbox 1276 2923 1309 2953; x_wconf 88' lang='lat' dir='ltr'>ln</span> <span class='ocrx_word' id='word_1_381' title='bbox 1333 2923 1417 2953; x_wconf 83' lang='lat' dir='ltr'>libris</span> <span class='ocrx_word' id='word_1_382' title='bbox 1440 2925 1523 2953; x_wconf 76' lang='lat' dir='ltr'>extat</span> <span class='ocrx_word' id='word_1_383' title='bbox 1546 2922 1659 2964; x_wconf 68' lang='grc' dir='ltr'>φησὶν.</span> 
     </span>
     <span class='ocr_line' id='line_1_41' title="bbox 185 2964 1460 3008; baseline 0.002 -11"><span class='ocrx_word' id='word_1_384' title='bbox 185 2964 217 2997; x_wconf 78' lang='lat'>3.</span> <span class='ocrx_word' id='word_1_385' title='bbox 242 2967 381 2998; x_wconf 75' lang='lat' dir='ltr'>Rescribe</span> <span class='ocrx_word' id='word_1_386' title='bbox 403 2964 458 3000; x_wconf 73' lang='grc' dir='ltr'>τὸν</span> <span class='ocrx_word' id='word_1_387' title='bbox 481 2964 650 3008; x_wconf 77' lang='grc' dir='ltr'>ἐσώτερον.</span> <span class='ocrx_word' id='word_1_388' title='bbox 970 2970 1000 3000; x_wconf 73' lang='lat'>2.</span> <span class='ocrx_word' id='word_1_389' title='bbox 1026 2964 1152 3000; x_wconf 79' lang='grc' dir='ltr'>Τούτου</span> <span class='ocrx_word' id='word_1_390' title='bbox 1176 2968 1284 2999; x_wconf 83' lang='lat' dir='ltr'>coniec.</span> <span class='ocrx_word' id='word_1_391' title='bbox 1306 2968 1460 2999; x_wconf 74' lang='lat' dir='ltr'>petavius.</span> 
     </span>
    </p>
   </div>
   <div class='ocr_carea' id='block_1_5' title="bbox 1693 1602 1845 1646">
    <p class='ocr_par' dir='ltr' id='par_1_5' title="bbox 1693 1602 1845 1646">
     <span class='ocr_line' id='line_1_42' title="bbox 1693 1602 1845 1646; baseline 0 -12"><span class='ocrx_word' id='word_1_392' title='bbox 1693 1602 1768 1646; x_wconf 87' lang='lat' dir='ltr'>Cap.</span> <span class='ocrx_word' id='word_1_393' title='bbox 1790 1604 1845 1635; x_wconf 83' lang='lat'>111.</span> 
     </span>
    </p>
   </div>
  </div>
 </body>
</html>
