<?xml version="1.0" encoding="UTF-8"?>
<!DOCTYPE html PUBLIC "-//W3C//DTD XHTML 1.0 Transitional//EN"
    "http://www.w3.org/TR/xhtml1/DTD/xhtml1-transitional.dtd">
<html xmlns="http://www.w3.org/1999/xhtml" xml:lang="en" lang="en">
 <head>
  <title>
</title>
<meta http-equiv="Content-Type" content="text/html;charset=utf-8" />
  <meta name='ocr-system' content='tesseract 3.04.00' />
  <meta name='ocr-capabilities' content='ocr_page ocr_carea ocr_par ocr_line ocrx_word'/>
</head>
<body>
  <div class='ocr_page' id='page_1' title='image "./p1corporishaereseo02epipuoft/p1corporishaereseo02epipuoft_0533.png"; bbox 0 0 2034 3267; ppageno 0'>
   <div class='ocr_carea' id='block_1_1' title="bbox 444 137 1647 178">
    <p class='ocr_par' dir='ltr' id='par_1_1' title="bbox 444 137 1647 178">
     <span class='ocr_line' id='line_1_1' title="bbox 444 137 1647 178; baseline 0.007 -9"><span class='ocrx_word' id='word_1_1' title='bbox 444 137 621 172; x_wconf 77' lang='lat' dir='ltr'>PANARu</span> <span class='ocrx_word' id='word_1_2' title='bbox 645 140 770 174; x_wconf 81' lang='lat' dir='ltr'><strong>L13.1.</strong></span> <span class='ocrx_word' id='word_1_3' title='bbox 795 142 900 176; x_wconf 83' lang='lat' dir='ltr'>ToM.</span> <span class='ocrx_word' id='word_1_4' title='bbox 919 143 974 175; x_wconf 85' lang='lat'>111.</span> <span class='ocrx_word' id='word_1_5' title='bbox 997 143 1338 178; x_wconf 75' lang='lat' dir='ltr'>HAER.XXXV111.</span> <span class='ocrx_word' id='word_1_6' title='bbox 1572 139 1647 178; x_wconf 85' lang='lat'>521</span> 
     </span>
    </p>
   </div>
   <div class='ocr_carea' id='block_1_2' title="bbox 124 219 1849 1289">
    <p class='ocr_par' dir='ltr' id='par_1_2' title="bbox 124 219 1651 280">
     <span class='ocr_line' id='line_1_2' title="bbox 124 219 1651 280; baseline 0.007 -25"><span class='ocrx_word' id='word_1_7' title='bbox 124 232 196 270; x_wconf 81' lang='lat' dir='ltr'>per</span> <span class='ocrx_word' id='word_1_8' title='bbox 221 232 323 271; x_wconf 82' lang='lat' dir='ltr'>quem</span> <span class='ocrx_word' id='word_1_9' title='bbox 337 219 451 269; x_wconf 77' lang='lat' dir='ltr'>filius</span> <span class='ocrx_word' id='word_1_10' title='bbox 477 219 632 258; x_wconf 68' lang='lat' dir='ltr'>hominis</span> <span class='ocrx_word' id='word_1_11' title='bbox 661 224 854 260; x_wconf 77' lang='lat' dir='ltr'>tradetur!</span> <span class='ocrx_word' id='word_1_12' title='bbox 906 220 1060 262; x_wconf 82' lang='lat' dir='ltr'><strong>Etenim</strong></span> <span class='ocrx_word' id='word_1_13' title='bbox 1089 221 1199 264; x_wconf 84' lang='lat' dir='ltr'>ludas</span> <span class='ocrx_word' id='word_1_14' title='bbox 1227 224 1320 264; x_wconf 87' lang='lat' dir='ltr'>haec</span> <span class='ocrx_word' id='word_1_15' title='bbox 1347 225 1385 265; x_wconf 94' lang='lat' dir='ltr'>in</span> <span class='ocrx_word' id='word_1_16' title='bbox 1410 238 1452 265; x_wconf 87' lang='lat' dir='ltr'>se</span> <span class='ocrx_word' id='word_1_17' title='bbox 1477 239 1651 280; x_wconf 88' lang='lat' dir='ltr'>compro-</span> 
     </span>
    </p>

    <p class='ocr_par' dir='ltr' id='par_1_3' title="bbox 129 285 1652 347">
     <span class='ocr_line' id='line_1_3' title="bbox 129 285 1652 347; baseline 0.005 -22"><span class='ocrx_word' id='word_1_18' title='bbox 129 285 236 326; x_wconf 82' lang='lat' dir='ltr'>bavit</span> <span class='ocrx_word' id='word_1_19' title='bbox 261 285 408 335; x_wconf 80' lang='lat' dir='ltr'>onmia,</span> <span class='ocrx_word' id='word_1_20' title='bbox 452 291 564 339; x_wconf 87' lang='lat' dir='ltr'>atque</span> <span class='ocrx_word' id='word_1_21' title='bbox 596 295 632 326; x_wconf 92' lang='lat' dir='ltr'>et</span> <span class='ocrx_word' id='word_1_22' title='bbox 657 288 893 329; x_wconf 89' lang='lat' dir='ltr'>laudatorum</span> <span class='ocrx_word' id='word_1_23' title='bbox 919 304 1075 330; x_wconf 87' lang='lat' dir='ltr'>suorum</span> <span class='ocrx_word' id='word_1_24' title='bbox 1107 299 1144 331; x_wconf 86' lang='lat' dir='ltr'>et</span> <span class='ocrx_word' id='word_1_25' title='bbox 1166 300 1354 332; x_wconf 81' lang='lat' dir='ltr'><strong>suammet</strong></span> <span class='ocrx_word' id='word_1_26' title='bbox 1385 293 1465 347; x_wconf 86' lang='lat' dir='ltr'>ipse</span> <span class='ocrx_word' id='word_1_27' title='bbox 1497 293 1652 333; x_wconf 90' lang='lat' dir='ltr'>demen-</span> 
     </span>
    </p>

    <p class='ocr_par' dir='ltr' id='par_1_4' title="bbox 132 352 1651 413">
     <span class='ocr_line' id='line_1_4' title="bbox 132 352 1651 413; baseline 0.007 -22"><span class='ocrx_word' id='word_1_28' title='bbox 132 352 220 393; x_wconf 88' lang='lat' dir='ltr'>tiam</span> <span class='ocrx_word' id='word_1_29' title='bbox 249 353 311 393; x_wconf 89' lang='lat' dir='ltr'>vel</span> <span class='ocrx_word' id='word_1_30' title='bbox 338 353 478 393; x_wconf 89' lang='lat' dir='ltr'>invitus</span> <span class='ocrx_word' id='word_1_31' title='bbox 503 355 683 395; x_wconf 72' lang='lat' dir='ltr'><strong>ostendit.</strong></span> <span class='ocrx_word' id='word_1_32' title='bbox 744 355 844 396; x_wconf 89' lang='lat' dir='ltr'>Nam</span> <span class='ocrx_word' id='word_1_33' title='bbox 875 364 1121 411; x_wconf 73' lang='lat' dir='ltr'>posteaquam</span> <span class='ocrx_word' id='word_1_34' title='bbox 1150 366 1274 398; x_wconf 86' lang='lat' dir='ltr'>tamen</span> <span class='ocrx_word' id='word_1_35' title='bbox 1301 360 1455 413; x_wconf 82' lang='lat' dir='ltr'>triginta</span> <span class='ocrx_word' id='word_1_36' title='bbox 1480 361 1565 402; x_wconf 90' lang='lat' dir='ltr'>illos</span> <span class='ocrx_word' id='word_1_37' title='bbox 1591 375 1651 401; x_wconf 93' lang='lat' dir='ltr'>ar-</span> 
     </span>
    </p>

    <p class='ocr_par' dir='ltr' id='par_1_5' title="bbox 129 421 1651 478">
     <span class='ocr_line' id='line_1_5' title="bbox 129 421 1651 478; baseline 0.007 -19"><span class='ocrx_word' id='word_1_38' title='bbox 129 427 290 474; x_wconf 86' lang='lat' dir='ltr'>genteos</span> <span class='ocrx_word' id='word_1_39' title='bbox 324 421 494 474; x_wconf 87' lang='lat' dir='ltr'>accepit,</span> <span class='ocrx_word' id='word_1_40' title='bbox 539 422 773 476; x_wconf 77' lang='lat' dir='ltr'>poenitentia</span> <span class='ocrx_word' id='word_1_41' title='bbox 805 424 939 464; x_wconf 85' lang='lat' dir='ltr'>ductus</span> <span class='ocrx_word' id='word_1_42' title='bbox 970 426 1168 478; x_wconf 84' lang='lat' dir='ltr'>pecuniam</span> <span class='ocrx_word' id='word_1_43' title='bbox 1200 426 1300 467; x_wconf 88' lang='lat' dir='ltr'>illam</span> <span class='ocrx_word' id='word_1_44' title='bbox 1334 428 1523 478; x_wconf 87' lang='lat' dir='ltr'>restituit,</span> <span class='ocrx_word' id='word_1_45' title='bbox 1570 437 1651 469; x_wconf 90' lang='lat' dir='ltr'>tau-</span> 
     </span>
    </p>

    <p class='ocr_par' dir='ltr' id='par_1_6' title="bbox 129 489 1649 615">
     <span class='ocr_line' id='line_1_6' title="bbox 131 489 1649 548; baseline 0.005 -20"><span class='ocrx_word' id='word_1_46' title='bbox 131 504 241 544; x_wconf 88' lang='lat' dir='ltr'>quam</span> <span class='ocrx_word' id='word_1_47' title='bbox 269 489 358 529; x_wconf 90' lang='lat' dir='ltr'>mali</span> <span class='ocrx_word' id='word_1_48' title='bbox 381 489 518 543; x_wconf 89' lang='lat' dir='ltr'>aliquid</span> <span class='ocrx_word' id='word_1_49' title='bbox 544 497 806 544; x_wconf 67' lang='lat' dir='ltr'><strong>perpetrasset</strong></span> <span class='ocrx_word' id='word_1_50' title='bbox 829 504 912 531; x_wconf 92' lang='lat' dir='ltr'>cum</span> <span class='ocrx_word' id='word_1_51' title='bbox 938 492 1033 542; x_wconf 90' lang='lat' dir='ltr'>sibi,</span> <span class='ocrx_word' id='word_1_52' title='bbox 1068 500 1144 532; x_wconf 92' lang='lat' dir='ltr'>tum</span> <span class='ocrx_word' id='word_1_53' title='bbox 1171 494 1217 534; x_wconf 90' lang='lat' dir='ltr'>iis</span> <span class='ocrx_word' id='word_1_54' title='bbox 1241 495 1302 548; x_wconf 87' lang='lat' dir='ltr'>qui</span> <span class='ocrx_word' id='word_1_55' title='bbox 1328 495 1431 535; x_wconf 87' lang='lat' dir='ltr'>cruci</span> <span class='ocrx_word' id='word_1_56' title='bbox 1455 494 1649 536; x_wconf 79' lang='lat' dir='ltr'>Christum</span> 
     </span>
     <span class='ocr_line' id='line_1_7' title="bbox 129 555 1648 615; baseline 0.003 -17"><span class='ocrx_word' id='word_1_57' title='bbox 129 558 347 598; x_wconf 72' lang='lat' dir='ltr'>affixerunt.</span> <span class='ocrx_word' id='word_1_58' title='bbox 410 555 597 597; x_wconf 82' lang='lat' dir='ltr'>Dominus</span> <span class='ocrx_word' id='word_1_59' title='bbox 621 572 729 608; x_wconf 87' lang='lat' dir='ltr'>ver0,</span> <span class='ocrx_word' id='word_1_60' title='bbox 764 572 832 612; x_wconf 89' lang='lat' dir='ltr'>per</span> <span class='ocrx_word' id='word_1_61' title='bbox 850 572 891 598; x_wconf 88' lang='lat' dir='ltr'>se</span> <span class='ocrx_word' id='word_1_62' title='bbox 915 559 1013 612; x_wconf 87' lang='lat' dir='ltr'>quod</span> <span class='ocrx_word' id='word_1_63' title='bbox 1041 560 1150 600; x_wconf 91' lang='lat' dir='ltr'>nobis</span> <span class='ocrx_word' id='word_1_64' title='bbox 1173 568 1284 615; x_wconf 86' lang='lat' dir='ltr'>atque</span> <span class='ocrx_word' id='word_1_65' title='bbox 1306 562 1489 602; x_wconf 89' lang='lat' dir='ltr'>universo</span> <span class='ocrx_word' id='word_1_66' title='bbox 1511 563 1648 603; x_wconf 91' lang='lat' dir='ltr'>bonum</span> 
     </span>
    </p>

    <p class='ocr_par' dir='ltr' id='par_1_7' title="bbox 129 624 1650 684">
     <span class='ocr_line' id='line_1_8' title="bbox 129 624 1650 684; baseline 0.003 -19"><span class='ocrx_word' id='word_1_67' title='bbox 129 632 211 665; x_wconf 89' lang='lat' dir='ltr'>erat</span> <span class='ocrx_word' id='word_1_68' title='bbox 236 625 426 675; x_wconf 85' lang='lat' dir='ltr'>efficiens,</span> <span class='ocrx_word' id='word_1_69' title='bbox 469 624 635 679; x_wconf 86' lang='lat' dir='ltr'>seipsum</span> <span class='ocrx_word' id='word_1_70' title='bbox 663 625 838 674; x_wconf 79' lang='lat' dir='ltr'>tradidit,</span> <span class='ocrx_word' id='word_1_71' title='bbox 884 633 921 665; x_wconf 89' lang='lat' dir='ltr'>ut</span> <span class='ocrx_word' id='word_1_72' title='bbox 947 627 1060 666; x_wconf 87' lang='lat' dir='ltr'>saluti</span> <span class='ocrx_word' id='word_1_73' title='bbox 1085 628 1260 668; x_wconf 89' lang='lat' dir='ltr'>omnibus</span> <span class='ocrx_word' id='word_1_74' title='bbox 1284 637 1402 669; x_wconf 89' lang='lat' dir='ltr'>esset.</span> <span class='ocrx_word' id='word_1_75' title='bbox 1462 629 1554 670; x_wconf 89' lang='lat' dir='ltr'>Non</span> <span class='ocrx_word' id='word_1_76' title='bbox 1580 631 1650 684; x_wconf 85' lang='lat' dir='ltr'>igi-</span> 
     </span>
    </p>

    <p class='ocr_par' dir='ltr' id='par_1_8' title="bbox 128 690 1648 752">
     <span class='ocr_line' id='line_1_9' title="bbox 128 690 1648 752; baseline 0.004 -21"><span class='ocrx_word' id='word_1_77' title='bbox 128 699 190 732; x_wconf 91' lang='lat' dir='ltr'>tur</span> <span class='ocrx_word' id='word_1_78' title='bbox 211 692 393 747; x_wconf 74' lang='lat' dir='ltr'>proditori</span> <span class='ocrx_word' id='word_1_79' title='bbox 420 690 557 742; x_wconf 82' lang='lat' dir='ltr'>iudae,</span> <span class='ocrx_word' id='word_1_80' title='bbox 601 692 667 731; x_wconf 87' lang='lat' dir='ltr'>sed</span> <span class='ocrx_word' id='word_1_81' title='bbox 692 692 969 746; x_wconf 84' lang='lat' dir='ltr'>benignissimo</span> <span class='ocrx_word' id='word_1_82' title='bbox 993 694 1177 735; x_wconf 71' lang='lat' dir='ltr'>salvatori</span> <span class='ocrx_word' id='word_1_83' title='bbox 1203 696 1347 750; x_wconf 83' lang='lat' dir='ltr'>gratias</span> <span class='ocrx_word' id='word_1_84' title='bbox 1373 697 1542 750; x_wconf 83' lang='lat' dir='ltr'>agimus,</span> <span class='ocrx_word' id='word_1_85' title='bbox 1588 700 1648 752; x_wconf 81' lang='lat' dir='ltr'>qui</span> 
     </span>
    </p>

    <p class='ocr_par' dir='ltr' id='par_1_9' title="bbox 127 759 1646 886">
     <span class='ocr_line' id='line_1_10' title="bbox 127 759 1645 819; baseline 0.003 -19"><span class='ocrx_word' id='word_1_86' title='bbox 127 760 290 800; x_wconf 88' lang='lat' dir='ltr'>animam</span> <span class='ocrx_word' id='word_1_87' title='bbox 316 774 384 814; x_wconf 91' lang='lat' dir='ltr'>pro</span> <span class='ocrx_word' id='word_1_88' title='bbox 408 759 538 809; x_wconf 90' lang='lat' dir='ltr'>nobis,</span> <span class='ocrx_word' id='word_1_89' title='bbox 573 759 710 799; x_wconf 86' lang='lat' dir='ltr'>ovibus</span> <span class='ocrx_word' id='word_1_90' title='bbox 732 759 911 800; x_wconf 87' lang='lat' dir='ltr'>videlicet</span> <span class='ocrx_word' id='word_1_91' title='bbox 934 761 1037 812; x_wconf 84' lang='lat' dir='ltr'>suis,</span> <span class='ocrx_word' id='word_1_92' title='bbox 1071 764 1272 817; x_wconf 77' lang='lat' dir='ltr'>exposuit,</span> <span class='ocrx_word' id='word_1_93' title='bbox 1308 771 1348 804; x_wconf 89' lang='lat' dir='ltr'>ut</span> <span class='ocrx_word' id='word_1_94' title='bbox 1373 772 1410 804; x_wconf 88' lang='lat' dir='ltr'>et</span> <span class='ocrx_word' id='word_1_95' title='bbox 1432 765 1512 819; x_wconf 86' lang='lat' dir='ltr'>ipse</span> <span class='ocrx_word' id='word_1_96' title='bbox 1535 766 1645 806; x_wconf 81' lang='lat' dir='ltr'>dixit.</span> 
     </span>
     <span class='ocr_line' id='line_1_11' title="bbox 128 826 1646 886; baseline 0.004 -19"><span class='ocrx_word' id='word_1_97' title='bbox 128 827 330 882; x_wconf 79' lang='lat' dir='ltr'>Quomodo</span> <span class='ocrx_word' id='word_1_98' title='bbox 360 827 458 867; x_wconf 91' lang='lat' dir='ltr'>enim</span> <span class='ocrx_word' id='word_1_99' title='bbox 490 827 522 866; x_wconf 90' lang='lat' dir='ltr'>is</span> <span class='ocrx_word' id='word_1_100' title='bbox 554 827 614 880; x_wconf 91' lang='lat' dir='ltr'>qui</span> <span class='ocrx_word' id='word_1_101' title='bbox 646 826 735 866; x_wconf 90' lang='lat' dir='ltr'>boni</span> <span class='ocrx_word' id='word_1_102' title='bbox 765 827 902 881; x_wconf 90' lang='lat' dir='ltr'>aliquid</span> <span class='ocrx_word' id='word_1_103' title='bbox 936 829 1060 868; x_wconf 91' lang='lat' dir='ltr'>moliri</span> <span class='ocrx_word' id='word_1_104' title='bbox 1093 843 1134 869; x_wconf 87' lang='lat' dir='ltr'>se</span> <span class='ocrx_word' id='word_1_105' title='bbox 1168 831 1343 871; x_wconf 85' lang='lat' dir='ltr'>crederet</span> <span class='ocrx_word' id='word_1_106' title='bbox 1373 840 1507 886; x_wconf 89' lang='lat' dir='ltr'>postea</span> <span class='ocrx_word' id='word_1_107' title='bbox 1535 834 1646 883; x_wconf 81' lang='lat' dir='ltr'>dixit,</span> 
     </span>
    </p>

    <p class='ocr_par' dir='ltr' id='par_1_10' title="bbox 125 896 1849 1089">
     <span class='ocr_line' id='line_1_12' title="bbox 125 896 1848 952; baseline 0.002 -17"><span class='ocrx_word' id='word_1_108' title='bbox 125 899 291 936; x_wconf 81' lang='lat' dir='ltr'>Poenz&#39;tet</span> <span class='ocrx_word' id='word_1_109' title='bbox 314 911 388 943; x_wconf 86' lang='lat' dir='ltr'>me,</span> <span class='ocrx_word' id='word_1_110' title='bbox 422 898 520 947; x_wconf 73' lang='lat' dir='ltr'>qaod</span> <span class='ocrx_word' id='word_1_111' title='bbox 543 896 757 932; x_wconf 70' lang='lat' dir='ltr'>tradiderim</span> <span class='ocrx_word' id='word_1_112' title='bbox 780 899 996 946; x_wconf 72' lang='lat' dir='ltr'>sanguinem</span> <span class='ocrx_word' id='word_1_113' title='bbox 1020 899 1154 936; x_wconf 70' lang='lat' dir='ltr'>iustum</span> <span class='ocrx_word' id='word_1_114' title='bbox 1168 916 1179 937; x_wconf 91' lang='lat'>.·</span> <span class='ocrx_word' id='word_1_115' title='bbox 1212 907 1248 937; x_wconf 80' lang='lat' dir='ltr'>el</span> <span class='ocrx_word' id='word_1_116' title='bbox 1271 902 1402 938; x_wconf 76' lang='lat' dir='ltr'>retulit</span> <span class='ocrx_word' id='word_1_117' title='bbox 1423 906 1848 952; x_wconf 65' lang='lat' dir='ltr'>argenteosZ&#39;Mauh.27‚4.</span> 
     </span>
     <span class='ocr_line' id='line_1_13' title="bbox 127 962 1849 1020; baseline 0.002 -16"><span class='ocrx_word' id='word_1_118' title='bbox 127 978 195 1019; x_wconf 92' lang='lat' dir='ltr'>pro</span> <span class='ocrx_word' id='word_1_119' title='bbox 218 978 264 1004; x_wconf 86' lang='lat' dir='ltr'>eo</span> <span class='ocrx_word' id='word_1_120' title='bbox 285 977 327 1004; x_wconf 84' lang='lat' dir='ltr'>ac</span> <span class='ocrx_word' id='word_1_121' title='bbox 347 963 552 1018; x_wconf 87' lang='lat' dir='ltr'>prophetae</span> <span class='ocrx_word' id='word_1_122' title='bbox 574 962 619 1001; x_wconf 87' lang='lat' dir='ltr'>de</span> <span class='ocrx_word' id='word_1_123' title='bbox 641 975 687 1001; x_wconf 89' lang='lat' dir='ltr'>eo</span> <span class='ocrx_word' id='word_1_124' title='bbox 706 962 966 1017; x_wconf 83' lang='lat' dir='ltr'>scripserant:</span> <span class='ocrx_word' id='word_1_125' title='bbox 1000 967 1053 1003; x_wconf 82' lang='lat' dir='ltr'>Et</span> <span class='ocrx_word' id='word_1_126' title='bbox 1068 969 1197 1005; x_wconf 71' lang='lat' dir='ltr'>retulit</span> <span class='ocrx_word' id='word_1_127' title='bbox 1217 970 1337 1006; x_wconf 75' lang='lat' dir='ltr'>XXX</span> <span class='ocrx_word' id='word_1_128' title='bbox 1347 976 1544 1019; x_wconf 74' lang='lat' dir='ltr'>argenteos</span> <span class='ocrx_word' id='word_1_129' title='bbox 1559 984 1647 1020; x_wconf 72' lang='lat' dir='ltr'>pre·</span> <span class='ocrx_word' id='word_1_130' title='bbox 1663 980 1849 1015; x_wconf 78' lang='lat' dir='ltr'>Zach.11‚12.</span> 
     </span>
     <span class='ocr_line' id='line_1_14' title="bbox 128 1028 1647 1089; baseline 0.004 -19"><span class='ocrx_word' id='word_1_131' title='bbox 128 1035 214 1070; x_wconf 77' lang='lat' dir='ltr'>tium</span> <span class='ocrx_word' id='word_1_132' title='bbox 238 1033 439 1084; x_wconf 71' lang='lat' dir='ltr'>appretiati</span> <span class='ocrx_word' id='word_1_133' title='bbox 455 1045 477 1069; x_wconf 84' lang='lat' dir='ltr'>a</span> <span class='ocrx_word' id='word_1_134' title='bbox 488 1031 590 1081; x_wconf 71' lang='lat' dir='ltr'>filiis</span> <span class='ocrx_word' id='word_1_135' title='bbox 610 1032 743 1068; x_wconf 78' lang='lat' dir='ltr'>Israel.</span> <span class='ocrx_word' id='word_1_136' title='bbox 798 1028 891 1070; x_wconf 90' lang='lat' dir='ltr'>ltem</span> <span class='ocrx_word' id='word_1_137' title='bbox 916 1033 1011 1086; x_wconf 87' lang='lat' dir='ltr'>apud</span> <span class='ocrx_word' id='word_1_138' title='bbox 1034 1032 1147 1073; x_wconf 89' lang='lat' dir='ltr'>alium</span> <span class='ocrx_word' id='word_1_139' title='bbox 1171 1034 1416 1089; x_wconf 86' lang='lat' dir='ltr'>prophetam:</span> <span class='ocrx_word' id='word_1_140' title='bbox 1450 1038 1498 1075; x_wconf 76' lang='lat' dir='ltr'>Si</span> <span class='ocrx_word' id='word_1_141' title='bbox 1515 1039 1647 1076; x_wconf 70' lang='lat' dir='ltr'>iustam</span> 
     </span>
    </p>

    <p class='ocr_par' dir='ltr' id='par_1_11' title="bbox 125 1100 1645 1224">
     <span class='ocr_line' id='line_1_15' title="bbox 126 1100 1645 1158; baseline 0.005 -20"><span class='ocrx_word' id='word_1_142' title='bbox 126 1108 180 1138; x_wconf 80' lang='lat' dir='ltr'>esc</span> <span class='ocrx_word' id='word_1_143' title='bbox 206 1101 324 1146; x_wconf 69' lang='lat' dir='ltr'>vobis,</span> <span class='ocrx_word' id='word_1_144' title='bbox 359 1101 443 1137; x_wconf 81' lang='lat' dir='ltr'>date</span> <span class='ocrx_word' id='word_1_145' title='bbox 468 1100 666 1136; x_wconf 79' lang='lat' dir='ltr'>mercedem</span> <span class='ocrx_word' id='word_1_146' title='bbox 693 1112 829 1146; x_wconf 81' lang='lat' dir='ltr'>meam,</span> <span class='ocrx_word' id='word_1_147' title='bbox 864 1107 931 1138; x_wconf 78' lang='lat' dir='ltr'>aut</span> <span class='ocrx_word' id='word_1_148' title='bbox 952 1101 1132 1140; x_wconf 69' lang='lat' dir='ltr'>abdicate.</span> <span class='ocrx_word' id='word_1_149' title='bbox 1196 1100 1291 1142; x_wconf 85' lang='lat' dir='ltr'>Item</span> <span class='ocrx_word' id='word_1_150' title='bbox 1317 1102 1415 1143; x_wconf 88' lang='lat' dir='ltr'>alius</span> <span class='ocrx_word' id='word_1_151' title='bbox 1441 1105 1645 1158; x_wconf 83' lang='lat' dir='ltr'>propheta:</span> 
     </span>
     <span class='ocr_line' id='line_1_16' title="bbox 125 1169 1643 1224; baseline 0.003 -17"><span class='ocrx_word' id='word_1_152' title='bbox 125 1170 315 1207; x_wconf 77' lang='lat' dir='ltr'>Dederunt</span> <span class='ocrx_word' id='word_1_153' title='bbox 337 1174 531 1218; x_wconf 78' lang='lat' dir='ltr'>argentum</span> <span class='ocrx_word' id='word_1_154' title='bbox 550 1169 711 1217; x_wconf 67' lang='lat' dir='ltr'>pretium</span> <span class='ocrx_word' id='word_1_155' title='bbox 735 1170 946 1218; x_wconf 69' lang='lat' dir='ltr'>appretiati.</span> <span class='ocrx_word' id='word_1_156' title='bbox 1009 1172 1045 1207; x_wconf 90' lang='lat' dir='ltr'><em>E</em></span> <span class='ocrx_word' id='word_1_157' title='bbox 1046 1177 1060 1207; x_wconf 79' lang='grc' dir='ltr'>ί</span> <span class='ocrx_word' id='word_1_158' title='bbox 1080 1173 1194 1218; x_wconf 49' lang='lat' dir='ltr'>davit,</span> <span class='ocrx_word' id='word_1_159' title='bbox 1229 1173 1338 1210; x_wconf 67' lang='lat' dir='ltr'>Mitte</span> <span class='ocrx_word' id='word_1_160' title='bbox 1358 1173 1643 1224; x_wconf 64' lang='lat' dir='ltr'>e&#39;tgfzmde‘bulam,</span> 
     </span>
    </p>

    <p class='ocr_par' dir='ltr' id='par_1_12' title="bbox 125 1235 1346 1289">
     <span class='ocr_line' id='line_1_17' title="bbox 125 1235 1346 1289; baseline 0.003 -15"><span class='ocrx_word' id='word_1_161' title='bbox 125 1243 163 1274; x_wconf 83' lang='lat' dir='ltr'>et</span> <span class='ocrx_word' id='word_1_162' title='bbox 189 1238 269 1274; x_wconf 75' lang='lat' dir='ltr'>vide</span> <span class='ocrx_word' id='word_1_163' title='bbox 297 1249 343 1273; x_wconf 83' lang='lat' dir='ltr'>an</span> <span class='ocrx_word' id='word_1_164' title='bbox 369 1235 523 1288; x_wconf 77' lang='lat' dir='ltr'>probum</span> <span class='ocrx_word' id='word_1_165' title='bbox 554 1237 624 1281; x_wconf 76' lang='lat' dir='ltr'>sil,</span> <span class='ocrx_word' id='word_1_166' title='bbox 660 1243 703 1273; x_wconf 77' lang='lat' dir='ltr'>ut</span> <span class='ocrx_word' id='word_1_167' title='bbox 723 1236 904 1287; x_wconf 78' lang='lat' dir='ltr'>probatus</span> <span class='ocrx_word' id='word_1_168' title='bbox 933 1251 1011 1275; x_wconf 78' lang='lat' dir='ltr'>sum</span> <span class='ocrx_word' id='word_1_169' title='bbox 1042 1251 1064 1275; x_wconf 84' lang='lat' dir='ltr'>a</span> <span class='ocrx_word' id='word_1_170' title='bbox 1083 1240 1184 1289; x_wconf 71' lang='lat' dir='ltr'>filiis</span> <span class='ocrx_word' id='word_1_171' title='bbox 1214 1241 1346 1278; x_wconf 80' lang='lat' dir='ltr'>Israel.</span> 
     </span>
    </p>
   </div>
   <div class='ocr_carea' id='block_1_3' title="bbox 121 1437 1846 2719">
    <p class='ocr_par' dir='ltr' id='par_1_13' title="bbox 121 1437 1846 2652">
     <span class='ocr_line' id='line_1_18' title="bbox 235 1437 1846 1498; baseline 0.004 -19"><span class='ocrx_word' id='word_1_172' title='bbox 235 1437 361 1492; x_wconf 84' lang='lat' dir='ltr'>Quam</span> <span class='ocrx_word' id='word_1_173' title='bbox 382 1438 499 1478; x_wconf 89' lang='lat' dir='ltr'>multa</span> <span class='ocrx_word' id='word_1_174' title='bbox 522 1452 724 1493; x_wconf 88' lang='lat' dir='ltr'>possumus</span> <span class='ocrx_word' id='word_1_175' title='bbox 748 1452 768 1479; x_wconf 88' lang='lat' dir='ltr'>e</span> <span class='ocrx_word' id='word_1_176' title='bbox 793 1440 994 1494; x_wconf 87' lang='lat' dir='ltr'>scripturis</span> <span class='ocrx_word' id='word_1_177' title='bbox 1017 1441 1137 1481; x_wconf 89' lang='lat' dir='ltr'>sacris</span> <span class='ocrx_word' id='word_1_178' title='bbox 1163 1441 1322 1492; x_wconf 76' lang='lat' dir='ltr'>afferre,</span> <span class='ocrx_word' id='word_1_179' title='bbox 1355 1443 1400 1482; x_wconf 87' lang='lat' dir='ltr'>de</span> <span class='ocrx_word' id='word_1_180' title='bbox 1421 1443 1468 1483; x_wconf 87' lang='lat' dir='ltr'>iis</span> <span class='ocrx_word' id='word_1_181' title='bbox 1489 1458 1584 1498; x_wconf 86' lang='lat' dir='ltr'>quae</span> <span class='ocrx_word' id='word_1_182' title='bbox 1606 1445 1644 1485; x_wconf 88' lang='lat' dir='ltr'>in</span> <span class='ocrx_word' id='word_1_183' title='bbox 1671 1454 1846 1497; x_wconf 76' lang='lat' dir='ltr'>Cap.V111.</span> 
     </span>
     <span class='ocr_line' id='line_1_19' title="bbox 125 1505 1647 1562; baseline 0.003 -14"><span class='ocrx_word' id='word_1_184' title='bbox 125 1505 281 1549; x_wconf 85' lang='lat' dir='ltr'>Christo</span> <span class='ocrx_word' id='word_1_185' title='bbox 306 1506 459 1546; x_wconf 91' lang='lat' dir='ltr'>domiuo</span> <span class='ocrx_word' id='word_1_186' title='bbox 484 1507 654 1561; x_wconf 82' lang='lat' dir='ltr'>perfecta</span> <span class='ocrx_word' id='word_1_187' title='bbox 680 1514 790 1558; x_wconf 87' lang='lat' dir='ltr'>sunt,</span> <span class='ocrx_word' id='word_1_188' title='bbox 837 1522 910 1548; x_wconf 91' lang='lat' dir='ltr'>non</span> <span class='ocrx_word' id='word_1_189' title='bbox 939 1522 984 1548; x_wconf 80' lang='lat' dir='ltr'>ea</span> <span class='ocrx_word' id='word_1_190' title='bbox 1011 1509 1160 1562; x_wconf 86' lang='lat' dir='ltr'>quidem</span> <span class='ocrx_word' id='word_1_191' title='bbox 1184 1510 1229 1549; x_wconf 85' lang='lat' dir='ltr'>ab</span> <span class='ocrx_word' id='word_1_192' title='bbox 1258 1508 1348 1550; x_wconf 87' lang='lat' dir='ltr'>luda</span> <span class='ocrx_word' id='word_1_193' title='bbox 1373 1524 1423 1550; x_wconf 84' lang='lat' dir='ltr'>ex</span> <span class='ocrx_word' id='word_1_194' title='bbox 1447 1512 1522 1551; x_wconf 87' lang='lat' dir='ltr'>ulla</span> <span class='ocrx_word' id='word_1_195' title='bbox 1545 1526 1647 1552; x_wconf 90' lang='lat' dir='ltr'>com-</span> 
     </span>
     <span class='ocr_line' id='line_1_20' title="bbox 123 1574 1647 1631; baseline 0.004 -17"><span class='ocrx_word' id='word_1_196' title='bbox 123 1575 300 1615; x_wconf 89' lang='lat' dir='ltr'>modandi</span> <span class='ocrx_word' id='word_1_197' title='bbox 325 1574 519 1614; x_wconf 82' lang='lat' dir='ltr'>voluntate</span> <span class='ocrx_word' id='word_1_198' title='bbox 543 1575 739 1629; x_wconf 86' lang='lat' dir='ltr'>prosecta,</span> <span class='ocrx_word' id='word_1_199' title='bbox 783 1576 848 1615; x_wconf 88' lang='lat' dir='ltr'>sed</span> <span class='ocrx_word' id='word_1_200' title='bbox 874 1590 924 1616; x_wconf 81' lang='lat' dir='ltr'>ex</span> <span class='ocrx_word' id='word_1_201' title='bbox 950 1590 996 1616; x_wconf 86' lang='lat' dir='ltr'>eo</span> <span class='ocrx_word' id='word_1_202' title='bbox 1021 1576 1220 1627; x_wconf 90' lang='lat' dir='ltr'>nimirum,</span> <span class='ocrx_word' id='word_1_203' title='bbox 1264 1579 1360 1631; x_wconf 87' lang='lat' dir='ltr'>quod</span> <span class='ocrx_word' id='word_1_204' title='bbox 1384 1579 1555 1619; x_wconf 85' lang='lat' dir='ltr'>salvator</span> <span class='ocrx_word' id='word_1_205' title='bbox 1580 1595 1647 1620; x_wconf 91' lang='lat' dir='ltr'>no—</span> 
     </span>
     <span class='ocr_line' id='line_1_21' title="bbox 123 1640 1647 1699; baseline 0.003 -16"><span class='ocrx_word' id='word_1_206' title='bbox 123 1650 204 1683; x_wconf 85' lang='lat' dir='ltr'>ster</span> <span class='ocrx_word' id='word_1_207' title='bbox 234 1657 278 1683; x_wconf 82' lang='lat' dir='ltr'>ae</span> <span class='ocrx_word' id='word_1_208' title='bbox 310 1641 484 1682; x_wconf 91' lang='lat' dir='ltr'>dominus</span> <span class='ocrx_word' id='word_1_209' title='bbox 509 1640 618 1682; x_wconf 86' lang='lat' dir='ltr'>Iesus</span> <span class='ocrx_word' id='word_1_210' title='bbox 644 1640 824 1683; x_wconf 81' lang='lat' dir='ltr'>Christus</span> <span class='ocrx_word' id='word_1_211' title='bbox 855 1644 947 1684; x_wconf 88' lang='lat' dir='ltr'>deus</span> <span class='ocrx_word' id='word_1_212' title='bbox 979 1658 1046 1699; x_wconf 90' lang='lat' dir='ltr'>pro</span> <span class='ocrx_word' id='word_1_213' title='bbox 1072 1645 1181 1685; x_wconf 90' lang='lat' dir='ltr'>nobis</span> <span class='ocrx_word' id='word_1_214' title='bbox 1205 1659 1292 1686; x_wconf 85' lang='lat' dir='ltr'>sese</span> <span class='ocrx_word' id='word_1_215' title='bbox 1317 1661 1392 1686; x_wconf 92' lang='lat' dir='ltr'>non</span> <span class='ocrx_word' id='word_1_216' title='bbox 1418 1649 1647 1688; x_wconf 85' lang='lat' dir='ltr'>necessitate</span> 
     </span>
     <span class='ocr_line' id='line_1_22' title="bbox 123 1710 1647 1765; baseline 0.003 -15"><span class='ocrx_word' id='word_1_217' title='bbox 123 1711 359 1765; x_wconf 81' lang='lat' dir='ltr'>compulsus,</span> <span class='ocrx_word' id='word_1_218' title='bbox 393 1710 459 1749; x_wconf 91' lang='lat' dir='ltr'>sed</span> <span class='ocrx_word' id='word_1_219' title='bbox 484 1718 619 1765; x_wconf 86' lang='lat' dir='ltr'>sponte</span> <span class='ocrx_word' id='word_1_220' title='bbox 642 1724 726 1761; x_wconf 85' lang='lat' dir='ltr'>sua⁷</span> <span class='ocrx_word' id='word_1_221' title='bbox 762 1711 913 1751; x_wconf 84' lang='lat' dir='ltr'>tradidit</span> <span class='ocrx_word' id='word_1_222' title='bbox 934 1719 972 1752; x_wconf 87' lang='lat' dir='ltr'>et</span> <span class='ocrx_word' id='word_1_223' title='bbox 991 1713 1315 1753; x_wconf 74' lang='lat' dir='ltr'>administrandae</span> <span class='ocrx_word' id='word_1_224' title='bbox 1336 1715 1470 1755; x_wconf 86' lang='lat' dir='ltr'>salutis</span> <span class='ocrx_word' id='word_1_225' title='bbox 1492 1723 1647 1755; x_wconf 83' lang='lat' dir='ltr'>nostrae</span> 
     </span>
     <span class='ocr_line' id='line_1_23' title="bbox 124 1777 1646 1835; baseline 0.003 -17"><span class='ocrx_word' id='word_1_226' title='bbox 124 1792 259 1818; x_wconf 81' lang='lat' dir='ltr'>caussa</span> <span class='ocrx_word' id='word_1_227' title='bbox 283 1791 435 1818; x_wconf 84' lang='lat' dir='ltr'>crucem</span> <span class='ocrx_word' id='word_1_228' title='bbox 460 1777 589 1818; x_wconf 90' lang='lat' dir='ltr'>subiit.</span> <span class='ocrx_word' id='word_1_229' title='bbox 632 1777 715 1832; x_wconf 82' lang='lat' dir='ltr'>Ego</span> <span class='ocrx_word' id='word_1_230' title='bbox 740 1792 833 1819; x_wconf 85' lang='lat' dir='ltr'>vcro</span> <span class='ocrx_word' id='word_1_231' title='bbox 858 1794 932 1819; x_wconf 91' lang='lat' dir='ltr'>non</span> <span class='ocrx_word' id='word_1_232' title='bbox 959 1781 1095 1833; x_wconf 84' lang='lat' dir='ltr'>ignoro</span> <span class='ocrx_word' id='word_1_233' title='bbox 1118 1795 1227 1835; x_wconf 91' lang='lat' dir='ltr'>quam</span> <span class='ocrx_word' id='word_1_234' title='bbox 1252 1782 1440 1823; x_wconf 82' lang='lat' dir='ltr'>infinitum</span> <span class='ocrx_word' id='word_1_235' title='bbox 1466 1784 1515 1822; x_wconf 91' lang='lat' dir='ltr'>sit</span> <span class='ocrx_word' id='word_1_236' title='bbox 1539 1784 1646 1823; x_wconf 87' lang='lat' dir='ltr'>testi-</span> 
     </span>
     <span class='ocr_line' id='line_1_24' title="bbox 123 1845 1642 1905; baseline 0.003 -19"><span class='ocrx_word' id='word_1_237' title='bbox 123 1846 252 1887; x_wconf 89' lang='lat' dir='ltr'>monia</span> <span class='ocrx_word' id='word_1_238' title='bbox 284 1845 411 1886; x_wconf 88' lang='lat' dir='ltr'>omnia</span> <span class='ocrx_word' id='word_1_239' title='bbox 443 1846 636 1900; x_wconf 86' lang='lat' dir='ltr'>persequi.</span> <span class='ocrx_word' id='word_1_240' title='bbox 700 1845 816 1886; x_wconf 84' lang='lat' dir='ltr'>Velut</span> <span class='ocrx_word' id='word_1_241' title='bbox 844 1847 941 1901; x_wconf 90' lang='lat' dir='ltr'>quod</span> <span class='ocrx_word' id='word_1_242' title='bbox 969 1848 1013 1888; x_wconf 89' lang='lat' dir='ltr'>ab</span> <span class='ocrx_word' id='word_1_243' title='bbox 1043 1849 1118 1889; x_wconf 86' lang='lat' dir='ltr'>alio</span> <span class='ocrx_word' id='word_1_244' title='bbox 1144 1850 1327 1903; x_wconf 88' lang='lat' dir='ltr'>propheta</span> <span class='ocrx_word' id='word_1_245' title='bbox 1354 1850 1535 1905; x_wconf 89' lang='lat' dir='ltr'>scriptum</span> <span class='ocrx_word' id='word_1_246' title='bbox 1564 1859 1642 1891; x_wconf 83' lang='lat' dir='ltr'>est:</span> 
     </span>
     <span class='ocr_line' id='line_1_25' title="bbox 123 1915 1771 1969; baseline 0.004 -15"><span class='ocrx_word' id='word_1_247' title='bbox 123 1917 209 1955; x_wconf 70' lang='lat' dir='ltr'>Fiat</span> <span class='ocrx_word' id='word_1_248' title='bbox 239 1915 417 1953; x_wconf 74' lang='lat' dir='ltr'>habitatio</span> <span class='ocrx_word' id='word_1_249' title='bbox 446 1917 524 1952; x_wconf 76' lang='lat' dir='ltr'>eius</span> <span class='ocrx_word' id='word_1_250' title='bbox 554 1917 720 1962; x_wconf 78' lang='lat' dir='ltr'>deserta,</span> <span class='ocrx_word' id='word_1_251' title='bbox 765 1923 802 1954; x_wconf 88' lang='lat' dir='ltr'>et</span> <span class='ocrx_word' id='word_1_252' title='bbox 830 1919 1074 1967; x_wconf 72' lang='lat' dir='ltr'>episcopatum</span> <span class='ocrx_word' id='word_1_253' title='bbox 1105 1920 1183 1956; x_wconf 79' lang='lat' dir='ltr'>eius</span> <span class='ocrx_word' id='word_1_254' title='bbox 1213 1921 1373 1969; x_wconf 73' lang='lat' dir='ltr'>accipiat</span> <span class='ocrx_word' id='word_1_255' title='bbox 1399 1921 1508 1957; x_wconf 80' lang='lat' dir='ltr'>alter.</span> <span class='ocrx_word' id='word_1_256' title='bbox 1573 1921 1771 1969; x_wconf 71' lang='lat' dir='ltr'>Que&#39;t’salm.</span> 
     </span>
     <span class='ocr_line' id='line_1_26' title="bbox 122 1969 1827 2041; baseline 0.005 -20"><span class='ocrx_word' id='word_1_257' title='bbox 122 1997 319 2034; x_wconf 79' lang='lat' dir='ltr'>suspensus</span> <span class='ocrx_word' id='word_1_258' title='bbox 343 1985 489 2034; x_wconf 75' lang='lat' dir='ltr'>crepuit</span> <span class='ocrx_word' id='word_1_259' title='bbox 504 1985 655 2029; x_wconf 71' lang='lat' dir='ltr'>medias,</span> <span class='ocrx_word' id='word_1_260' title='bbox 691 1984 828 2037; x_wconf 59' lang='lat' dir='ltr'>dg’ffusa</span> <span class='ocrx_word' id='word_1_261' title='bbox 849 1992 940 2022; x_wconf 78' lang='lat' dir='ltr'>sunt</span> <span class='ocrx_word' id='word_1_262' title='bbox 957 1988 1076 2023; x_wconf 71' lang='lat' dir='ltr'>omnia</span> <span class='ocrx_word' id='word_1_263' title='bbox 1095 1988 1236 2024; x_wconf 76' lang='lat' dir='ltr'>viscera</span> <span class='ocrx_word' id='word_1_264' title='bbox 1256 1989 1347 2024; x_wconf 75' lang='lat' dir='ltr'>eius.</span> <span class='ocrx_word' id='word_1_265' title='bbox 1411 1987 1471 2026; x_wconf 84' lang='lat' dir='ltr'>Ac</span> <span class='ocrx_word' id='word_1_266' title='bbox 1495 1994 1641 2041; x_wconf 80' lang='lat' dir='ltr'>postre-</span> <span class='ocrx_word' id='word_1_267' title='bbox 1662 1969 1722 2030; x_wconf 40' lang='lat'>,2⁰31</span> <span class='ocrx_word' id='word_1_268' title='bbox 1738 1970 1767 2037; x_wconf 56' lang='lat' dir='ltr'>li}</span> <span class='ocrx_word' id='word_1_269' title='bbox 1786 2003 1827 2030; x_wconf 84' lang='lat'>2⁰.</span> 
     </span>
     <span class='ocr_line' id='line_1_27' title="bbox 123 2050 1644 2105; baseline 0.003 -16"><span class='ocrx_word' id='word_1_270' title='bbox 123 2064 184 2090; x_wconf 92' lang='lat' dir='ltr'>mo</span> <span class='ocrx_word' id='word_1_271' title='bbox 207 2050 341 2104; x_wconf 86' lang='lat' dir='ltr'>laqueo</span> <span class='ocrx_word' id='word_1_272' title='bbox 365 2050 490 2104; x_wconf 86' lang='lat' dir='ltr'>gulam</span> <span class='ocrx_word' id='word_1_273' title='bbox 516 2051 693 2104; x_wconf 83' lang='lat' dir='ltr'>frangens</span> <span class='ocrx_word' id='word_1_274' title='bbox 721 2050 808 2104; x_wconf 90' lang='lat' dir='ltr'>quid</span> <span class='ocrx_word' id='word_1_275' title='bbox 836 2051 979 2105; x_wconf 84' lang='lat' dir='ltr'>egisset</span> <span class='ocrx_word' id='word_1_276' title='bbox 999 2053 1187 2103; x_wconf 85' lang='lat' dir='ltr'>ostendit,</span> <span class='ocrx_word' id='word_1_277' title='bbox 1222 2068 1306 2094; x_wconf 90' lang='lat' dir='ltr'>cum</span> <span class='ocrx_word' id='word_1_278' title='bbox 1330 2054 1430 2093; x_wconf 91' lang='lat' dir='ltr'>omni</span> <span class='ocrx_word' id='word_1_279' title='bbox 1455 2068 1497 2094; x_wconf 90' lang='lat' dir='ltr'>se</span> <span class='ocrx_word' id='word_1_280' title='bbox 1520 2055 1644 2095; x_wconf 87' lang='lat' dir='ltr'>salute</span> 
     </span>
     <span class='ocr_line' id='line_1_28' title="bbox 122 2118 1643 2177; baseline 0.003 -20"><span class='ocrx_word' id='word_1_281' title='bbox 122 2118 340 2173; x_wconf 85' lang='lat' dir='ltr'>spoliasset,</span> <span class='ocrx_word' id='word_1_282' title='bbox 375 2132 420 2158; x_wconf 91' lang='lat' dir='ltr'>eo</span> <span class='ocrx_word' id='word_1_283' title='bbox 444 2118 527 2171; x_wconf 89' lang='lat' dir='ltr'>ipso</span> <span class='ocrx_word' id='word_1_284' title='bbox 549 2119 646 2172; x_wconf 91' lang='lat' dir='ltr'>quod</span> <span class='ocrx_word' id='word_1_285' title='bbox 668 2118 714 2158; x_wconf 89' lang='lat' dir='ltr'>ob</span> <span class='ocrx_word' id='word_1_286' title='bbox 738 2119 899 2158; x_wconf 89' lang='lat' dir='ltr'>subitam</span> <span class='ocrx_word' id='word_1_287' title='bbox 921 2119 1022 2160; x_wconf 91' lang='lat' dir='ltr'>illam</span> <span class='ocrx_word' id='word_1_288' title='bbox 1043 2134 1087 2161; x_wconf 90' lang='lat' dir='ltr'>ac</span> <span class='ocrx_word' id='word_1_289' title='bbox 1105 2128 1251 2161; x_wconf 88' lang='lat' dir='ltr'>temere</span> <span class='ocrx_word' id='word_1_290' title='bbox 1274 2129 1488 2177; x_wconf 80' lang='lat' dir='ltr'>susceptam</span> <span class='ocrx_word' id='word_1_291' title='bbox 1511 2129 1643 2162; x_wconf 88' lang='lat' dir='ltr'>contra</span> 
     </span>
     <span class='ocr_line' id='line_1_29' title="bbox 122 2185 1643 2243; baseline 0.002 -17"><span class='ocrx_word' id='word_1_292' title='bbox 122 2185 314 2226; x_wconf 88' lang='lat' dir='ltr'>dominum</span> <span class='ocrx_word' id='word_1_293' title='bbox 339 2186 534 2241; x_wconf 81' lang='lat' dir='ltr'>perfidiam</span> <span class='ocrx_word' id='word_1_294' title='bbox 555 2186 600 2225; x_wconf 90' lang='lat' dir='ltr'>ab</span> <span class='ocrx_word' id='word_1_295' title='bbox 623 2186 862 2226; x_wconf 88' lang='lat' dir='ltr'>aeternitatis</span> <span class='ocrx_word' id='word_1_296' title='bbox 881 2201 948 2242; x_wconf 89' lang='lat' dir='ltr'>spe</span> <span class='ocrx_word' id='word_1_297' title='bbox 970 2188 1007 2228; x_wconf 91' lang='lat' dir='ltr'>in</span> <span class='ocrx_word' id='word_1_298' title='bbox 1028 2189 1145 2230; x_wconf 89' lang='lat' dir='ltr'>divini</span> <span class='ocrx_word' id='word_1_299' title='bbox 1167 2189 1330 2229; x_wconf 88' lang='lat' dir='ltr'>numinis</span> <span class='ocrx_word' id='word_1_300' title='bbox 1349 2189 1643 2243; x_wconf 80' lang='lat' dir='ltr'>abnegationem</span> 
     </span>
     <span class='ocr_line' id='line_1_30' title="bbox 121 2252 1641 2308; baseline 0.004 -15"><span class='ocrx_word' id='word_1_301' title='bbox 121 2253 335 2294; x_wconf 83' lang='lat' dir='ltr'>incidisset.</span> <span class='ocrx_word' id='word_1_302' title='bbox 397 2252 509 2295; x_wconf 89' lang='lat' dir='ltr'>Unde</span> <span class='ocrx_word' id='word_1_303' title='bbox 540 2261 579 2294; x_wconf 92' lang='lat' dir='ltr'>et</span> <span class='ocrx_word' id='word_1_304' title='bbox 604 2254 764 2308; x_wconf 85' lang='lat' dir='ltr'>apostoli</span> <span class='ocrx_word' id='word_1_305' title='bbox 791 2255 872 2295; x_wconf 88' lang='lat' dir='ltr'>eius</span> <span class='ocrx_word' id='word_1_306' title='bbox 903 2256 987 2296; x_wconf 88' lang='lat' dir='ltr'>loco</span> <span class='ocrx_word' id='word_1_307' title='bbox 1011 2254 1211 2297; x_wconf 86' lang='lat' dir='ltr'>Matthiam</span> <span class='ocrx_word' id='word_1_308' title='bbox 1245 2258 1282 2296; x_wconf 92' lang='lat' dir='ltr'>in</span> <span class='ocrx_word' id='word_1_309' title='bbox 1309 2271 1507 2298; x_wconf 88' lang='lat' dir='ltr'>numerum</span> <span class='ocrx_word' id='word_1_310' title='bbox 1533 2273 1641 2299; x_wconf 91' lang='lat' dir='ltr'>suum</span> 
     </span>
     <span class='ocr_line' id='line_1_31' title="bbox 122 2321 1826 2376; baseline 0.002 -15"><span class='ocrx_word' id='word_1_311' title='bbox 122 2322 357 2376; x_wconf 86' lang='lat' dir='ltr'>allegerunt,</span> <span class='ocrx_word' id='word_1_312' title='bbox 392 2321 585 2372; x_wconf 83' lang='lat' dir='ltr'>dicentes,</span> <span class='ocrx_word' id='word_1_313' title='bbox 618 2325 681 2360; x_wconf 72' lang='lat' dir='ltr'>Eoe</span> <span class='ocrx_word' id='word_1_314' title='bbox 700 2337 770 2374; x_wconf 79' lang='lat' dir='ltr'>qno</span> <span class='ocrx_word' id='word_1_315' title='bbox 792 2326 903 2362; x_wconf 80' lang='lat' dir='ltr'>Iudas</span> <span class='ocrx_word' id='word_1_316' title='bbox 918 2328 1200 2376; x_wconf 72' lang='lat' dir='ltr'>praevaricatus</span> <span class='ocrx_word' id='word_1_317' title='bbox 1221 2333 1297 2372; x_wconf 75' lang='lat' dir='ltr'>est,</span> <span class='ocrx_word' id='word_1_318' title='bbox 1331 2333 1372 2364; x_wconf 79' lang='lat' dir='ltr'>ut</span> <span class='ocrx_word' id='word_1_319' title='bbox 1390 2327 1512 2365; x_wconf 71' lang='lat' dir='ltr'>abiret</span> <span class='ocrx_word' id='word_1_320' title='bbox 1531 2330 1568 2366; x_wconf 78' lang='lat' dir='ltr'>in</span> <span class='ocrx_word' id='word_1_321' title='bbox 1590 2330 1643 2367; x_wconf 92' lang='lat' dir='ltr'>lo-</span> <span class='ocrx_word' id='word_1_322' title='bbox 1663 2339 1722 2365; x_wconf 69' lang='lat' dir='ltr'>Act.</span> <span class='ocrx_word' id='word_1_323' title='bbox 1742 2338 1766 2373; x_wconf 91' lang='lat'>1,</span> <span class='ocrx_word' id='word_1_324' title='bbox 1784 2338 1826 2365; x_wconf 85' lang='lat'>²5.</span> 
     </span>
     <span class='ocr_line' id='line_1_32' title="bbox 121 2389 1643 2446; baseline 0.005 -18"><span class='ocrx_word' id='word_1_325' title='bbox 121 2404 202 2429; x_wconf 82' lang='lat' dir='ltr'>eum</span> <span class='ocrx_word' id='word_1_326' title='bbox 225 2405 342 2429; x_wconf 77' lang='lat' dir='ltr'>suum.</span> <span class='ocrx_word' id='word_1_327' title='bbox 408 2389 624 2444; x_wconf 83' lang='lat' dir='ltr'>Quemnam</span> <span class='ocrx_word' id='word_1_328' title='bbox 652 2390 837 2441; x_wconf 86' lang='lat' dir='ltr'>obsecro,</span> <span class='ocrx_word' id='word_1_329' title='bbox 883 2391 955 2432; x_wconf 89' lang='lat' dir='ltr'>nisi</span> <span class='ocrx_word' id='word_1_330' title='bbox 981 2406 1092 2446; x_wconf 90' lang='lat' dir='ltr'>quem</span> <span class='ocrx_word' id='word_1_331' title='bbox 1119 2393 1290 2433; x_wconf 85' lang='lat' dir='ltr'>salvator</span> <span class='ocrx_word' id='word_1_332' title='bbox 1315 2393 1436 2433; x_wconf 87' lang='lat' dir='ltr'>eidem</span> <span class='ocrx_word' id='word_1_333' title='bbox 1464 2395 1643 2435; x_wconf 83' lang='lat' dir='ltr'>ostende—</span> 
     </span>
     <span class='ocr_line' id='line_1_33' title="bbox 121 2457 1642 2516; baseline 0.003 -19"><span class='ocrx_word' id='word_1_334' title='bbox 121 2465 205 2508; x_wconf 88' lang='lat' dir='ltr'>rat,</span> <span class='ocrx_word' id='word_1_335' title='bbox 239 2472 324 2498; x_wconf 90' lang='lat' dir='ltr'>cum</span> <span class='ocrx_word' id='word_1_336' title='bbox 345 2472 430 2498; x_wconf 90' lang='lat' dir='ltr'>eum</span> <span class='ocrx_word' id='word_1_337' title='bbox 452 2457 677 2512; x_wconf 89' lang='lat' dir='ltr'>perditionis</span> <span class='ocrx_word' id='word_1_338' title='bbox 704 2458 818 2498; x_wconf 85' lang='lat' dir='ltr'>lilium</span> <span class='ocrx_word' id='word_1_339' title='bbox 840 2460 1068 2514; x_wconf 84' lang='lat' dir='ltr'>appellavit?</span> <span class='ocrx_word' id='word_1_340' title='bbox 1126 2459 1200 2500; x_wconf 88' lang='lat' dir='ltr'>Hic</span> <span class='ocrx_word' id='word_1_341' title='bbox 1224 2461 1323 2500; x_wconf 91' lang='lat' dir='ltr'>enim</span> <span class='ocrx_word' id='word_1_342' title='bbox 1347 2461 1397 2501; x_wconf 89' lang='lat' dir='ltr'>illi</span> <span class='ocrx_word' id='word_1_343' title='bbox 1419 2462 1642 2516; x_wconf 87' lang='lat' dir='ltr'>perditionis</span> 
     </span>
     <span class='ocr_line' id='line_1_34' title="bbox 121 2525 1641 2582; baseline 0.003 -17"><span class='ocrx_word' id='word_1_344' title='bbox 121 2525 326 2566; x_wconf 87' lang='lat' dir='ltr'>attributus</span> <span class='ocrx_word' id='word_1_345' title='bbox 349 2532 408 2565; x_wconf 91' lang='lat' dir='ltr'>est</span> <span class='ocrx_word' id='word_1_346' title='bbox 429 2526 557 2566; x_wconf 84' lang='lat' dir='ltr'>locus:</span> <span class='ocrx_word' id='word_1_347' title='bbox 591 2525 629 2565; x_wconf 91' lang='lat' dir='ltr'>in</span> <span class='ocrx_word' id='word_1_348' title='bbox 652 2540 725 2580; x_wconf 92' lang='lat' dir='ltr'>quo</span> <span class='ocrx_word' id='word_1_349' title='bbox 746 2526 864 2581; x_wconf 89' lang='lat' dir='ltr'>partis</span> <span class='ocrx_word' id='word_1_350' title='bbox 884 2527 969 2568; x_wconf 89' lang='lat' dir='ltr'>loco</span> <span class='ocrx_word' id='word_1_351' title='bbox 993 2535 1136 2582; x_wconf 87' lang='lat' dir='ltr'>partem</span> <span class='ocrx_word' id='word_1_352' title='bbox 1160 2528 1335 2579; x_wconf 88' lang='lat' dir='ltr'>alteram,</span> <span class='ocrx_word' id='word_1_353' title='bbox 1371 2529 1440 2569; x_wconf 87' lang='lat' dir='ltr'>hoc</span> <span class='ocrx_word' id='word_1_354' title='bbox 1462 2537 1520 2570; x_wconf 88' lang='lat' dir='ltr'>est</span> <span class='ocrx_word' id='word_1_355' title='bbox 1540 2531 1641 2571; x_wconf 85' lang='lat' dir='ltr'>illam</span> 
     </span>
     <span class='ocr_line' id='line_1_35' title="bbox 121 2593 1280 2652; baseline 0.003 -19"><span class='ocrx_word' id='word_1_356' title='bbox 121 2607 190 2647; x_wconf 91' lang='lat' dir='ltr'>pro</span> <span class='ocrx_word' id='word_1_357' title='bbox 220 2593 432 2648; x_wconf 91' lang='lat' dir='ltr'>apostolico</span> <span class='ocrx_word' id='word_1_358' title='bbox 464 2594 686 2648; x_wconf 87' lang='lat' dir='ltr'>episcopatu</span> <span class='ocrx_word' id='word_1_359' title='bbox 716 2594 825 2634; x_wconf 88' lang='lat' dir='ltr'>exitii</span> <span class='ocrx_word' id='word_1_360' title='bbox 855 2596 984 2636; x_wconf 87' lang='lat' dir='ltr'>sedem</span> <span class='ocrx_word' id='word_1_361' title='bbox 1016 2597 1175 2652; x_wconf 88' lang='lat' dir='ltr'>adeptus</span> <span class='ocrx_word' id='word_1_362' title='bbox 1207 2604 1280 2636; x_wconf 89' lang='lat' dir='ltr'>est.</span> 
     </span>
    </p>

    <p class='ocr_par' dir='ltr' id='par_1_14' title="bbox 233 2660 1640 2719">
     <span class='ocr_line' id='line_1_36' title="bbox 233 2660 1640 2719; baseline 0.003 -17"><span class='ocrx_word' id='word_1_363' title='bbox 233 2660 294 2702; x_wconf 92' lang='lat' dir='ltr'>De</span> <span class='ocrx_word' id='word_1_364' title='bbox 316 2676 390 2716; x_wconf 91' lang='lat' dir='ltr'>quo</span> <span class='ocrx_word' id='word_1_365' title='bbox 412 2676 497 2702; x_wconf 89' lang='lat' dir='ltr'>cum</span> <span class='ocrx_word' id='word_1_366' title='bbox 522 2661 616 2702; x_wconf 88' lang='lat' dir='ltr'>satis</span> <span class='ocrx_word' id='word_1_367' title='bbox 638 2675 851 2716; x_wconf 88' lang='lat' dir='ltr'>superque,</span> <span class='ocrx_word' id='word_1_368' title='bbox 884 2671 1064 2718; x_wconf 88' lang='lat' dir='ltr'>quantum</span> <span class='ocrx_word' id='word_1_369' title='bbox 1089 2665 1245 2719; x_wconf 89' lang='lat' dir='ltr'>opinor,</span> <span class='ocrx_word' id='word_1_370' title='bbox 1280 2664 1463 2705; x_wconf 82' lang='lat' dir='ltr'>hactenus</span> <span class='ocrx_word' id='word_1_371' title='bbox 1485 2679 1506 2706; x_wconf 86' lang='lat' dir='ltr'>a</span> <span class='ocrx_word' id='word_1_372' title='bbox 1529 2666 1640 2707; x_wconf 91' lang='lat' dir='ltr'>nobis</span> 
     </span>
    </p>
   </div>
   <div class='ocr_carea' id='block_1_4' title="bbox 121 2727 1640 2784">
    <p class='ocr_par' dir='ltr' id='par_1_15' title="bbox 121 2727 1640 2784">
     <span class='ocr_line' id='line_1_37' title="bbox 121 2727 1640 2784; baseline 0.005 -17"><span class='ocrx_word' id='word_1_373' title='bbox 121 2727 352 2784; x_wconf 84' lang='lat' dir='ltr'>disputatum</span> <span class='ocrx_word' id='word_1_374' title='bbox 376 2730 447 2780; x_wconf 88' lang='lat' dir='ltr'>sit,</span> <span class='ocrx_word' id='word_1_375' title='bbox 492 2730 538 2769; x_wconf 87' lang='lat' dir='ltr'>ad</span> <span class='ocrx_word' id='word_1_376' title='bbox 565 2729 677 2770; x_wconf 88' lang='lat' dir='ltr'>aliam</span> <span class='ocrx_word' id='word_1_377' title='bbox 702 2729 892 2771; x_wconf 86' lang='lat' dir='ltr'>haeresim</span> <span class='ocrx_word' id='word_1_378' title='bbox 917 2738 1180 2783; x_wconf 86' lang='lat' dir='ltr'>transeamus,</span> <span class='ocrx_word' id='word_1_379' title='bbox 1220 2746 1264 2772; x_wconf 88' lang='lat' dir='ltr'>ac</span> <span class='ocrx_word' id='word_1_380' title='bbox 1287 2739 1480 2784; x_wconf 89' lang='lat' dir='ltr'>tortuosa,</span> <span class='ocrx_word' id='word_1_381' title='bbox 1522 2747 1640 2775; x_wconf 89' lang='lat' dir='ltr'>venc-</span> 
     </span>
    </p>
   </div>
   <div class='ocr_carea' id='block_1_5' title="bbox 119 2849 1640 2988">
    <p class='ocr_par' dir='ltr' id='par_1_16' title="bbox 119 2849 1640 2988">
     <span class='ocr_line' id='line_1_38' title="bbox 120 2849 1640 2897; baseline 0.004 -12"><span class='ocrx_word' id='word_1_382' title='bbox 120 2849 224 2895; x_wconf 75' lang='grc' dir='ltr'>ριιιὶδη</span> <span class='ocrx_word' id='word_1_383' title='bbox 259 2852 450 2896; x_wconf 82' lang='grc' dir='ltr'>διδάγματα</span> <span class='ocrx_word' id='word_1_384' title='bbox 483 2853 540 2887; x_wconf 69' lang='grc' dir='ltr'>καὶ</span> <span class='ocrx_word' id='word_1_385' title='bbox 574 2850 687 2897; x_wconf 72' lang='grc' dir='ltr'>ἰοβόλα</span> <span class='ocrx_word' id='word_1_386' title='bbox 715 2855 784 2885; x_wconf 79' lang='lat' dir='ltr'>edic.</span> <span class='ocrx_word' id='word_1_387' title='bbox 804 2856 860 2887; x_wconf 81' lang='lat' dir='ltr'>Pe-</span> <span class='ocrx_word' id='word_1_388' title='bbox 907 2868 944 2888; x_wconf 82' lang='lat' dir='ltr'>ex</span> <span class='ocrx_word' id='word_1_389' title='bbox 979 2857 1117 2889; x_wconf 80' lang='lat' dir='ltr'>conficta</span> <span class='ocrx_word' id='word_1_390' title='bbox 1151 2856 1311 2889; x_wconf 81' lang='lat' dir='ltr'>diabolica</span> <span class='ocrx_word' id='word_1_391' title='bbox 1345 2857 1486 2890; x_wconf 80' lang='lat' dir='ltr'>versutia</span> <span class='ocrx_word' id='word_1_392' title='bbox 1519 2858 1640 2891; x_wconf 85' lang='lat' dir='ltr'>mundo</span> 
     </span>
     <span class='ocr_line' id='line_1_39' title="bbox 119 2898 1513 2946; baseline 0.006 -18"><span class='ocrx_word' id='word_1_393' title='bbox 119 2900 181 2929; x_wconf 74' lang='lat' dir='ltr'><strong><em>lav.</em></strong></span> <span class='ocrx_word' id='word_1_394' title='bbox 231 2900 398 2931; x_wconf 80' lang='lat' dir='ltr'>Cornarius</span> <span class='ocrx_word' id='word_1_395' title='bbox 416 2902 523 2931; x_wconf 73' lang='lat' dir='ltr'>vertit:</span> <span class='ocrx_word' id='word_1_396' title='bbox 548 2898 677 2942; x_wconf 78' lang='lat' dir='ltr'>obliqua</span> <span class='ocrx_word' id='word_1_397' title='bbox 701 2906 734 2930; x_wconf 87' lang='lat' dir='ltr'>et</span> <span class='ocrx_word' id='word_1_398' title='bbox 755 2910 856 2931; x_wconf 83' lang='lat' dir='ltr'>vene·</span> <span class='ocrx_word' id='word_1_399' title='bbox 905 2902 1121 2945; x_wconf 87' lang='lat' dir='ltr'>corruptionis</span> <span class='ocrx_word' id='word_1_400' title='bbox 1145 2902 1250 2946; x_wconf 83' lang='lat' dir='ltr'>gratia</span> <span class='ocrx_word' id='word_1_401' title='bbox 1272 2902 1405 2935; x_wconf 85' lang='lat' dir='ltr'>immissi</span> <span class='ocrx_word' id='word_1_402' title='bbox 1428 2910 1513 2935; x_wconf 83' lang='lat' dir='ltr'>sunt.</span> 
     </span>
     <span class='ocr_line' id='line_1_40' title="bbox 119 2942 858 2988; baseline 0.004 -14"><span class='ocrx_word' id='word_1_403' title='bbox 119 2948 195 2976; x_wconf 78' lang='lat' dir='ltr'>nata</span> <span class='ocrx_word' id='word_1_404' title='bbox 228 2942 384 2986; x_wconf 81' lang='lat' dir='ltr'>dogmata</span> <span class='ocrx_word' id='word_1_405' title='bbox 416 2944 617 2983; x_wconf 85' lang='lat' dir='ltr'>revelantes,</span> <span class='ocrx_word' id='word_1_406' title='bbox 659 2955 769 2976; x_wconf 81' lang='lat' dir='ltr'>eorum</span> <span class='ocrx_word' id='word_1_407' title='bbox 804 2945 858 2988; x_wconf 90' lang='lat' dir='ltr'>qui</span> 
     </span>
    </p>
   </div>
  </div>
 </body>
</html>
