2034 3267
163 1277 250 1319 Κεφ.
274 1276 315 1321 γ’.

187 1339 254 1367 pag.
276 1333 316 1360 17.

332 183 382 220 54
886 191 1044 222 SANCTl
1071 191 1287 223 ΕΡΙΡΗΑΝΠ

332 265 501 323 Συνῳδά
523 267 564 308 δὲ
584 265 736 313 τούτοις
755 263 867 305 πάλιν
893 265 932 305 έν
957 265 1070 321 ἑτέρῳ
1092 265 1199 322 τόπῳ
1218 267 1314 320 λέγει
1336 267 1479 320 οὕτως,
1518 270 1740 323 Ὀφειλέτης
1766 271 1844 322 εἰμὶ

319 331 476 386 ’Ἕλλησί
504 350 542 374 τε
571 333 635 374 καὶ
662 329 892 385 βαρβάροις·
932 336 1071 382 σοφοῖς
1090 348 1128 373 τε
1149 333 1214 374 καὶ
1236 331 1436 386 άνοήτοις,
1475 339 1539 378 ’ἴνα
1563 341 1667 395 δείξῃ
1694 337 1845 388 σοφούς

332 400 401 452 μὲν
426 399 516 448 τούς
537 398 766 448 Ἰουδαίους,
806 395 996 451 άνοήτους
1025 399 1066 440 δὲ
1093 399 1184 449 τοῦς
1201 399 1388 451 Σκύθας,
1429 404 1514 453 καὶ,
1557 407 1696 457 φησὶν,
1738 404 1844 456 ὄφει-

331 468 438 519 λέτης
460 468 547 518 εἰμι’.
602 463 814 506 Ἐντεῦθεν
842 464 884 507 τὸ
913 470 991 507 πᾶν
1017 467 1127 521 γένος
1153 473 1222 510 τοῦ
1251 466 1399 523 Ἰσραὴλ
1421 466 1599 512 Ἰουδαῖοι
1624 474 1842 522 ἐκαλοῦντο,

335 532 412 574 <ind
432 532 570 587 χρόνου
594 537 665 573 τοῦ
686 534 835 586 Δαβὶδ,
865 535 930 574 καὶ
951 533 1148 588 διήρκεσεν
1168 535 1381 588 ἐπωνύμως
1407 536 1675 589 2καλούμενον
1693 537 1846 593 Ἰσραη-

334 604 445 640 λιτῶν
472 615 510 640 τε
537 601 603 642 καὶ
629 598 824 642 Ἰουδαίων
853 602 939 653 ἕχον
967 601 1037 655 τὴν
1064 604 1260 655 ἐπίκλησιν
1288 601 1331 644 τό
1361 607 1440 644 πᾶν
1462 603 1572 656 γένος
1596 609 1664 645 τοῦ
1685 604 1846 659 Ἰσραὴλ,

336 664 413 707 άπὸ
434 671 510 709 τῶν
528 666 677 723 χρόνων
695 672 763 709 τοῦ
785 669 914 720 Δαβὶδ
936 670 1003 710 καὶ
1024 673 1092 711 τοῦ
1115 671 1204 711 υἱοῦ
1230 668 1352 711 αὐτοῦ
1374 674 1649 722 Σολομῶντος,
1688 674 1753 713 καὶ
1777 677 1847 714 τοῦ

337 735 427 775 υἱοῦ
445 739 717 788 Σολομῶντος,
747 736 848 788 φημὶ
869 735 910 777 δὲ
929 740 1001 777 τοῦ
1018 734 1182 790 Ῥοβοάμ
1199 742 1269 779 τοῦ
1287 736 1380 790 μετά
1400 736 1465 778 τόν
1488 742 1722 789 Σολομῶντα
1741 742 1847 791 βασι-

336 800 539 851 λεύσαντος
559 803 600 844 έν
621 800 876 855 Ἰερουσαλήμ.
921 802 1009 845 Ἵνα
1033 804 1075 846 δὲ
1097 802 1147 858 μὴ
1172 806 1213 846 έν
1237 806 1435 862 παρεξόδῳ
1452 805 1635 859 γένωμαι,
1666 805 1847 859 παρερχό-

339 885 453 923 μενος
474 869 522 911 τᾶ
542 868 639 912 κατά
660 868 730 922 τὴν
753 874 829 911 τῶν
847 868 1046 913 Ἰουδαίων
1066 874 1300 926 θρησκείαν,
1330 873 1395 913 καὶ
1417 870 1468 924 μὴ
1491 870 1850 925 ύποσημαινόμενος

338 941 407 990 τῆς
426 935 507 978 κατ’
527 935 672 985 αὐτούς
693 936 808 990 δόξης
825 937 896 991 τὴν
916 937 1128 990 ὑπόθεσιν,
1168 937 1275 994 ὄλίγα
1296 937 1374 981 άπὸ
1397 944 1474 980 τῶν
1494 944 1644 980 πολλῶν
1668 938 1850 994 παραθή-

338 1018 463 1057 σομαι.
524 1009 631 1046 Πᾶσι
657 1004 728 1060 γάρ
760 1003 812 1053 ὥς
839 1007 962 1047 εἰπεῖν
985 1005 1236 1061 φανερώτατα
1259 1004 1421 1060 ’ὑπάρχει
1450 1005 1496 1047 τά
1525 1005 1621 1047 κατά
1647 1005 1737 1054 τούς
1755 1005 1848 1047 Ἰου-

339 1073 482 1120 δαίους.
541 1071 615 1114 Διό
640 1071 687 1113 ού
705 1071 810 1114 πάνυ
825 1072 1003 1126 κάματον
1021 1072 1252 1126 ἀναδέξομαι
1272 1075 1360 1127 περὶ
1378 1072 1518 1126 ταύτης
1540 1079 1607 1126 τῆς
1625 1072 1850 1122 ύποθέσεως

339 1140 437 1179 κατά
455 1138 497 1180 τὸ
517 1138 746 1181 λεπτότατον
765 1140 1045 1195 διηγήσασθαι,
1075 1139 1150 1182 ἀλλ’
1168 1137 1221 1183 ὧν
1240 1137 1288 1195 ἦν
1307 1140 1519 1196 οἷναγκαῖον
1537 1139 1642 1195 ὀλίγα
1663 1139 1738 1182 άπό
1760 1146 1849 1182 πολ-

340 1210 416 1247 λῶν
445 1207 616 1248 ἐνταῦθα
645 1209 906 1262 παραθέσθαι.

449 1271 637 1316 Ἰουδαῖοι
664 1277 795 1316 τοίνυν
824 1278 863 1317 οἵ
891 1275 968 1316 nimi
1001 1281 1068 1317 τοῦ
1101 1273 1281 1329 Ἀβραάμ
1313 1273 1411 1316 κατά
1445 1274 1628 1328 διαδοχήν
1657 1273 1849 1328 ὑπάρχον·

342 1356 422 1389 τες,
470 1342 535 1382 καὶ
573 1341 643 1394 τὴν
680 1341 800 1383 αὐτοῦ
837 1344 1064 1395 θεοσέβειαν
1102 1342 1385 1395 διαδεξάμενοι,
1433 1341 1641 1397 περιτομὴν
1678 1343 1746 1395 μὲν
1781 1348 1851 1383 τοῦ

341 1406 521 1462 ’Ἀβραάμ
549 1410 721 1461 ἔχουσιν,
761 1409 810 1462 ἣν
837 1409 934 1450 κατὰ
965 1409 1171 1464 πρόςταξιν
1199 1415 1297 1451 θεοῦ
1327 1412 1479 1462 εἴληφεν
1511 1409 1759 1463 ἐνενηκοστὸν
1793 1412 1849 1451 ἔν-

342 1492 460 1516 νατον
497 1477 581 1523 ἔτος
617 1475 816 1531 κατάγων,
855 1475 904 1518 δι’
935 1478 1059 1518 αἰτίαν
1095 1476 1145 1529 ’ἢν
1181 1476 1260 1518 ἅνω
1300 1483 1504 1530 προεῖπον,
1543 1479 1596 1526 εἰς
1630 1476 1672 1519 τὸ
1711 1476 1851 1518 τούτου

342 1543 492 1596 σπέρμα
511 1541 700 1597 πάροικον
721 1543 926 1598 γενόμενον
949 1546 990 1586 ἐν
1011 1549 1058 1602 τῇ
1080 1542 1254 1601 ἀλλοτρίᾳ
1275 1543 1327 1598 μὴ
1351 1542 1643 1599 οἷποστραφῆναι
1664 1543 1705 1585 τὸ
1731 1543 1852 1597 ὄνομα

343 1615 412 1651 τοῦ
431 1615 551 1660 θεοῦ,
593 1612 656 1651 ἐπὶ
681 1610 857 1664 σώματος
883 1612 924 1653 δὲ
954 1616 967 1640 ¹
983 1615 1176 1666 σφραγῖδα
1196 1613 1347 1665 φέρειν,
1385 1610 1636 1664 ὑπομνήσεως
1655 1610 1763 1664 χάριν
1786 1613 1853 1652 καὶ

344 1679 516 1732 ἐλέγχου,
557 1680 610 1726 εἰς
637 1677 680 1719 τό
703 1680 873 1731 ἐμμένειν
895 1684 941 1736 τῇ
961 1683 1031 1721 τοῦ
1052 1678 1197 1733 πατρὸς
1221 1677 1347 1720 αὐτῶν
1367 1682 1576 1735 θεοσεβείᾳ.
1632 1677 1674 1719 Ὁ
1699 1680 1739 1720 δὲ
1761 1685 1854 1727 παῖς

343 1744 485 1786 τούτου
505 1743 638 1787 Ἰσαάκ
658 1744 895 1801 ὀκταήμερος
913 1747 1186 1800 περιτέμνεται,
1216 1745 1268 1796 ὦς
1286 1746 1328 1788 τό
1349 1751 1416 1788 τοῦ
1434 1751 1532 1788 θεοῦ
1554 1744 1625 1799 εἶχε
1645 1748 1850 1798 θέσπισμα.

346 1813 426 1852 Καὶ
449 1810 689 1868 ὦμολόγηται
710 1814 778 1866 μὲν
801 1813 861 1855 ὅτι
883 1816 925 1856 ἐκ
947 1813 1236 1868 προςτάγματος
1254 1820 1353 1856 θεοῦ
1376 1811 1403 1867 ἦ
1418 1812 1601 1868 περιτομή
1624 1813 1707 1855 τότε
1727 1812 1851 1867 ύπῆρ-

346 1896 396 1933 χε.
461 1879 579 1937 Τύπῳ
609 1881 650 1922 δὲ
678 1876 726 1933 ἦν
751 1880 847 1933 αῦτη
871 1882 1141 1935 διατεταγμένη
1163 1881 1266 1934 τότε,
1308 1881 1359 1930 ὥς
1379 1879 1475 1923 κατά
1498 1879 1736 1922 ἀκολουθίαν
1758 1899 1850 1936 προ-

346 1949 543 2000 βαίνοντες
565 1947 724 2002 ῦστερον
749 1950 836 2001 περὶ
858 1948 996 1990 τούτου
1017 1951 1196 2001 δείξομεν.
1254 1949 1470 2003 Διήρκεσαν
1488 1951 1616 1990 τοίνυν
1634 1948 1852 2002 περιτεμνό-

347 2031 452 2068 μενοι
478 2017 545 2056 καὶ
570 2018 772 2072 θεοσεβείᾳ
793 2017 1086 2071 προςανέχοντες
1114 2019 1154 2057 οῖ
1178 2015 1288 2059 αὐτοὶ
1311 2022 1378 2059 τοῦ
1401 2015 1580 2070 Ἀβραάμ
1605 2015 1701 2057 κατά
1723 2019 1851 2058 διαδο-

345 2081 416 2135 χὴν
437 2085 589 2133 παῖδες,
621 2081 685 2124 ἄπ’
709 2081 850 2134 αὐτοῦ,
881 2084 1003 2135 φημὶ,
1034 2085 1098 2124 καὶ
1122 2087 1310 2137 καθεξῆς,
1349 2082 1500 2134 Ἰσαάκ,
1535 2082 1698 2136 Ἰακώβ,
1728 2086 1792 2125 καὶ
1817 2087 1857 2126 οἱ

345 2148 485 2190 τούτου
506 2152 662 2200 παῖδες,
692 2152 735 2192 ἕν
758 2167 796 2191 τε
815 2156 862 2208 τῇ
887 2153 1112 2191 Χανανίτιδι
1134 2156 1202 2208 γῇ,
1230 2150 1406 2209 Ἰουδαία
1425 2152 1491 2193 καὶ
1515 2154 1730 2207 Φιλιστιαίᾳ
1750 2151 1853 2194 οὕτω

345 2219 532 2273 κληθείσῃ
561 2216 666 2270 τότε,
704 2217 750 2259 τά
777 2223 848 2259 νῦν
878 2218 918 2259 δὲ
944 2222 1177 2276 Παλαιστίνῃ
1199 2221 1434 2276 καλουμένῃ,
1469 2217 1559 2260 άλλοὶ
1582 2220 1647 2259 καὶ
1671 2220 1711 2259 ἐν
1733 2218 1851 2273 Αἰγύ-

346 2301 441 2340 πτῳ.
499 2283 644 2338 Ἰακώβ
669 2284 740 2340 γάρ
764 2283 786 2328 ὁ
807 2286 873 2326 καὶ
894 2283 1048 2339 Ἰσραὴλ
1070 2285 1237 2328 κάτεισιν
1265 2286 1345 2339 ἅμα
1368 2292 1449 2334 τοῖς
1470 2287 1602 2327 ἕνδεκα
1626 2283 1747 2326 αὐτοῦ
1766 2303 1852 2327 παι-

347 2353 408 2392 σὶν
428 2353 480 2400 εἰς
499 2355 724 2407 Αἴγυπτον,
754 2355 839 2401 ἔτος
859 2352 1038 2407 κατάγων
1057 2353 1258 2395 ἑκατοστόν
1278 2353 1500 2407 τριακοστόν
1517 2359 1584 2406 τῆς
1605 2350 1726 2394 αὐτοῦ
1745 2358 1853 2406 ζωῆς.

346 2418 494 2473 Ἰωσὴφ
517 2421 557 2461 δὲ
578 2419 600 2461 ὁ
618 2422 744 2475 ἕτερος
766 2419 886 2462 αὐτοῦ
908 2419 994 2467 υίὸς
1019 2419 1093 2472 ἤδη
1117 2422 1156 2461 έν
1178 2421 1365 2479 Αἰγύπτῳ
1388 2425 1607 2476 προϋπῆρχε
1628 2419 1853 2472 βασιλεύων,

344 2488 515 2541 πραθεὶς
534 2486 610 2529 find
629 2493 705 2529 τῶν
727 2487 903 2540 άδελφῶν
925 2485 1044 2528 αὑτοῦ
1064 2487 1128 2529 διά
1150 2489 1316 2540 φθόνον.
1373 2487 1418 2529 Ἡ
1437 2488 1476 2529 δὲ
1497 2492 1564 2529 τοῦ
1584 2491 1682 2527 θεοῦ
1707 2489 1853 2528 οἰκονο-

349 2558 415 2607 μία
450 2554 496 2596 τά
530 2554 663 2610 άγαθοὶ
695 2561 931 2610 συνεργοῦσα
964 2559 1016 2611 τῷ
1048 2557 1183 2612 δικαίῳ
1216 2558 1268 2604 εἰς
1303 2554 1537 2610 θαυμασμόν
1568 2553 1752 2608 μετήγαγε
1786 2554 1856 2607 τήν

351 2621 483 2663 2κατοὶ
505 2627 575 2664 τοῦ
596 2621 745 2675 Ἰωσὴφ
770 2621 989 2676 ἐπιβουλήν.
1049 2622 1207 2664 Κάτεισι
1229 2627 1380 2674 τοίνυν,
1422 2622 1473 2671 ὦς
1491 2627 1695 2677 προεῖπον,
1735 2619 1757 2662 ὁ
1779 2619 1855 2661 Ἰα-

348 2688 432 2741 κώβ
455 2691 519 2730 καὶ
543 2692 583 2731 οἱ
604 2688 668 2730 ἀπ’
693 2689 813 2731 αὐτοῦ
832 2691 931 2740 υἱοὶ,
962 2691 1027 2731 καὶ
1050 2697 1229 2745 γυναῖκες
1248 2693 1313 2732 καὶ
1335 2693 1503 2745 ἔκγονοι,
1534 2691 1574 2731 έν
1595 2687 1857 2743 ἑβδομήκοντα

350 2758 460 2797 πέντε
486 2763 630 2809 ψυχαῖς
654 2756 956 2812 άριθμηθέντες,
997 2759 1050 2806 εἰς
1075 2760 1295 2812 Αἴγυπτον,
1339 2757 1391 2807 ὥς
1414 2758 1574 2812 περιέχει
1595 2754 1621 2808 ἦ
1644 2754 1776 2810 πρώτη
1801 2758 1855 2807 βί-

351 2827 441 2877 βλος
479 2829 547 2876 τῆς
576 2823 674 2865 κατά
704 2826 881 2866 Μωϋσέα
912 2824 1196 2877 Πεντατεύχου,
1238 2831 1374 2878 σαφῶς
1400 2828 1565 2878 δηλοῦσα
1596 2824 1683 2876 περὶ
1714 2822 1858 2864 τούτων

395 2915 425 2947 2.
452 2917 547 2955 Vulyo
571 2913 779 2957 καλούμενος.

398 2960 474 2991 CAP.
496 2961 553 2990 ΙΙΙ.
578 2978 620 2983 -
648 2961 673 2992 l.
700 2963 745 2992 ΙΙα
769 2971 869 2992 omnes
889 2963 976 2999 libri,
1001 2971 1060 2992 uon
1085 2964 1259 3003 σφραγῖδα.

396 3006 427 3037 2.
451 3007 498 3037 lta
520 3007 644 3037 correxi.
696 3007 789 3046 Vul90
812 3002 884 3038 κατ’
908 3001 1019 3038 αὐτοῦ.
