2034 3267
158 396 245 439 Κεφ.
271 394 307 429 ε’.

162 1272 249 1315 Κεφ.
271 1270 306 1310 ς’.

167 1759 233 1787 pag.
254 1751 312 1778 114.

329 179 409 217 222
886 177 1044 209 SANCT1
1071 177 1292 208 EPIPHANn

329 265 422 302 εἰσιν
461 262 501 301 οἵ
531 256 636 311 παρά
667 259 720 311 τῷ
753 252 898 309 Παύλῳ
928 252 1120 306 εἰρημένοι
1151 250 1482 305 ψευδαπόστολοι,
1526 253 1681 310 ἐργάται
1711 253 1844 304 δόλιοι,

328 323 739 381 μετασχηματιζόμενοι
769 323 822 369 εἰς
852 318 1093 366 ἀποστόλους
1125 322 1307 373 Χριστοῦ.

444 396 626 444 Χρῶνται
644 388 716 444 γάρ
737 393 789 446 τῷ
809 386 907 429 κατά
930 392 1149 427 Ματθαῖον
1169 383 1370 441 εὐαγγελίῳ
1391 383 1466 427 ἀπὸ
1489 389 1647 442 μέρους,
1677 389 1741 430 καὶ
1763 386 1847 441 οὗχὶ

327 461 423 517 ὅλῳ,
465 457 555 499 ἀλλά
587 457 651 498 διά
678 455 748 509 τήν
773 457 1016 510 γενεαλογίαν
1038 452 1109 506 τήν
1134 454 1338 506 ἒνσαρκον,
1377 453 1444 493 καὶ
1467 454 1609 507 ταύτην
1635 459 1848 511 μαρτυρίαν

328 529 491 581 φέρουσι
513 523 589 566 ἀπὸ
611 529 680 565 τοῦ
702 522 942 578 εὐαγγελίου,
974 520 1089 562 πάλιν
1106 521 1276 575 λέγοντες
1299 519 1379 570 ὅτι,
1408 517 1586 574 Ἀρκετὸν
1605 528 1656 579 τῷ
1675 528 1846 580 μαθητῇ,

326 597 392 635 ἵνα
413 594 568 648 γένηται
590 590 642 640 ὦς
665 589 687 633 ὁ
710 589 950 637 διδάσκαλος.
1016 591 1060 629 Τί
1083 583 1172 638 οῦνς
1211 588 1328 639 φασὶ,
1362 586 1612 642 Περιετμήθη
1643 587 1664 630 ὅ
1683 589 1846 643 Ἰησοῦς,

335 667 348 690 1
365 659 624 713 περιτμήθητι
641 660 708 700 καὶ
727 656 855 705 αὐτός.
917 654 1087 710 Χριστός
1106 654 1204 696 κατά
1223 654 1365 707 νόμον,
1397 656 1538 706 φασὶν,
1569 656 1846 709 ἐπολιτεύσατο,

327 730 393 770 καὶ
418 727 537 776 αὐτὸς
555 726 601 768 τά
624 729 687 767 ἰ’σα
709 729 884 778 ποίησον.
930 723 1060 765 “Ὀθεν
1079 726 1144 764 καί
1164 739 1262 771 τινες
1288 724 1329 763 ἐκ
1352 721 1519 773 τούτων,
1561 720 1614 771 ὥς
1636 720 1713 763 ὑπὸ
1736 727 1846 778 δηλη-

327 798 471 849 τηρίων
488 793 832 849 ὖφαρπαχθέντες,
863 795 1068 833 πείθονται
1089 796 1172 839 ταῖς
1191 793 1488 845 πιθανολογίαις
1511 788 1576 832 διά
1595 788 1639 831 τό
1663 789 1731 831 τόν
1755 796 1847 846 Χρι-

328 862 418 904 στόν
439 867 753 917 περιτετμῆσθαι.
818 859 893 901 Τόν
916 859 956 900 δὲ
984 863 1143 900 Παῦλον
1164 855 1368 908 ἀθετοῦσι,
1409 857 1474 898 διά
1499 856 1541 898 τό
1564 855 1617 910 μή
1637 860 1848 900 πείθεσθαι

326 936 374 988 τῇ
402 934 602 986 περιτομῇ.
657 926 767 969 Ἀλλά
791 928 857 969 καὶ
883 925 1131 982 ἐκβάλλουσιν
1155 923 1292 976 αὐτόν,
1335 923 1398 965 διά
1424 923 1466 966 τό
1492 926 1706 979 εἰρηκέναι,
1736 924 1851 966 ι’Όσοι

328 1000 370 1040 ἐν
389 997 497 1054 νόμῳ
521 1000 770 1046 δικαιοῦσθε,
800 1000 869 1047 τῆς
889 993 1044 1049 χάριτος
1069 994 1281 1042 ἐξεπέσατε·
1312 993 1378 1034 καὶ
1402 991 1480 1042 ὅτι,
1509 991 1602 1034 Ἐάν
1624 994 1850 1049 περιτέμνη-

330 1073 422 1117 σθε,
458 1062 626 1120 Χριστὸς
655 1062 756 1116 ὑμᾶς
786 1060 897 1104 οὐδὲν
928 1060 1126 1114 ὠφελήσει.

446 1263 570 1315 Οὗτος
590 1266 631 1308 δὲ
651 1264 673 1306 ὅ
691 1263 893 1317 Κήρινθος
911 1262 1077 1316 ἀνόητος
1094 1263 1160 1303 καὶ
1179 1260 1354 1315 ἀνοήτων
1374 1260 1604 1310 διδάσκαλος
1619 1262 1760 1314 φάσκει
1779 1261 1853 1304 πά-

329 1342 388 1377 λιν
419 1333 613 1387 τολμήσας
646 1330 813 1385 Χριστόν
845 1331 1086 1372 πεπονθέναι
1116 1331 1182 1370 καὶ
1213 1331 1502 1384 ἐσταυρῶσθαι,
1542 1329 1658 1382 μήπω
1690 1330 1730 1371 δὲ
1766 1331 1850 1385 ἐγη-

331 1404 489 1458 γέρθαι,
521 1402 664 1453 μέλλειν
685 1400 725 1440 δὲ
747 1397 977 1440 ἀνίστασθαι
995 1396 1090 1438 ὅταν
1110 1394 1136 1449 ἡ
1155 1395 1328 1438 καθόλου
1348 1398 1499 1451 γένηται
1519 1402 1666 1452 νεκρῶν
1687 1395 1850 1438 ἀνάστα-

331 1485 422 1518 στις.
475 1467 686 1509 Ἀσύστατα
706 1469 836 1507 τοίνυν
856 1470 975 1506 ταῦτα
991 1462 1081 1518 παρ’
1101 1465 1260 1512 ἐκείνοις
1280 1463 1327 1504 τά
1347 1481 1385 1505 τε
1406 1463 1556 1518 ῥήματα
1576 1466 1641 1506 καὶ
1663 1464 1850 1517 νοήματα.

318 1537 446 1579 ’Ὅθεν
475 1537 540 1578 καὶ
572 1533 594 1576 ό
622 1539 779 1582 Παῦλος
807 1531 1110 1585 ἐκπληττόμενος
1137 1537 1218 1579 τοῖς
1246 1531 1314 1583 μὲν
1343 1530 1544 1573 ἀπιστοῦσι
1573 1537 1617 1589 τῇ
1647 1531 1851 1574 ἀναστάσει

331 1611 407 1647 τῶν
428 1608 573 1657 νεκρῶν
593 1607 638 1660 τῇ
662 1602 848 1658 μελλούσῃ
872 1602 1027 1641 ἔσεσθαι
1048 1600 1158 1653 λέγει,
1190 1601 1245 1639 Εἰ
1261 1600 1390 1653 νεκροὶ
1412 1598 1483 1641 οῦκ
1507 1601 1727 1654 ἐγείρονται,
1760 1598 1852 1641 οὐδὲ

336 1670 502 1728 Χριστὸς
533 1669 746 1725 ἐγήγερται,
786 1670 852 1710 καὶ
878 1666 939 1718 τὸ,
984 1665 1176 1721 Φάγωμεν
1198 1667 1265 1706 καὶ
1291 1669 1456 1719 πίωμεν,
1496 1666 1633 1720 αὔριον
1658 1666 1729 1721 γάρ
1756 1665 1853 1708 ἀπο-

332 1740 579 1793 θνήσκομεν,
615 1738 682 1778 καὶ
706 1735 772 1786 τό,
815 1734 890 1788 Μὴ
917 1739 1135 1775 πλανᾶσθε·
1179 1736 1408 1788 φθείρουσιν
1434 1733 1517 1787 ἤθη
1542 1733 1684 1788 ’χρηστοὶ
1708 1732 1853 1787 ὁμιλίαι

330 1810 456 1850 κακαί.
517 1805 643 1846 Πάλιν
663 1804 704 1845 δὲ
724 1809 805 1851 τοῖς
829 1803 980 1857 λέγουσι
1007 1800 1074 1843 τόν
1099 1799 1269 1856 Χριστὸν
1292 1802 1449 1854 μηδέπω
1471 1802 1739 1856 ἐγηγερμένον,
1779 1799 1850 1850 τός-

333 1874 461 1923 αύτως
486 1872 553 1915 τὸν
577 1874 727 1926 ἔλεγχον
751 1871 945 1924 ἐπιφέρει,
984 1870 1122 1923 λέγων,
1166 1871 1222 1909 Εἰ
1243 1867 1408 1923 Χριστός
1431 1868 1503 1910 οῦκ
1525 1868 1741 1923 ἐγήγερται,
1780 1867 1851 1922 μά-

333 1959 442 1984 ταιον
470 1940 511 1982 τό
538 1939 716 1994 κήρυγμα
741 1936 873 1991 ἡμῶν,
913 1940 1055 1990 ματαία
1075 1938 1141 1977 καὶ
1166 1935 1191 1990 ἡ
1213 1940 1338 1985 πίστις
1360 1934 1484 1989 ὖμῶν·
1526 1935 1788 1991 εὑρισκόμεθα
1812 1936 1853 1978 δὲ

335 2011 401 2052 καὶ
422 2007 740 2061 ψευδομάρτυρες
759 2009 828 2046 τοῦ
850 2009 967 2054 θεοῦ,
1000 2003 1058 2045 ὅτι
1078 2003 1205 2058 ἤγειρε
1227 2003 1293 2045 τόν
1317 2002 1495 2058 Χριστόν,
1526 2003 1572 2045 ὃν
1595 2002 1666 2045 οῦκ
1686 2002 1852 2058 ἤγειρεν·

337 2076 391 2126 ὥς
407 2082 485 2118 τῶν
507 2076 572 2129 μὲν
594 2072 819 2115 ἀποστόλων
838 2071 1105 2125 κηρυττόντων
1128 2070 1299 2124 Χριστόν
1320 2072 1538 2126 ἐγηγέρθαι,
1558 2076 1674 2112 τινῶν
1693 2072 1734 2112 δὲ
1753 2072 1854 2125 αἶρέ-

336 2159 432 2186 σεων
450 2147 641 2198 λεγουσῶν
664 2138 833 2195 Χριστὸν
859 2139 925 2192 μὲν
943 2140 1171 2193 ἐγηγέρθαι,
1202 2138 1363 2194 νεκρούς
1386 2139 1426 2180 δὲ
1447 2137 1498 2191 μή
1517 2140 1742 2193 ἐγείρεσθαι.
1791 2137 1854 2178 Ἐν

336 2211 455 2269 ταύτῃ
486 2209 558 2265 γαρ
587 2214 634 2267 τῇ
655 2210 829 2262 πατρίδι,
873 2208 971 2259 φημὶ
999 2207 1038 2247 δὲ
1061 2205 1188 2263 Ἀσία,
1230 2205 1320 2247 ἀλλά
1343 2207 1407 2248 καὶ
1430 2207 1469 2247 ἐν
1486 2211 1531 2263 τῇ
1559 2208 1726 2262 Γαλατία
1749 2204 1853 2246 πάνυ

335 2279 485 2332 ἤκμασε
512 2275 555 2318 τὸ
581 2275 729 2318 τούτων
759 2277 1043 2324 διδασκαλεῖον,
1091 2279 1104 2302 ¹
1121 2276 1162 2316 ἐν
1189 2272 1249 2323 οἷς
1275 2277 1340 2316 καί
1363 2292 1399 2315 τι
1423 2271 1674 2327 παραδόσεως
1695 2277 1854 2327 πρᾶγμα

336 2343 456 2399 ἦλθεν
486 2347 540 2393 εἰς
567 2342 690 2397 ἡμᾶς,
731 2341 784 2390 ῶς
807 2359 919 2383 τινων
946 2342 1014 2393 μὲν
1034 2339 1123 2394 παρ’
1145 2341 1276 2390 αὐτοῖς
1298 2342 1615 2397 προφθανόντων
1639 2345 1854 2393 τελευτῆσαι

338 2413 430 2455 ἄνευ
448 2414 723 2466 βαπτίσματος,
746 2409 882 2457 ἄλλους
901 2409 941 2449 δὲ
959 2406 1036 2448 ἀντ’
1055 2407 1182 2451 αὑτῶν
1201 2411 1254 2458 εἰς
1271 2408 1396 2462 ὄνομα
1414 2411 1566 2450 ἐκείνων
1585 2411 1852 2463 βαπτίζεσθαι,

338 2479 435 2534 ὑπὲρ
455 2484 523 2521 τοῦ
545 2478 596 2532 μή
616 2480 655 2520 ἐν
673 2483 719 2535 τῇ
738 2475 940 2518 ἀναστάσει
957 2474 1193 2525 ἀναστάντας
1210 2475 1352 2526 αὐτοῦς
1369 2479 1480 2529 δίκην
1501 2479 1637 2517 δοῦναι
1654 2477 1852 2529 τιμωρίας,

339 2547 536 2601 βάπτισμα
561 2545 612 2599 μὴ
639 2544 867 2598 εἰληφότας,
896 2546 1074 2598 γίνεσθαι
1099 2545 1140 2585 δὲ
1165 2542 1409 2598 ὑποχειρίους
1430 2549 1500 2596 τῆς
1522 2547 1589 2584 τοῦ
1612 2546 1854 2595 κοσμοποιοῦ

340 2617 525 2664 ἐξουσίας.
566 2615 643 2654 Καὶ
665 2612 803 2654 τούτου
823 2613 933 2653 ἕνεκα
956 2609 979 2663 ἦ
1000 2610 1214 2664 παράδοσις
1236 2611 1262 2665 ἡ
1285 2614 1453 2653 ἐλθοῦσα
1474 2613 1527 2659 εἰς
1544 2608 1646 2663 ἡμᾶς
1668 2623 1763 2662 φησι
1786 2608 1855 2650 τόν

340 2681 455 2723 αὐτὸν
474 2681 583 2736 ἅγιον
603 2679 815 2722 ἀπόστολον
837 2679 1039 2733 εἰρηκέναι,
1060 2680 1114 2719 Εἰ
1130 2678 1228 2728 ὅλως
1248 2681 1377 2734 νεκροὶ
1396 2677 1468 2720 ofin
1492 2680 1710 2732 ἐγείρονται,
1733 2680 1769 2718 τί
1787 2678 1854 2718 καὶ

339 2752 584 2802 βαπτίζονται
606 2748 702 2803 ὑπὲρ
726 2745 875 2796 αὕτῶνς
919 2750 1056 2794 Καλῶς
1086 2746 1127 2787 δὲ
1151 2745 1256 2789 ἄλλοι
1281 2746 1322 2789 τό
1345 2745 1464 2801 ῥητόν
1487 2743 1758 2798 ἕρμηνεύοντές
1779 2762 1852 2796 φα-

387 2873 463 2904 CAP.
486 2874 524 2903 V.
557 2892 601 2898 ——-
638 2874 666 2905 1.
690 2876 736 2906 lta
760 2874 825 2905 cod.
852 2874 947 2904 Vatic.
992 2873 1074 2904 Edit.
1121 2871 1218 2904 etiam
1239 2885 1277 2904 ex
1296 2872 1473 2906 traditione
1491 2883 1542 2903 res
1560 2870 1717 2914 quaedam
1734 2870 1775 2902 ad
1794 2881 1853 2903 nos

338 2929 387 2959 pr.
411 2919 500 2949 habet
522 2917 743 2960 περιετμῆξη.
1121 2917 1261 2950 devenit.

389 2963 463 2994 CAP.
484 2963 540 2995 VI.
564 2981 606 2986 —
633 2963 659 2995 1.
686 2964 870 2995 Carnarius:
894 2962 934 2994 de
959 2961 1072 3005 quibus
