2034 3267
548 174 605 205 AD
630 175 878 208 EPISTOLAM
902 174 1044 206 AcAcn
1069 175 1124 207 ET
1147 173 1289 206 PAULI.
1624 168 1671 206 13

161 267 246 303 res,
278 251 432 293 XLIV.
457 250 721 307 Origenistae,
755 254 800 293 ab
826 251 1014 307 Origene,
1047 253 1109 307 qui
1134 253 1246 293 etiam
1268 252 1521 292 Adamantius
1544 255 1673 307 appel-

158 321 272 361 latur.
323 318 458 361 XLV.
490 318 600 360 Pauli
625 318 927 370 Sainosatensis,
959 319 1114 361 XLVI.
1133 319 1369 369 Manichaei,
1397 320 1458 374 qui
1481 326 1520 360 et
1540 319 1673 360 Acua-

159 387 284 438 nitae,
326 385 502 427 XLVII.
534 387 778 436 Hieracitae,
818 385 1017 427 XLVIII.
1050 387 1276 438 Melctiani,
1317 387 1380 441 qui
1413 386 1452 427 in
1488 389 1671 442 Aegypto

159 454 325 494 schisma
352 455 588 505 conflarunt,
620 451 776 493 XLIX.
803 453 955 503 Ariani,
989 455 1052 507 qui
1078 461 1113 493 et
1139 454 1419 506 Ariomanitae,
1451 451 1502 494 L.
1524 454 1671 494 Audia-

157 535 291 561 norum
315 528 443 572 secta,
483 521 554 562 LI.
576 519 817 567 photiniani,
858 518 949 559 LII.
971 519 1240 571 Marcelliani,
1282 520 1393 561 LIII.
1421 519 1668 572 Semiariani,

158 586 269 628 LIV.
294 586 630 628 Pneumatomachi
658 587 741 626 sive
762 585 1056 637 Macedoniani,
1089 594 1127 626 et
1152 586 1300 627 Eleusii
1324 589 1512 643 discipuli,
1549 589 1611 642 qui
1633 589 1672 629 in

156 662 328 695 sanctum
351 655 410 695 dei
431 655 602 709 spiritum
626 653 892 694 contumeliosi
917 661 1021 703 sunt,
1054 652 1143 694 LV.
1165 654 1342 703 A'e‘riani,
1366 654 1475 696 LVI.
1495 656 1669 707 Aeitiani,

158 721 220 775 qui
254 729 290 761 et
317 722 531 772 Anoinoei,
565 720 700 774 quibus
733 720 954 773 adiungitur
976 719 1214 770 Eunomius,
1257 720 1387 761 LVII.
1416 721 1669 774 Dimoeritae‚

157 788 218 842 qui
244 791 451 843 perfectam
474 787 619 828 Christi
644 788 949 827 incarnationem
969 786 1123 826 minime
1148 790 1390 838 confitentur,
1418 790 1479 842 qni
1500 798 1538 830 et
1551 791 1672 846 Apol-

156 856 352 896 linaristae
377 855 643 905 nominantur,
680 853 834 895 LVIII.
863 868 995 894 eornm
1021 855 1084 908 qui
1103 853 1269 894 Mariam
1294 869 1446 910 semper
1466 857 1669 910 virginem,

159 930 358 977 postquam
388 920 628 962 Salvatorem
657 922 804 975 genuit,
839 936 921 961 cum
947 920 1109 976 Iosepho
1134 923 1385 963 consuevisse
1408 923 1551 974 dicunt,
1577 940 1671 978 quos

158 989 560 1030 Antidicomarianitas
585 989 842 1043 appellamus,
884 988 1000 1029 LIX.
1026 1004 1157 1029 eorum
1185 990 1246 1043 qni
1275 991 1312 1030 in
1341 1005 1479 1031 nomen
1503 990 1673 1032 eiusdem

155 1056 302 1097 Mariae
327 1057 548 1110 collyridem
576 1057 767 1106 offerunt,
802 1064 840 1096 et
865 1054 1121 1111 Collyridiani
1150 1065 1359 1109 vocantur,
1399 1056 1493 1097 LX.
1519 1057 1674 1099 Massa-

150 1123 258 1173 nani,
291 1123 334 1162 ad
362 1137 456 1177 quos
480 1123 738 1177 adiunguntur
763 1122 1014 1179 Martyriani,
1047 1139 1067 1166 e
1093 1124 1292 1178 gentilium
1313 1132 1434 1176 secta,
1465 1132 1503 1166 et
1520 1124 1674 1180 Euphe-

153 1191 288 1241 mitae,
322 1204 366 1230 ac
398 1189 587 1231 Satanici.

261 1279 378 1320 Nunc
400 1281 564 1334 repetita
591 1283 811 1321 narratione
839 1288 876 1321 et
900 1281 937 1321 in
960 1282 1133 1335 singulos
1159 1282 1277 1323 libros
1299 1282 1511 1323 distributis
1540 1283 1676 1324 haere-

153 1347 258 1388 sibus
287 1347 359 1388 hoc
385 1348 422 1387 in
447 1347 557 1387 brevi
580 1349 806 1402 compendio
832 1349 1037 1389 declarabo
1068 1356 1246 1402 quotnam
1279 1363 1331 1390 ex
1354 1350 1428 1390 illis
1452 1351 1676 1391 haeresibus

152 1415 190 1454 in
224 1415 352 1469 priore
379 1415 500 1464 libro,
542 1422 632 1468 quot
667 1416 704 1455 in
742 1417 912 1456 secundo
943 1430 986 1455 ac
1019 1417 1133 1456 tertio
1161 1417 1443 1457 contineantur.
1506 1417 1608 1458 Tum
1639 1418 1678 1458 in

152 1482 310 1536 reliquis
343 1482 518 1522 omnibus
556 1490 798 1522 caeterorum
830 1483 1013 1523 librorum
1046 1483 1159 1524 tomis
1183 1491 1274 1537 quot
1307 1484 1510 1539 unicuique
1542 1485 1678 1525 baere-

153 1564 218 1590 ses
251 1550 454 1590 attributae
493 1557 597 1589 sunt.
660 1549 807 1590 Harum
839 1551 967 1604 itaque
1009 1550 1175 1591 omnium
1215 1552 1338 1591 series
1375 1560 1433 1592 est
1471 1551 1674 1593 eiusmodi.

153 1615 198 1657 In
223 1618 346 1672 primo
374 1617 470 1657 libro
492 1619 582 1657 tomi
614 1624 692 1657 tres
723 1624 837 1668 sunt,
871 1618 1054 1658 haereses
1080 1617 1218 1659 XLVI
1242 1620 1320 1659 suis
1344 1619 1560 1659 nominibus
1585 1634 1677 1659 con-

159 1691 310 1738 ceptae,
340 1683 610 1724 Barbarismus
633 1684 827 1734 videlicet,
862 1699 906 1725 ac
927 1683 1186 1739 Scythisinus,
1220 1685 1496 1737 Hellenismus,
1528 1685 1678 1726 ludais-

157 1766 257 1801 mus,
292 1766 335 1791 ac
359 1750 667 1792 SamaritismuS.
731 1750 772 1791 ln
809 1753 978 1792 secundo
1004 1753 1102 1792 libro
1134 1753 1226 1792 tomi
1252 1754 1325 1793 duo
1347 1760 1459 1804 sunt,
1492 1754 1676 1794 haereses

152 1816 314 1859 XXIII.
380 1818 422 1859 In
455 1820 566 1858 tertio
594 1819 690 1858 libro
717 1819 806 1858 tomi
834 1821 931 1869 duo,
966 1820 1149 1860 haereses
1171 1818 1248 1860 XI.
1309 1819 1352 1860 In
1381 1821 1520 1875 prioris
1547 1820 1676 1875 itaque

150 1885 235 1926 libri
261 1894 365 1926 tomo
386 1887 508 1940 primo
533 1886 714 1926 haereses
731 1885 816 1926 XX
839 1894 943 1937 sunt,
963 1886 1250 1938 Barbarismus,
1272 1886 1532 1943 Scythismus,
1554 1887 1677 1929 Grae-

152 1952 311 2004 cismus,
346 1952 575 1993 Iudaismus.
639 1952 876 1994 Graecorum
902 1969 1017 2008 porro
1041 1955 1262 1995 discrimina
1287 1956 1360 1996 ista
1385 1963 1497 1996 sunt:
1532 1954 1677 2011 Pytha-

149 2021 275 2074 gorei,
310 2021 393 2061 sive
418 2020 681 2076 Peripatetici,
710 2019 846 2070 Stoici,
869 2020 1066 2076 Epicurei.
1107 2020 1336 2063 Samaritica
1363 2023 1551 2073 haeresis,
1580 2037 1676 2077 quae

149 2101 171 2127 a
196 2086 391 2128 ludaismo
416 2088 600 2128 manavit.
654 2086 888 2128 Samaritani
911 2097 1076 2142 quatuor
1100 2089 1137 2129 in
1165 2098 1293 2144 partes
1316 2091 1548 2140 tribuuntur,
1576 2089 1677 2131 Gor-

149 2155 312 2205 thenos,
349 2154 572 2206 Sebuaeos,
606 2154 802 2206 Essenos,
836 2155 1063 2197 Dositheos.
1135 2155 1365 2198 Iudaeorum
1393 2159 1578 2201 haereses
1615 2172 1677 2198 se-

152 2230 277 2276 ptem:
328 2220 516 2273 Scribae,
550 2221 772 2272 Pharisaei,
807 2221 1048 2274 Sadducaei,
1081 2223 1468 2280 Hemerobaptistae,
1514 2223 1673 2275 Ossaei,

151 2288 389 2341 Nassaraei,
423 2289 651 2331 Herodiani.
713 2288 757 2330 ln
792 2291 961 2331 secundo
993 2298 1096 2332 tomo
1121 2291 1207 2332 libri
1234 2293 1343 2347 primi
1365 2293 1548 2334 haereses
1571 2291 1675 2333 XIII

189 2457 244 2491 23.
272 2462 366 2500 Vulgo
389 2455 537 2502 ’‘A-ioum.
581 2461 653 2491 Cod.
679 2462 775 2492 Venet.
793 2457 888 2496 'Avd-
978 2460 1032 2493 3³.
1056 2463 1112 2495 τοῦ
1136 2472 1195 2493 om.
1220 2463 1289 2497 cod,
1307 2465 1404 2494 Venet.

151 2514 228 2545 μιν..
977 2505 1031 2539 32.
1054 2507 1102 2549 τῷ
1127 2518 1186 2538 om.
1207 2508 1273 2538 cod.
1297 2510 1397 2539 Venet.

190 2548 242 2579 24.
268 2551 314 2580 Ita
337 2552 429 2581 etiam
455 2552 562 2581 Ancor.
585 2559 654 2588 cap.
671 2548 720 2581 13.
977 2549 1031 2586 33,
1056 2551 1263 2593 Πυὲαγόριοι
1285 2554 1351 2584 cod.
1374 2555 1473 2584 Venet.

189 2591 244 2624 25.
266 2592 328 2635 τήν
371 2590 617 2635 &auspex-mvsa
645 2593 789 2636 Χριστοῦ
819 2598 884 2628 cod.
976 2594 1031 2628 34.
1055 2593 1261 2638 Ἐπικούριοι
1285 2598 1350 2628 cod.
1379 2600 1450 2629 Ven.

148 2639 248 2670 Venet.
976 2639 1029 2673 35.
1054 2641 1235 2682 Γοροὲηνοὶ
1266 2643 1473 2682 scripturam,
1506 2653 1567 2674 non
1591 2642 1674 2684 Γορ-

189 2681 242 2714 26.
275 2678 515 2724 Ἀπολιναρῖται
551 2684 617 2714 cod.
647 2685 774 2725 Rhedz'y.
788 2709 797 2725 ,
830 2696 886 2725 pro
934 2685 1039 2728 Ξῑηνοὶ,
1056 2689 1100 2716 uli
1115 2688 1207 2725 vulgo
1227 2688 1341 2717 editum
1355 2691 1407 2726 est,
1424 2689 1491 2719 cod.
1505 2690 1603 2719 Venet.
1615 2690 1675 2727 fere

145 2736 239 2757 more.
288 2729 325 2758 Et
349 2730 392 2758 sic
416 2729 508 2767 infra.
933 2734 1042 2769 ubique
1063 2734 1172 2768 tuetur,
1197 2741 1265 2762 cum
1284 2741 1342 2770 quo
1361 2734 1537 2771 conspirant
1556 2735 1675 2771 passim

188 2771 241 2804 27.
271 2774 365 2811 Anyet
386 2774 452 2804 cod.
472 2775 569 2804 Vener.
582 2771 643 2813 τήν
659 2771 810 2808 (ὲεοτόκον
832 2775 889 2809 καὶ
937 2780 963 2807 et
982 2778 1093 2807 caeteri
1109 2777 1196 2806 codd.
1212 2786 1283 2807 mss.
1316 2775 1497 2818 I‘opoimvot
1512 2779 1673 2816 appellan-

143 2811 201 2848 οἷς).
222 2816 394 2858 παρῖῖένον.
936 2825 986 2851 tur
1006 2822 1097 2851 etiam
1120 2823 1149 2851 in
1170 2822 1236 2851 cod.
1260 2822 1368 2852 Baluz.
1389 2823 1532 2853 Parisino
1553 2824 1606 2861 qui
1619 2823 1673 2852 Ni-

189 2862 242 2893 26.
268 2861 298 2893 οἱ
322 2861 379 2894 καὶ
402 2863 469 2893 cod.
500 2865 569 2893 Veii.
936 2869 1016 2896 cetae
1038 2867 1203 2896 Chomarae
1227 2867 1410 2896 Thesaurum
1436 2869 1574 2897 continet.

189 2904 242 2936 29.
268 2905 534 2947 Κολλευριδιςκνοὶ
557 2910 622 2938 cod.
651 2911 746 2939 l'enet.
980 2908 1033 2942 36.
1059 2909 1221 2942 Amotzsoe
1241 2911 1305 2941 cod.
1325 2912 1423 2941 Venet.
1446 2912 1507 2950 [ere
1522 2912 1640 2951 ubique.

191 2947 244 2981 30.
271 2950 390 2992 βιβλίον
415 2953 481 2983 cod.
508 2954 605 2984 Venet.
981 2954 1034 2987 37.
1063 2951 1170 2986 ὀσαῑοι
1193 2956 1258 2987 cod.
1280 2956 1407 2994 Rhediy.
