2034 3267
512 163 689 196 PANARH
714 163 796 194 LIB.
818 164 842 194 1.
865 163 970 195 TOM.
991 163 1031 194 ll.
1056 163 1182 194 HAER.
1203 162 1320 193 XXX.
1594 154 1673 192 249

163 243 246 284 citis
270 242 456 283 ministris
487 256 620 295 aquam
650 242 781 281 inferri
814 241 939 292 iubet,
973 249 1149 295 tanquam
1184 238 1398 294 aegrotanti
1432 239 1674 293 patriarchae

161 310 282 351 morbi
305 310 490 364 quoddam
522 323 571 349 ex
603 324 700 360 aqua
730 309 939 359 remedium
964 322 1099 362 parare
1122 308 1254 349 vellet.
1318 305 1375 347 llli
1398 307 1483 361 quid
1506 313 1676 347 strueret

160 378 284 431 ignari
311 377 496 432 imperata
529 376 686 417 faciunt.
749 375 840 415 lude
862 376 1132 415 verecundiam
1159 375 1369 424 simulans,
1404 380 1441 414 et
1470 374 1674 414 universos

161 445 267 485 abire
290 444 425 485 iubens
450 444 665 499 patriarcha
691 457 802 483 sacro
826 443 1052 495 baptismate
1082 456 1126 482 ac
1156 442 1294 482 divinis
1326 443 1520 497 mysteriis
1550 443 1675 483 initia-

161 518 222 552 tus
254 519 327 552 est.

271 577 368 619 Mihi
399 593 493 619 vero
522 579 615 618 haec
646 577 698 617 uti
723 576 801 616 dixi
830 575 957 615 omnia
985 573 1171 630 Iosephus
1199 576 1280 630 ipse
1308 577 1504 617 narrabat.
1567 576 1675 616 Haec

160 647 315 700 inquam
341 660 414 686 uon
442 646 593 686 aliunde
619 658 728 698 quam
761 657 811 682 ex
836 643 999 696 ipsomet
1022 643 1122 682 illius
1153 657 1220 682 ore
1250 643 1384 692 didici,
1426 658 1510 683 cum
1538 645 1676 684 affecta

160 714 234 754 iam
259 721 385 753 aetate
409 715 520 762 foret,
546 726 590 751 ac
610 708 732 750 LXX
754 709 836 763 plus
863 709 986 749 minus
1010 724 1150 749 annum
1174 717 1324 762 ageret.
1373 710 1433 749 Ad
1460 711 1557 750 hunc
1578 710 1676 765 Scy-

162 781 302 835 thopoli
331 780 583 827 diverteram,
626 791 699 830 quo
725 790 768 817 se
794 776 1002 816 Tiberiade
1028 776 1088 816 ille
1115 777 1352 826 contulerat,
1396 776 1521 830 ibique
1549 779 1676 831 splen-

163 848 248 888 dida
271 848 454 901 quaedam
479 845 651 885 aedificia
673 843 743 883 sibi
766 850 1070 898 comparaverat.
1115 843 1217 883 Tum
1239 844 1337 883 enim
1359 842 1553 883 Eusebius
1579 843 1677 884 Ver-

164 915 342 955 cellensis
366 915 402 954 in
428 912 537 953 Italia
558 911 783 965 episcopus,
816 925 836 950 a
862 908 1093 951 Constantio
1118 911 1166 950 ob
1187 912 1273 950 [idei
1295 911 1555 963 integritatem
1583 924 1678 950 exu-

163 983 243 1023 lare
268 983 417 1031 iussus,
458 979 504 1018 ab
531 978 595 1018 illo
621 977 785 1032 hospitio
813 985 898 1017 erat
925 985 1127 1032 exceptus.
1190 976 1310 1018 Cuius
1335 977 1526 1017 invisendi
1554 978 1678 1030 gratia

164 1064 248 1089 cum
278 1062 348 1102 ego
373 1054 411 1087 et
437 1047 575 1086 fratres
603 1045 752 1098 quidam
782 1045 844 1085 alii
870 1045 1136 1095 venissemus,
1180 1046 1314 1085 iisdem
1341 1059 1411 1085 nos
1436 1045 1593 1084 aedibus
1618 1059 1680 1084 re-

164 1116 261 1170 cepti
285 1115 434 1155 fuimus.
488 1111 562 1153 Ubi
588 1126 672 1152 cum
696 1110 860 1167 losepho
883 1112 1120 1153 familiariter
1140 1112 1300 1162 versati,
1331 1113 1453 1165 deque
1479 1126 1524 1151 eo
1546 1111 1679 1151 scisci-

164 1183 232 1223 tati
264 1181 348 1236 quid
379 1179 450 1234 ipsi
481 1180 629 1220 demum
658 1180 884 1230 accidisset,
931 1180 1029 1234 quod
1062 1194 1146 1220 eum
1176 1181 1272 1235 apud
1302 1178 1464 1220 Iudaeos
1490 1179 1678 1219 illustrem

165 1249 282 1290 fuisse
304 1247 514 1297 sciremus,
557 1247 669 1300 quive
695 1254 827 1300 gestae
854 1248 908 1287 rei
936 1254 1039 1288 esset.
1062 1249 1179 1295 orde,
1222 1261 1267 1287 ae
1294 1247 1608 1301 quemadmodum
1633 1247 1680 1286 ad

166 1314 405 1358 Christianos
429 1315 654 1365 transisset,
689 1314 783 1355 haec
806 1315 853 1355 ab
874 1315 939 1355 illo
962 1315 1089 1355 omnia
1110 1315 1305 1355 auditione
1328 1321 1455 1363 certa,
1489 1328 1565 1354 non
1587 1313 1680 1353 alie-

164 1397 211 1424 na
243 1383 314 1422 fide
341 1382 543 1436 explorata
572 1382 786 1422 didicimus.
849 1381 958 1435 Quae
988 1397 1071 1422 cum
1103 1383 1149 1422 ad
1176 1381 1340 1422 fidelium
1369 1382 1568 1421 utilitatem
1600 1395 1679 1420 me-

163 1450 282 1490 moria
302 1449 416 1503 digna
441 1448 658 1503 cumprimis
679 1450 925 1499 arbitremur,
958 1457 1114 1504 propter
1135 1463 1201 1489 eos
1227 1449 1345 1489 libros
1371 1448 1431 1502 qui
1457 1448 1494 1487 iu
1521 1446 1679 1487 ludaeo-

162 1532 246 1557 rum
270 1516 460 1557 thesauris
487 1523 692 1556 servantur
717 1516 909 1556 Hebraico
936 1531 1114 1557 sermone
1139 1516 1337 1567 translati,
1378 1530 1473 1570 quae
1503 1517 1546 1554 ad
1574 1513 1680 1554 lose-

163 1585 274 1640 phum
303 1585 407 1624 illum
441 1584 678 1638 pertinerent
707 1583 923 1624 accuratius
954 1584 1095 1638 exequi
1126 1584 1330 1624 voluimus.
1400 1582 1500 1623 Nam
1535 1583 1568 1622 is
1603 1597 1677 1622 non

163 1653 276 1693 modo
304 1649 548 1692 Christianus
581 1658 686 1701 erat,
730 1665 889 1704 eamque
923 1652 1031 1691 fidem
1060 1659 1306 1706 susceperat,
1350 1652 1417 1691 sed
1449 1656 1486 1689 et
1510 1649 1680 1689 Arianos

165 1733 309 1760 summa
341 1719 496 1759 infamia
525 1718 762 1758 traducebat.
824 1716 974 1773 Quippe
1005 1733 1101 1759 unus
1132 1719 1213 1773 ipse
1243 1726 1387 1758 rectam
1417 1732 1460 1757 ac
1489 1717 1680 1757 sinceram

165 1787 274 1827 fidem
303 1784 527 1841 Scythopoli
561 1786 771 1835 retinebat,
815 1800 898 1825 cum
929 1786 1062 1840 reliqui
1093 1793 1224 1826 essent
1248 1786 1401 1826 Ariani.
1464 1783 1575 1837 Quod
1607 1783 1682 1823 nisi

166 1855 316 1894 comitis
339 1854 521 1908 dignitate
549 1853 682 1893 fuisset
707 1853 924 1907 praeditus,
969 1861 1010 1894 ut
1036 1853 1094 1893 hic
1117 1868 1201 1893 eum
1229 1854 1353 1893 honor
1375 1853 1420 1892 ab
1447 1852 1679 1891 Arianorum

164 1921 348 1963 violentia
373 1928 567 1970 tueretur,
600 1935 646 1959 ne
670 1921 706 1959 in
730 1920 810 1974 ipsa
834 1921 981 1974 quidem
1003 1921 1097 1962 urbe
1119 1922 1180 1960 vir
1201 1921 1263 1961 ille
1285 1920 1537 1969 constitisset,
1572 1932 1681 1973 prae-

166 1988 297 2029 sertim
321 1989 390 2029 sub
414 1987 636 2043 Patrophilo
662 1987 811 2027 Ariano
837 1989 1040 2043 episeopo,
1076 1989 1136 2042 qui
1165 1995 1202 2028 et
1230 1989 1364 2043 opibus
1393 1995 1430 2027 et
1456 1986 1680 2027 crudelitate

166 2063 205 2096 et
233 2057 328 2111 apud
360 2057 630 2110 imperatorem
653 2053 919 2095 Constantium
945 2056 1201 2096 familiaritate
1232 2063 1345 2109 atque
1375 2054 1533 2095 audacia
1564 2053 1680 2108 pluri-

166 2138 268 2164 mum
290 2130 454 2178 poterat.
517 2121 558 2162 ln
582 2123 712 2162 eadem
737 2122 850 2162 etiam
879 2123 970 2164 urbe
994 2124 1144 2177 quidam
1168 2130 1251 2163 erat
1273 2130 1400 2163 aetate
1426 2122 1574 2171 iunior,
1617 2120 1680 2174 qui

167 2205 188 2231 e
211 2190 353 2231 Iudaeo
372 2191 567 2230 traductus
590 2190 634 2230 ad
659 2188 853 2230 Christutn
875 2191 1063 2231 sinceram
1087 2191 1194 2230 fidem
1215 2190 1419 2238 retinebat,
1453 2189 1561 2242 isque
1582 2188 1680 2241 quod

166 2258 320 2298 minime
353 2258 473 2313 palam
506 2259 684 2307 auderet,
728 2257 935 2297 clanculum
962 2259 1007 2298 ad
1035 2273 1104 2298 nos
1131 2258 1326 2298 veniebat.
1389 2255 1464 2296 Sed
1494 2254 1680 2309 Iosephus

167 2326 328 2380 lepidum
359 2326 535 2380 quiddam
562 2324 670 2364 nobis
702 2337 747 2363 ac
777 2324 973 2365 ridiculum
1007 2326 1210 2375 narrabat,
1257 2338 1326 2364 nec
1354 2323 1483 2363 dubito
1512 2323 1600 2376 quin
1631 2322 1679 2363 sit

169 2393 426 2434 verissimum.
486 2392 630 2432 Aiebat
654 2391 752 2431 enim
776 2399 923 2432 mortua
946 2394 1110 2446 coniuge
1134 2392 1297 2432 veritum
1319 2405 1361 2431 se
1385 2405 1432 2431 ne
1456 2391 1502 2430 ab
1526 2390 1680 2430 Arianis

169 2461 359 2500 violenter
381 2460 561 2514 abreptus
581 2459 743 2499 clericus
764 2459 892 2509 fieret,
916 2484 971 2490 —
993 2475 1106 2515 saepe
1130 2460 1228 2500 enim
1250 2459 1387 2499 blande
1409 2458 1512 2498 illum
1538 2459 1680 2498 adeun-

169 2535 244 2578 tes,
278 2535 318 2568 ut
340 2529 384 2568 ad
407 2542 514 2568 suam
541 2526 741 2566 factionem
768 2527 946 2567 transiret
965 2528 1229 2577 hortabantur,
1262 2541 1306 2566 ac
1329 2525 1484 2566 maioris
1507 2539 1574 2579 spe
1595 2539 1681 2578 pro-

171 2609 304 2636 cessus
325 2595 555 2645 alliciebant,
579 2600 619 2634 ut
636 2594 697 2634 vel
717 2593 747 2633 si
772 2607 930 2636 necesse
953 2596 1053 2636 foret
1072 2596 1328 2650 episcopatum
1347 2593 1609 2642 ostenderent,
1627 2616 1680 2620 —

216 2762 247 2796 3.
271 2764 437 2806 Fregellae
451 2766 593 2796 convertit
611 2765 786 2795 Carnarius.
813 2765 903 2795 Pela·
993 2765 1022 2796 5.
1047 2766 1170 2803 Repono
1200 2759 1281 2796 α’λλά
1310 2773 1349 2804 γε
1372 2760 1551 2804 κρυφαίως.
1600 2763 1680 2794 Olim

174 2810 223 2839 vio
243 2811 360 2848 placuit
383 2809 578 2849 Βερκέὶὰκας.
946 2811 1062 2849 placuit
1080 2806 1164 2842 ἀλλὰ
1184 2806 1449 2849 κατακρυφαίως.
1474 2809 1509 2838 In
1523 2808 1589 2838 cod.
1602 2807 1679 2838 Rhe-

220 2851 250 2884 4.
272 2856 307 2885 In
325 2856 443 2885 Pelucz'i
461 2856 600 2893 editione,
624 2857 698 2884 certe
718 2855 749 2883 in
768 2854 904 2892 Lipsien-
948 2856 1011 2895 αἱς.
1035 2858 1118 2886 extat
1140 2850 1223 2887 α’λλεὶ
1244 2851 1479 2895 καικρυφαίως.

176 2899 219 2935 si,
250 2900 476 2930 mendosissime
500 2902 661 2930 exaratum
686 2899 806 2929 invenio
834 2899 906 2936 πῶς

177 2938 231 2974 τὸν
253 2941 299 2979 εἰς
321 2943 385 2985 Χρ.

1704 580 1781 623 Cap.
1805 579 1844 612 V.
