2034 3267
442 177 618 209 PANARu
645 178 744 209 ADV.
765 178 983 209 HAERESES
1009 178 1090 209 ΜΒ.
1112 180 1134 210 1.
1158 179 1263 211 ToM.
1283 180 1306 210 ῐ.
1557 174 1633 211 107

125 256 217 296 liciis
238 254 471 308 inquinatos.
519 255 756 309 Quamquam
784 256 869 310 quid
892 256 1027 295 attinet
1054 256 1224 310 pluribus
1245 257 1317 296 ista
1339 258 1543 312 persequi?
1573 257 1636 298 ln-

124 323 226 363 finita
248 330 336 363 sunt
361 323 460 362 enim
489 337 611 376 neque
637 337 696 362 mc
719 323 754 362 in
781 323 1043 377 superioribus
1066 324 1286 364 refellendis
1309 324 1530 364 haeresibus
1552 325 1634 364 lon-

124 390 270 444 giorem
303 388 504 429 instituere
536 404 750 429 sermonem
784 391 964 443 temporis
995 391 1093 429 ratio
1125 391 1279 445 patitur.

234 455 340 510 Ergo
372 464 516 511 septem
547 456 700 496 omnino
729 457 910 496 haereses
934 456 1021 495 illae
1049 456 1330 512 Hierosolymis
1365 465 1476 512 atque
1503 458 1540 498 in
1573 457 1633 498 Iu·
1663 463 1811 506 Capul.

124 524 217 564 daea
244 525 420 574 fuerunt,
455 531 616 577 quatuor
645 537 738 562 vero
772 536 791 561 a
822 522 931 562 nobis
958 529 1067 562 antea
1097 532 1416 564 commemoratae
1441 526 1537 579 apud
1563 523 1635 566 Sa·

124 591 282 630 maritas
307 598 344 630 et
368 591 404 630 in
431 589 606 631 Samaria
629 589 853 641 viguerunt,
888 589 954 628 sed
977 589 1050 628 iam
1078 604 1213 642 magna
1240 604 1291 630 ex
1313 599 1419 644 parte
1442 593 1633 647 collapsae

123 665 226 698 sunt.
287 657 425 711 Neque
451 658 549 697 enim
577 655 735 697 Scribae
761 655 918 708 amplius
940 655 1004 694 ulli
1031 663 1135 705 sunt,
1169 670 1292 709 neque
1316 655 1533 709 Pharisaei,
1566 674 1633 700 ne-

123 739 195 778 que
230 723 464 774 Sadducaei,
499 736 620 776 neque
643 721 1026 775 Hemerobaptistae,
1068 736 1138 761 nec
1169 721 1378 763 Herodiani
1410 734 1629 779 supersunt.

121 790 241 832 Pauci
265 792 414 845 quidem
436 791 620 831 duntaxat
642 787 865 839 Nazareni,
898 802 997 828 unus
1018 788 1166 828 scilicet
1186 789 1248 829 vel
1272 790 1369 830 alter
1389 805 1502 843 supra
1527 793 1632 833 Tbe-

121 859 269 899 baidem
293 857 537 913 Superiorem
572 862 635 895 aut
663 854 845 895 Arabiam
873 862 1033 895 restant.
1094 854 1171 896 Sed
1202 862 1240 895 et
1265 854 1503 898 Ossenornm
1536 875 1631 900 non-

122 926 248 966 nullae
276 932 363 965 sunt
384 923 591 976 reliquiae,
626 935 722 975 quae
746 936 829 962 cum
856 936 877 962 a
907 920 1072 962 Iudaicis
1097 923 1231 962 ritibus
1254 923 1486 975 defecerint,
1519 940 1561 965 se
1585 929 1629 967 ad

123 992 333 1047 Sampsitas
358 996 630 1044 aggregarunt,
666 1003 761 1042 quae
789 989 902 1029 factio
927 989 1026 1029 ultra
1047 988 1160 1029 Mare
1184 988 1402 1041 Mortuum,
1437 994 1533 1045 quod
1559 992 1632 1033 Pa*

119 1061 303 1100 laestinae
327 1058 522 1106 imminet,
556 1057 782 1096 constitutas
808 1070 829 1096 a
855 1057 1063 1096 maioribus
1085 1057 1197 1097 sedes
1220 1057 1387 1109 obtinet3
1421 1060 1486 1099 sed
1521 1060 1630 1100 hodie

119 1125 308 1167 Ebionitis
344 1123 509 1164 adiuncti
542 1130 645 1163 sunt.
706 1122 763 1163 lta
796 1125 935 1164 factum
961 1124 1158 1174 videmus,
1204 1132 1241 1164 nt
1271 1132 1308 1164 et
1334 1126 1395 1165 isti
1430 1140 1450 1165 a
1478 1124 1631 1166 ludaica

119 1193 301 1247 religione
331 1190 587 1241 desciverint,
621 1197 659 1230 et
680 1191 784 1231 velut
816 1191 927 1231 radix
954 1192 1138 1245 quaedam
1162 1191 1199 1231 in
1230 1192 1323 1232 duas
1351 1200 1478 1246 partes
1509 1194 1630 1234 scissa

119 1260 182 1310 sit,
206 1259 444 1313 serpentisve
466 1272 619 1312 corpus,
645 1272 696 1298 ex
710 1273 783 1311 quo
804 1258 931 1313 biceps
956 1258 1093 1311 anguis
1109 1258 1390 1313 posteriorique
1412 1268 1520 1315 parte
1547 1275 1629 1301 mu-

118 1328 203 1367 tilus
235 1325 428 1366 dimidiato
460 1339 622 1379 corpore
653 1326 812 1365 adnatus
844 1326 1089 1380 pendensque
1122 1325 1320 1379 prodicrit.

222 1391 422 1433 Hactenus
458 1393 503 1432 de
539 1391 594 1433 lV
629 1390 958 1433 Samaritanorum
996 1392 1136 1442 sectis,
1182 1391 1406 1433 Iudaeorum
1431 1392 1531 1443 Vll;
1577 1409 1627 1435 ex

115 1460 249 1514 quibus
273 1458 541 1501 Samaritanae
566 1461 752 1500 duntaxat
784 1467 861 1499 tres
890 1460 962 1499 hoc
992 1467 1162 1514 tempore
1195 1468 1423 1515 supersunt:
1459 1460 1627 1503 Gorthe-

115 1541 270 1577 norum,
303 1526 602 1577 Dositheorum,
636 1541 680 1566 ac
709 1525 989 1567 Sebuaeorum.
1048 1526 1150 1568 Nam
1184 1526 1420 1568 Essenorum
1453 1529 1557 1569 velut
1587 1530 1624 1569 in

114 1594 282 1635 tenebris
316 1595 549 1649 sepultorum
585 1594 746 1634 obseura
773 1595 956 1648 quaedam
991 1594 1155 1648 vestigia
1189 1603 1411 1636 cernuntur.
1473 1595 1537 1636 Ex
1566 1595 1625 1636 lu-

114 1662 234 1702 daicis
266 1662 337 1702 soli
370 1661 498 1701 ludaei
533 1675 577 1701 ac
607 1660 803 1702 Nazaraei
837 1668 998 1701 restant.
1062 1659 1204 1702 Osseni
1243 1677 1262 1702 a
1287 1662 1441 1703 Iudaico
1473 1664 1547 1703 ritu
1578 1664 1625 1703 ad

115 1728 385 1784 Sampseorum
410 1729 586 1769 haeresin
621 1729 927 1782 transfugerunt,
961 1736 1001 1768 ut
1027 1742 1149 1782 neque
1172 1727 1329 1779 ludaei,
1363 1744 1485 1784 neque
1511 1728 1625 1771 Chri-

113 1797 226 1837 stiani
252 1796 342 1837 sint.
405 1795 512 1837 Haec
534 1795 645 1836 habui
678 1809 773 1849 quae
800 1796 845 1836 de
875 1796 1050 1836 omnibus
1077 1796 1151 1837 illis
1176 1797 1292 1837 sectis
1321 1797 1516 1852 bucusque
1548 1798 1624 1838 dis-

113 1878 298 1905 sererem.

299 2078 381 2126 DE
418 2077 875 2127 INCARNATIONE
915 2072 1170 2127 CHRISTI
1204 2079 1437 2140 DOMINI,

112 2175 160 2206 ac
194 2158 374 2206 veritate
421 2174 705 2220 personarum
751 2173 855 2218 quae
901 2162 968 2205 est
1012 2158 1136 2206 unica
1182 2175 1229 2207 ac
1271 2160 1506 2222 singularis
1552 2160 1620 2207 dei

807 2236 929 2284 fides.

223 2334 301 2377 Sed
340 2350 360 2376 e
395 2336 559 2389 vestigio
590 2333 734 2376 Christi
765 2333 853 2377 Iesu
890 2336 1030 2377 domini
1066 2337 1187 2377 nostri
1224 2337 1410 2377 adventus
1448 2352 1532 2378 cum
1570 2352 1616 2378 eo
1643 2342 1773 2385 Cap-1-

112 2404 210 2457 quod
236 2411 457 2458 susceperat
488 2416 648 2457 corpore
681 2410 910 2444 consecutus
940 2411 1023 2455 est,
1066 2405 1127 2458 qui
1155 2411 1192 2444 et
1215 2402 1290 2444 Vll
1321 2404 1405 2444 illas
1436 2405 1618 2445 haereses

112 2470 395 2525 Hierosolymis
435 2471 610 2521 offendit,
659 2477 696 2510 et
734 2472 885 2511 easdem
924 2485 992 2512 sua
1032 2472 1069 2512 vi
1111 2471 1311 2526 dissipavit
1352 2479 1389 2512 et
1430 2473 1613 2513 extinxit.

114 2535 371 2590 Quamobrem
406 2539 576 2591 reliquae
607 2551 739 2577 omnes
770 2537 951 2579 haereses
980 2540 1147 2579 adventu
1177 2539 1241 2578 illo
1273 2540 1508 2593 posteriores
1536 2541 1617 2580 fue-

111 2612 223 2655 runt3
264 2606 439 2646 nimirum
475 2612 672 2659 postquam
697 2602 822 2645 Maria
850 2607 960 2660 virgo
985 2605 1201 2647 Nazarethi
1229 2620 1251 2646 a
1278 2605 1459 2646 Gabriele
1490 2607 1616 2647 coele-

112 2678 207 2712 stem
247 2673 425 2712 nuncinm
465 2672 634 2726 accepit,
681 2686 725 2712 ac
756 2673 928 2713 dominus
959 2674 1123 2714 humano
1161 2687 1322 2727 corpore
1363 2674 1615 2715 circumfusus

113 2739 273 2792 prodiit,
307 2740 403 2779 etin
427 2739 574 2779 coelum
600 2745 775 2792 receptus
799 2747 871 2781 est.
931 2740 1085 2781 Etenim
1114 2742 1159 2781 ad
1191 2741 1343 2781 humani
1371 2742 1525 2794 generis
1552 2756 1614 2782 sa-

154 2872 171 2891 *
196 2875 319 2906 correxi
338 2870 480 2915 ἆλήὲεια
502 2871 678 2916 προςώπων
702 2883 770 2906 cum
781 2876 837 2906 Pe·
880 2879 968 2908 ratur
984 2886 1044 2908 vox
1061 2875 1240 2917 πρόςωπον,
1261 2879 1329 2908 teste
1343 2878 1478 2908 Petavio.
1510 2878 1614 2908 Etiam

112 2919 200 2949 savio.
247 2921 319 2950 Cod.
342 2920 467 2958 Rhediy.
488 2923 515 2950 et
535 2921 603 2950 edit.
631 2921 729 2958 princ.
753 2914 834 2960 α’λγῖ-
882 2923 1047 2953 Carnarius
1078 2924 1109 2952 in
1132 2923 1375 2961 Interpretatione
1396 2922 1508 2954 Latina
1537 2923 1615 2953 illud

113 2964 185 2994 232oe
216 2961 393 3004 πρόςωπον.
438 2966 473 2995 1η
494 2966 557 2996 cod.
589 2965 688 2995 Paris.
721 2965 836 2996 deside·
881 2963 1048 3008 πρόςωπον
1067 2968 1206 3006 ne9lexil.
