2034 3267
521 159 699 191 PANARn
724 160 844 192 Liss.1.
869 161 1028 193 ToM.11.
1058 161 1316 193 HAER.XXX.
1597 156 1676 193 247

157 245 270 292 gant,
305 238 341 277 in
373 251 535 290 eumque
565 238 752 278 duntaxat
782 251 870 278 sese
901 246 1073 280 sanctum
1102 239 1288 280 infudisse
1319 240 1493 294 spiritum
1524 240 1585 293 qui
1616 248 1675 280 est

158 307 238 359 ipse
258 303 454 354 Christus,
488 318 648 357 eumque
673 305 734 358 qui
763 304 871 345 lesus
897 314 1056 346 vocatus
1082 315 1141 346 est
1163 307 1348 348 induisse.
1412 306 1673 361 Quamobrem

157 372 383 411 densissima
409 372 590 425 quaedam
616 372 689 412 illis
713 379 773 412 est
799 373 919 412 offusa
942 374 1089 427 caligo,
1123 375 1209 414 dum
1236 375 1329 415 alias
1355 375 1468 416 aliter
1489 375 1536 416 de
1557 372 1672 416 Cbri-

156 446 214 477 sto
239 439 417 492 opinione
442 453 510 478 sua
534 446 718 479 statuunt.
781 440 909 492 Atque
935 441 1175 492 evangelium
1204 441 1256 481 illi
1285 442 1435 495 quidem
1463 445 1671 484 secundum

158 504 395 545 Matthaenm
421 506 638 555 admittunt,
672 521 744 559 quo
772 506 854 545 solo
879 503 1214 546 Cerinthianorum
1238 509 1299 548 vel
1323 507 1672 550 Merinthianorum

155 572 277 612 instar
298 579 476 623 utuntur,
509 573 622 626 idque
646 574 768 627 ipsum
790 573 999 613 secundum
1023 572 1226 613 Hebraeos
1250 576 1456 629 appellant.
1517 576 1672 617 Etenim

153 653 247 679 vere
279 640 366 679 illud
400 641 587 680 affirmare
619 653 846 694 possumus,
890 654 1004 679 unum
1036 653 1088 679 ex
1121 642 1296 681 omnibus
1329 644 1417 682 novi
1454 644 1670 684 testamenti

153 707 402 759 scriptoribus
425 705 663 746 Matthaeum
685 705 902 757 Hebraiee,
943 720 987 746 ac
1021 706 1142 746 literis
1174 707 1374 748 Hebraicis
1408 713 1669 764 evangelicam

155 776 349 814 historiam
387 775 573 814 [exuisse.
633 771 719 812 Nec
752 773 909 813 defuere
943 773 1005 826 qui
1040 775 1084 812 de
1111 772 1266 814 loannis
1299 777 1501 829 evangelio
1533 781 1670 818 contir-

154 849 317 891 marent,
352 842 438 881 illud
465 839 654 880 Hebraiee
677 840 898 880 translatum
921 840 1130 880 Tiberiade
1154 842 1192 880 in
1223 840 1448 882 ludaeorum
1471 846 1667 900 gazophy-

155 909 260 949 laciis
284 908 500 956 asservari,
534 913 571 946 et
594 906 630 946 in
657 906 933 947 secretioribus
956 908 1179 961 quibusdam
1205 910 1463 962 penetralibus
1487 912 1665 963 recondi3

154 977 186 1015 id
217 976 316 1029 quod
349 974 516 1015 nonnulli
550 973 662 1023 mihi,
697 973 759 1026 qui
788 987 830 1014 se
856 976 901 1014 ad
925 972 1070 1014 Christi
1098 976 1207 1015 fidem
1237 990 1258 1016 e
1285 975 1475 1017 ludaismo
1502 985 1668 1018 transtu-

153 1044 296 1093 lerant,
337 1040 623 1082 accuratissime
657 1041 918 1081 declararunt.
979 1040 1062 1082 Imo
1094 1050 1132 1083 et
1165 1044 1440 1097 Apostolorum
1473 1045 1598 1085 Actus
1630 1048 1667 1086 in

155 1109 381 1150 Hebraicnm
408 1121 624 1147 sermonem
648 1108 805 1161 perinde
830 1122 1042 1149 conversos
1065 1123 1085 1149 e
1111 1109 1263 1151 Graeco
1286 1111 1419 1152 iisdem
1445 1112 1483 1152 in
1514 1113 1668 1154 thesau-

153 1178 204 1216 ris
238 1176 363 1216 haberi
398 1175 601 1214 multorum
633 1189 812 1215 sermone
844 1176 1084 1230 percrebuit,
1118 1177 1180 1230 qui
1215 1178 1325 1218 nobis
1350 1179 1425 1220 ista
1456 1181 1667 1222 narrabant

151 1244 311 1283 indidem
335 1240 578 1282 Christianae
604 1243 888 1297 amplectendae
912 1244 997 1283 fidei
1022 1245 1264 1285 occasionem
1291 1255 1539 1300 acceperunt.

256 1307 346 1349 Fuit
382 1323 432 1349 ex
464 1309 615 1349 illorum
653 1324 813 1350 numero
842 1309 1029 1365 Iosephus
1060 1312 1234 1365 quidam,
1278 1327 1352 1353 non
1385 1314 1569 1356 historiae
1598 1316 1664 1356 ille
1690 1323 1765 1366 Cap.
1791 1326 1842 1357 tv.

148 1377 310 1431 scriptor
328 1376 522 1430 antiquus,
547 1378 613 1416 sed
630 1376 923 1417 Tiberiadensis
941 1378 1054 1429 alter,
1087 1379 1147 1432 qui
1170 1379 1306 1419 beatae
1328 1383 1538 1422 memoriae
1557 1380 1662 1423 Con-

147 1443 302 1483 stantini
323 1444 490 1484 senioris
510 1444 754 1498 imperatoris
775 1452 902 1485 aetate
922 1444 1045 1495 vixit3
1078 1459 1100 1484 a
1125 1460 1199 1499 quo
1223 1447 1334 1487 etiam
1357 1448 1574 1489 comitivam
1598 1465 1661 1491 ac-

146 1512 266 1565 cepit,
300 1526 383 1551 eum
410 1525 454 1551 ea
480 1519 690 1566 potestate,
725 1519 764 1552 ut
789 1527 871 1552 cum
898 1513 935 1551 in
961 1512 1054 1552 urbe
1079 1512 1161 1566 ipsa
1184 1513 1425 1566 Tiberiadis,
1459 1523 1536 1556 tum
1565 1516 1660 1557 Dio-

146 1592 374 1628 caesareae,
417 1576 726 1633 Capharnanmi,
768 1594 812 1619 ac
850 1579 984 1619 vicinis
1022 1580 1106 1619 aliis
1144 1580 1182 1620 in
1222 1582 1368 1636 oppidis
1404 1583 1591 1624 ecclesias
1621 1587 1659 1625 in

146 1644 293 1686 Christi
322 1645 505 1686 honorem
540 1654 754 1686 extrueret.
816 1644 892 1699 Qui
917 1647 1066 1699 quidem
1097 1648 1316 1702 prinsquam
1347 1651 1392 1690 ad
1419 1651 1660 1706 imperatoris

146 1712 317 1753 notitiam
341 1713 599 1766 pervenisset,
635 1713 906 1768 quamplurima
928 1713 975 1753 ab
998 1713 1092 1767 ipsis
1115 1713 1265 1755 ludaeis
1287 1724 1346 1756 est
1367 1732 1518 1772 passus.
1565 1718 1659 1759 Ete-

146 1779 221 1819 nim
247 1779 306 1820 hic
326 1780 407 1834 ipse
431 1779 617 1834 losephus
643 1795 695 1820 ex
722 1781 870 1821 illorum
894 1786 979 1820 erat
1001 1781 1136 1821 ordine
1162 1783 1223 1836 qui
1247 1785 1342 1837 apud
1370 1783 1532 1825 ludaeos
1557 1787 1659 1840 prin-

145 1847 266 1901 cipem
288 1847 413 1887 locum
436 1848 631 1901 dignitatis
655 1848 843 1898 obtinent,
876 1862 972 1901 quos
995 1848 1147 1902 quidem
1171 1852 1378 1891 secundum
1405 1853 1657 1907 patriarcham

144 1914 338 1968 apostolos
372 1915 582 1955 nominant.
644 1916 832 1955 Assident
864 1915 898 1955 hi
932 1916 1193 1969 patriarchae,
1236 1926 1273 1958 et
1306 1933 1390 1959 cum
1424 1934 1470 1960 eo
1504 1922 1658 1975 saepius

143 1982 205 2022 diu
231 1989 422 2035 noctuque
443 1989 672 2032 versantur,
706 1983 803 2036 quod
826 1983 952 2023 eidem
969 1997 991 2023 a
1016 1984 1188 2025 consiliis
1216 1986 1315 2037 sint,
1348 2001 1393 2026 ac
1416 1987 1462 2027 de
1484 1988 1532 2029 iis
1554 1991 1656 2028 refe-

142 2057 228 2089 rant
250 2063 347 2102 quae
366 2051 411 2089 ad
434 2050 556 2104 legem
584 2050 775 2104 pertinere
797 2050 987 2090 videntur.
1034 2050 1130 2091 Erat
1152 2059 1228 2092 tum
1254 2054 1491 2106 patriarchae
1516 2070 1654 2096 nomen

144 2115 259 2157 Ettel.
321 2115 379 2157 Ita
403 2118 504 2156 enim
527 2125 565 2157 et
589 2131 608 2156 a
635 2116 796 2171 losepho
823 2118 1009 2158 nominari
1031 2119 1185 2159 solitum
1208 2121 1396 2170 arbitror,
1430 2124 1502 2163 nisi
1526 2138 1585 2164 me
1607 2125 1655 2164 ob

144 2185 326 2238 temporis
353 2185 667 2239 longinquitatem
693 2185 784 2224 fallit
808 2186 1004 2226 memoria.
1067 2185 1106 2226 Is
1129 2201 1150 2227 e
1177 2190 1296 2243 stirpe
1323 2188 1547 2231 Gamalielis
1579 2191 1655 2231 ori-

142 2251 267 2305 ginem
301 2259 496 2302 traxerat,
531 2252 592 2305 qui
619 2252 911 2305 patriarchatum
942 2254 1039 2308 apud
1069 2254 1155 2294 illos
1183 2256 1318 2296 tenuit.
1382 2255 1506 2310 Quem
1540 2258 1653 2298 etiam

142 2319 329 2373 suspicari
353 2321 490 2359 merito
515 2333 739 2373 possumus,
773 2328 813 2360 ut
837 2335 859 2360 a
884 2321 1076 2375 plerisque
1100 2322 1288 2376 proditum
1315 2331 1395 2374 est,
1429 2339 1449 2364 e
1476 2325 1586 2379 primi
1609 2326 1655 2365 il-

143 2386 213 2426 lius
238 2385 464 2427 Gamalielis
490 2400 634 2441 genere
660 2400 747 2426 esse
770 2396 995 2441 prognatum
1031 2389 1092 2442 qui
1125 2390 1194 2429 sub
1219 2388 1363 2430 Christi
1397 2393 1537 2432 domini
1569 2407 1654 2447 pas-

143 2453 289 2493 sionem
312 2461 446 2494 auctor
468 2455 550 2494 eins
573 2454 720 2493 consilii
747 2453 898 2496 ludaeis
929 2457 1019 2506 fuit,
1052 2463 1094 2496 ut
1118 2471 1138 2497 a
1166 2459 1439 2511 persequendis
1471 2461 1654 2514 apostolis

142 2520 396 2561 abstinerent.
457 2520 633 2561 Moriens
657 2519 758 2562 Ellel
783 2522 948 2563 vicinum
978 2524 1197 2579 episcopum
1225 2524 1496 2567 'l'iberiensem
1525 2541 1655 2568 arces-

143 2588 215 2638 sit,
248 2588 294 2628 ab
315 2602 437 2642 eoque
459 2589 603 2628 lotione
630 2602 742 2628 sacra
767 2589 836 2629 sub
860 2590 961 2631 vitae
989 2591 1135 2632 exitum
1157 2606 1226 2646 per
1249 2592 1461 2634 medicinae
1485 2595 1651 2649 speeiem

144 2656 336 2710 expiatur.
401 2652 498 2696 Cum
524 2655 622 2695 enim
649 2656 867 2710 episcopum
897 2672 965 2712 per
985 2656 1189 2713 losephnm
1214 2659 1317 2700 velut
1345 2662 1530 2702 medicum
1562 2675 1654 2703 evo-

146 2730 293 2774 casset,
328 2724 520 2763 facessere
546 2723 660 2763 iussis
687 2723 884 2775 omnibus,
916 2726 1077 2780 supplex
1110 2727 1211 2766 illum
1241 2727 1460 2782 interpellat
1484 2729 1540 2769 his
1565 2743 1653 2770 ver-

146 2789 225 2830 bis:
259 2794 399 2841 (luaeso
423 2799 476 2838 le,
510 2790 654 2844 inquit,
687 2793 779 2830 milei
798 2800 840 2830 ut
861 2795 1004 2832 Christi
1022 2797 1167 2845 signum
1194 2798 1393 2845 impertias.
1459 2796 1560 2837 Tum
1589 2812 1651 2838 ac-
