2034 3267
359 130 437 171 568
914 134 1073 167 SANc'm
1099 135 1322 168 EPJPHANII

359 231 426 255 του
451 218 521 254 τοῦ
548 214 787 264 Μαρκίωνος
814 211 1112 264 ἐπινενοημένην
1133 214 1398 266 ψευδηγορίαν
1423 215 1488 255 καὶ
1510 213 1663 269 ληρώδη
1688 216 1869 256 διδασκα-

361 283 463 331 λίαν,
504 277 624 326 αὐτάς
647 277 695 330 δὴ
725 277 793 327 τοὶς
821 283 890 320 τοῦ
913 279 1193 332 προειρημένου
1215 282 1373 332 βίβλους
1400 279 1446 328 ἃς
1473 282 1649 334 κέκτηται
1676 280 1768 334 μετά
1799 287 1869 335 χεῖ-

360 365 428 402 ρας
451 345 598 399 λαβών,
637 345 679 387 τό
704 363 742 386 τε
763 345 852 400 παρ’
879 344 1014 403 ἳαῦτῷ
1033 345 1233 401 λεγόμενον
1256 345 1492 402 Εὕαγγέλιον
1514 351 1579 390 καὶ
1599 348 1871 391 Ἀποστολικόν

361 413 599 466 καλούμενον
631 412 719 468 παρ’
748 413 872 471 αὐτῷ,
915 413 1216 467 ἐξανθισάμενος
1242 416 1306 456 καὶ
1329 413 1600 468 ἀναλεξάμενος
1626 415 1716 458 καθ’
1740 416 1871 471 εἷρμόν

362 481 437 523 α’πό
458 486 532 523 τῶν
553 483 841 535 προειρημένων
861 481 931 523 δύο
954 485 1114 535 βιβλίων
1132 481 1178 523 τά
1198 483 1341 537 ἐλέγξαι
1359 481 1475 524 αὐτὸν
1495 482 1687 536 δυνάμενα
1709 484 1873 536 ἐδάφιόν

364 569 399 591 τι
419 548 631 599 συντάξεως
655 549 915 603 ἐποιησάμην,
946 548 1176 598 ἀκολούθως
1196 550 1311 599 τάξας
1333 549 1536 602 κεφάλαια,
1565 553 1631 592 καὶ
1653 551 1873 607 ἐπιγράψας

363 616 502 675 ἑκάστῃ
525 617 652 669 ρ’ήσει,
684 617 859 672 πρώτην,
892 619 1091 672 δευτέραν,
1122 621 1271 671 τρίτην,
1305 619 1370 660 καὶ
1394 617 1518 666 οὕτως
1539 619 1611 667 ἕως
1631 620 1760 668 τέλους
1779 622 1874 669 διεξ-

357 691 484 739 ῆλθον
508 687 548 726 ἐν
571 683 630 733 οἷς
654 688 831 737 φαίνεται
856 683 1019 738 ἠλιθίως
1041 683 1131 727 καθ’
1153 687 1292 727 ἑαυτοῦ
1326 691 1342 714 3
1358 687 1412 728 ἔτι
1433 685 1573 734 ταύτας
1600 686 1668 735 τάς
1687 704 1872 741 παραμει-

360 753 483 803 νάσας
503 759 573 795 τοῦ
592 770 630 794 τε
648 757 820 807 σωτῆρος
841 754 906 794 καὶ
927 758 995 794 τοῦ
1017 751 1233 796 άποστόλου
1252 755 1366 803 λέξεις
1387 754 1598 806 φυλάττων.
1648 756 1704 795 Αἱ
1719 756 1786 808 μὲν
1803 755 1874 810 γάρ

201 843 266 871 pag.
286 836 343 863 311.
364 821 490 863 αὐτῶν
516 823 838 877 παρηλλαγμένως
862 819 928 862 ὕπ’
953 819 1073 862 αὐτοῦ
1096 821 1503 879 ἐρρᾳδιουργήθησαν,
1542 822 1607 863 καὶ
1631 819 1684 870 ὥς
1707 821 1780 864 οὐκ
1804 821 1876 876 εἶχε

362 895 382 919 4
396 895 465 932 τοῦ
485 889 582 932 κατὰ
604 895 770 932 Λουκᾶν
796 888 1014 945 εὐαγγελίου
1037 888 1079 931 τό
1108 894 1124 917 ⁵
1139 887 1394 945 ἀντίγραφον,
1426 889 1512 932 οὔτε
1534 889 1559 944 ἡ
1582 896 1650 933 τοῦ
1676 888 1874 932 οἷποστολι-

361 964 434 1000 κοῦ
455 963 694 1013 χαρακτῆρος
716 959 900 1010 ἔμφασις,
939 956 1029 998 ἄλλα
1051 958 1091 998 δὲ
1113 956 1228 1009 φύσει
1252 956 1303 1006 ὥς
1323 959 1396 1011 ἔχει
1417 960 1482 1000 καὶ
1507 957 1548 1000 vd
1573 957 1789 1014 εὐαγγέλιον
1812 959 1878 1000 καὶ

363 1026 384 1068 ὁ
406 1026 636 1076 α’πόστολος,
678 1025 729 1079 μή
754 1023 958 1080 α’λλαγέντα
980 1023 1044 1066 ὑπ’
1066 1024 1206 1076 αὐτοῦ,
1246 1027 1441 1079 δυνάμενα
1463 1027 1503 1068 δὲ
1528 1025 1645 1068 αὐτὸν
1667 1027 1878 1082 διελέγχειν,

365 1092 411 1135 δι’
441 1089 495 1135 ὧν
518 1097 710 1135 δείκνυται
734 1092 877 1134 παλαιά
901 1092 1072 1146 διαθήκη
1095 1099 1358 1147 συμφωνοῦσα
1388 1093 1487 1148 πρὸς
1516 1093 1586 1148 τὴν
1610 1096 1722 1145 νέαν,
1762 1095 1826 1136 καὶ
1854 1092 1880 1147 ἦ

365 1161 481 1215 καινὴ
511 1161 610 1216 πρὸς
638 1161 708 1214 τὴν
738 1160 904 1202 παλαιάν
928 1160 1140 1214 διαθήκην·
1184 1160 1290 1203 ἄλλαι
1319 1162 1360 1203 δὲ
1383 1161 1495 1204 πάλιν
1517 1164 1633 1212 λέξεις
1653 1167 1730 1204 τῶν
1753 1160 1880 1203 αὐτῶν

366 1233 524 1284 βιβλίων
544 1228 807 1281 ὖποφαίνουσι
831 1227 999 1283 Χριστὸν
1022 1230 1061 1270 ἒν
1080 1230 1192 1282 σαρκὶ
1212 1230 1451 1282 ἐληλυθέναι,
1480 1232 1546 1271 καὶ
1566 1232 1606 1272 ἐν
1622 1228 1715 1283 ἡμῖν
1733 1232 1881 1279 τελείως

366 1298 729 1352 ἐνηνθρωπηκέναι·
771 1295 863 1337 άλλοὶ
888 1297 953 1337 καὶ
976 1295 1082 1338 ἄλλαι
1103 1296 1217 1338 πάλιν
1246 1302 1262 1326 ⁶
1278 1294 1510 1353 ὁμολογοῦσι
1537 1297 1608 1352 τὴν
1637 1303 1711 1340 τῶν
1737 1302 1881 1350 νεκρῶν

365 1364 593 1415 ἀνάστασιν,
626 1363 774 1406 καὶτὸν
796 1364 892 1406 θεόν
913 1366 979 1406 ἕνα
1002 1363 1095 1406 ὅντα
1115 1364 1251 1420 κύριον
1271 1363 1428 1407 πάντων
1450 1365 1743 1422 παντοκράτορα
1764 1364 1881 1407 αὐτὸν

366 1431 530 1486 ποιητὴν
550 1431 721 1487 οὐρανοῦ
742 1434 805 1474 καὶ
825 1437 897 1488 γῆς
918 1434 982 1474 καὶ
1003 1431 1158 1474 πάντων
1178 1437 1254 1474 τῶν
1276 1434 1340 1474 ἐπὶ
1358 1438 1428 1488 γῆς
1446 1435 1675 1489 γενομένων,
1704 1434 1771 1475 καὶ
1795 1431 1882 1474 οὔτε

367 1500 732 1557 παραχαράσσουσαι
751 1505 821 1542 τοῦ
845 1499 1063 1555 εὐαγγελίου
1084 1500 1153 1554 τήν
1171 1505 1325 1554 κλῆσιν,
1357 1500 1445 1543 οὔτε
1467 1501 1543 1555 μὴν
1564 1499 1794 1555 άρνούμεναι
1814 1499 1883 1542 τὸν

368 1568 532 1623 ποιητὴν
555 1570 620 1610 καὶ
641 1567 880 1624 δημιουργὸν
899 1573 977 1610 τῶν
997 1568 1167 1619 πάντων,
1200 1567 1290 1609 άλλά
1312 1571 1509 1622 δηλοῦσαι,
1539 1568 1607 1611 τὸν
1627 1573 1762 1619 σαφῶς
1784 1566 1883 1621 ὦμο-

367 1639 578 1693 λογημένον
607 1635 683 1678 ὑπὸ
716 1641 784 1678 τοῦ
808 1642 1049 1691 χαρακτῆρος
1076 1642 1144 1678 τοῦ
1171 1635 1428 1678 άποστολικοῦ
1456 1639 1522 1679 καὶ
1549 1642 1618 1680 τοῦ
1643 1635 1885 1692 εὖαγγελικοῦ

370 1707 623 1759 κηρύγματος.
668 1706 746 1745 Καὶ
765 1706 842 1746 ἔστι
860 1703 905 1745 τά
926 1703 1019 1757 ἡμῖν
1037 1706 1404 1760 πεπραγματευμένα
1423 1707 1463 1747 ἐν
1480 1703 1748 1758 ὑποκειμένοις
1763 1721 1884 1759 παρα-

371 1775 574 1827 τιθέμενα,
606 1771 718 1814 fimo}
748 1774 825 1813 ἐστι
854 1771 954 1813 τάδε.

371 1977 642 2013 ΠΡΟΟΙΜΙΟΝ
667 1977 767 2011 ΤΗΣ
792 1977 909 2011 ΠΕΡΙ
932 1976 1033 2011 ΤΩΝ
1055 1977 1339 2012 ΜΑΡΚΙΩΝΟΣ
1364 1976 1563 2011 ΒΙΒΔΙΩΝ
1585 1976 1886 2011 ΥΠΟΘΕΣΕΩΣ

916 2034 979 2067 TE
1004 2034 1084 2067 ΚΑΙ
1108 2034 1345 2068 ΕΛΕΓΧΟΥ.

469 2112 576 2169 ’Ότῳ
607 2115 717 2164 φίλον
745 2113 821 2154 ἐστὶ
848 2111 917 2160 τάς
945 2116 1014 2152 τοῦ
1043 2110 1242 2165 άπατηλοῦ
1269 2114 1506 2163 Μαρκίωνος
1535 2109 1683 2160 νόθους
1715 2112 1888 2160 ἐπινοίας

373 2182 582 2235 ἀκριβοῦν,
621 2181 687 2221 καὶ
706 2179 774 2229 τάς
797 2179 1052 2228 ἐπιπλάστους
1075 2184 1143 2221 τοῦ
1168 2177 1289 2221 αὐτοῦ
1309 2181 1554 2233 βοσκήματος
1576 2177 1745 2232 μηχανάς
1768 2181 1888 2234 διαγι·

373 2250 555 2299 νώσκειν,
595 2251 739 2305 τουτῳῒ
768 2253 820 2304 τῷ
849 2249 1121 2305 συλλελεγμένῳ
1151 2246 1343 2301 πονήματι
1369 2249 1537 2301 ἐντυχεῖν
1564 2246 1616 2300 μη
1646 2249 1886 2289 κατοκνείτω.

372 2317 438 2359 Ἐκ
459 2316 530 2372 γάρ
554 2321 623 2358 τοῦ
644 2314 732 2367 παρ’
758 2314 879 2357 αὐτοῦ
901 2314 1118 2370 εὐαγγελίου
1141 2314 1188 2356 τά
1208 2315 1308 2371 πρὸς
1329 2315 1549 2370 ἀντίρρησιν
1572 2319 1639 2367 τῆς
1662 2313 1888 2369 πανούργου

377 2384 497 2427 αὐτοῦ
519 2387 770 2441 ῥᾳδιουργίας
791 2382 1078 2432 σπουδάσαντες
1097 2385 1372 2438 παρεθέμεθα,
1409 2381 1458 2424 ’ἵν’
1481 2384 1520 2424 οἱ
1541 2387 1593 2439 τῷ
1616 2381 1811 2435 πονήματι
1831 2384 1888 2424 ἐν-

377 2459 500 2506 τυχεῖν
531 2453 727 2500 ἐθέλοντες
758 2453 867 2505 ἔχωσι
895 2456 1007 2493 τοῦτο
1035 2451 1246 2505 γυμνάσιον
1270 2450 1473 2504 ὀξύτητος,
1513 2449 1611 2505 πρὸς
1638 2452 1786 2505 ἔλεγχον
1812 2455 1889 2491 τῶν

379 2520 441 2562 ὑπ’
467 2519 586 2562 αὐτοῦ
611 2520 914 2572 ἐπινενοημένων
937 2521 1165 2568 ξενολεξιῶν.
1222 2518 1266 2560 Ὁ
1291 2520 1358 2572 μὲν
1382 2517 1453 2574 γάρ
1478 2516 1670 2573 χαρακτὴρ
1700 2521 1770 2558 τοῦ
1791 2516 1889 2559 κατά

379 2594 543 2630 Λουκᾶν
563 2590 737 2641 σημαίνει
755 2586 797 2629 τὸ
818 2585 1046 2642 εὐαγγέλιον,
1073 2585 1125 2635 ὥς
1144 2588 1184 2628 δὲ
1203 2586 1510 2642 ἠκρωτηρίασται
1528 2585 1620 2639 μήτε
1639 2583 1759 2638 άρχήν
1779 2586 1888 2638 ἔχων,

381 2656 472 2710 μήτε
496 2657 609 2709 μέσα,
641 2654 733 2708 μήτε
752 2656 877 2705 τέλος,
908 2656 1062 2707 ἱματίου
1085 2656 1330 2709 βεβρωμένου
1352 2653 1430 2696 ὑπὸ
1452 2658 1600 2696 πολλῶν
1622 2657 1747 2706 σητῶν
1767 2654 1890 2706 ἐπέχει

423 2760 453 2791 2.
476 2756 565 2793 α’]τῶ
586 2761 694 2799 scripsi
715 2761 897 2791 Cornarium
912 2762 1040 2796 secutus,
1061 2761 1112 2798 qui
1157 2758 1261 2800 ipsum
1280 2758 1385 2790 adhuc
1404 2759 1460 2790 has
1479 2768 1559 2800 quae
1577 2763 1710 2796 restant,
1731 2763 1800 2788 tum
1815 2757 1888 2788 Sal-

381 2808 479 2845 verlit,
495 2797 612 2847 ner'npe
625 2804 658 2835 id
675 2804 759 2846 quod
775 2804 860 2846 apud
877 2804 981 2846 ipsum
994 2802 1112 2834 dicitur
1156 2804 1290 2841 vatoris,
1315 2811 1384 2834 tum
1404 2802 1551 2845 Apostoli
1571 2808 1685 2833 servat.
1732 2803 1816 2834 Libri
1834 2804 1890 2834 ha-

382 2849 591 2891 Evangelium
615 2853 679 2881 cett.
728 2851 811 2881 Libri
836 2851 944 2881 habent
968 2845 1087 2880 αὐτῶν.
1157 2851 1223 2880 ὂεηι
1247 2847 1310 2882 ἐπὶ.

426 2894 456 2926 3.
483 2894 529 2927 ἔτι
547 2896 745 2926 emendarunt
762 2897 817 2926 los.
838 2896 974 2933 Scaliyer
991 2896 1017 2924 et
1039 2895 1110 2924 Cor·
1199 2892 1230 2925 4.
1253 2894 1309 2926 τοῦ
1329 2891 1414 2927 κατὰ
1432 2892 1559 2926 Λουκᾶν
1584 2889 1772 2934 εὗαγγελίου
1790 2902 1889 2924 emen-

383 2942 500 2979 narius,
522 2942 574 2979 qui
596 2941 693 2978 vertit,
717 2939 802 2981 quod
823 2939 920 2970 stulte
942 2944 1053 2970 contra
1076 2949 1110 2969 se
1155 2940 1268 2970 darunt
1295 2940 1352 2971 Ios.
1375 2940 1530 2978 Scaliqer,
1565 2941 1592 2969 et
1617 2939 1803 2977 Carnarius,
1836 2939 1889 2977 qui
