2034 3267
447 185 625 219 ΡΑΝΑΒΠ
650 186 748 219 Λυν.
772 186 995 218 HAERESES
1019 186 1101 218 Lm.
1120 186 1143 218 1.
1167 185 1273 218 ΤοΜ.
1292 186 1315 218 1.
1582 176 1635 216 29

238 264 445 307 Caeterum
480 265 543 319 qui
574 264 668 305 haec
700 271 833 305 nostra
863 264 1133 318 cuiuscumque
1164 263 1399 318 quaestionis
1427 264 1551 317 gratia
1580 266 1634 306 le·
1661 273 1736 316 Cap.
1765 275 1803 305 ΙΙ.

125 341 241 389 gent,
273 334 310 373 id
340 339 428 372 ante
453 332 585 372 oculos
616 331 780 371 habeant
806 331 943 381 velim,
977 346 1045 386 pro
1074 338 1285 386 temporum
1314 331 1635 386 occasionumque

125 402 234 455 copia
257 400 416 440 inventa
440 399 532 439 haec
558 412 645 438 esse
665 413 685 438 a
710 398 819 438 nobis
845 399 988 448 omnia,
1023 412 1280 452 quaecumque
1305 413 1373 453 pro
1397 399 1507 439 huius
1530 399 1637 454 inge-

127 467 218 508 nioli
246 467 426 507 facultate
450 466 685 519 investigare
708 464 922 518 potuimuS‚
955 477 1078 517 neque
1108 466 1274 504 omnium
1302 479 1399 519 quae
1429 467 1467 506 in
1497 468 1636 507 mundo

126 541 215 575 sunt
239 534 502 574 tractationem
524 533 594 572 hoc
617 532 656 571 in
680 543 795 584 opere
820 530 1005 584 profiteri.
1065 529 1168 570 Nam
1191 546 1314 585 neque
1340 534 1558 587 percenseri
1582 535 1637 574 di-

125 602 269 652 cendo,
311 614 434 654 neque
469 612 626 640 numero
660 597 927 651 comprehendi
961 604 1143 651 possunt,
1183 605 1294 651 atque
1323 607 1362 639 ut
1392 601 1634 641 humanarum

126 668 265 708 virium
288 675 434 721 captum
458 671 696 720 exuperant,
729 664 780 703 ita
804 663 874 703 soli
897 663 1063 703 omnium
1090 664 1242 703 domino
1269 674 1465 720 perspecta
1489 676 1577 708 sunt
1599 676 1637 708 et

126 736 294 789 cognita.
338 733 415 775 Sed
438 748 483 773 ea
503 733 650 772 demum
674 730 837 770 instituti
858 730 978 770 nostri
1003 730 1100 769 ratio
1123 737 1195 781 est,
1225 738 1264 770 ut
1286 732 1483 785 opiniones
1506 736 1636 789 cogni-

127 803 327 855 tionesque
350 802 493 848 varias,
526 812 570 838 ac
595 805 668 837 tam
694 797 780 837 fidei
802 811 910 851 quam
936 797 1169 837 infidelitatis
1196 799 1470 851 professiones,
1505 802 1637 843 haerc-

126 883 190 910 ses
214 870 302 909 item
324 882 367 908 ac
391 880 506 920 prava
529 866 702 918 dogmata
727 865 982 918 complectar,
1017 878 1114 918 quae
1138 878 1271 905 errore
1295 866 1544 908 circumventi
1571 870 1636 910 ho-

127 937 248 976 mines
276 942 352 975 toto
382 933 473 973 orbe
498 932 817 982 disseminarunt3
850 946 901 971 ex
932 946 1005 985 quo
1029 932 1189 986 primum
1213 932 1415 973 humanum
1447 948 1568 987 genus
1598 937 1635 976 in

128 1011 230 1043 terra
255 1001 442 1042 conditum
467 1006 525 1039 est
551 1000 595 1038 ad
623 999 846 1039 hodiernum
870 1013 990 1052 usque
1014 1006 1175 1052 tempus,
1210 1000 1271 1053 qui
1295 1007 1353 1039 est
1375 999 1637 1043 Valentiniani

128 1077 167 1110 et
192 1067 364 1110 Valentis
387 1081 508 1107 annus
533 1064 629 1117 XL,
663 1065 837 1106 Gratiani
863 1065 954 1107 Vll.
1016 1067 1145 1120 Atque
1173 1066 1233 1106 illa
1258 1067 1433 1120 quidem,
1468 1084 1563 1122 quae
1590 1071 1636 1110 de

129 1135 349 1177 haeresibus
369 1141 433 1173 aut
452 1133 604 1174 haeresi
627 1134 728 1173 omni
750 1133 1012 1188 superioribus
1031 1133 1214 1174 institutis
1239 1135 1431 1175 disserere
1454 1150 1499 1176 ac
1519 1137 1637 1176 lecto-

127 1204 228 1244 ribus
249 1215 463 1256 proponere
485 1201 742 1255 aggredimur,
770 1209 858 1241 sunt
879 1215 899 1241 a
920 1201 1029 1241 nobis
1051 1201 1187 1255 partim
1212 1202 1383 1242 doctrina
1408 1217 1451 1243 ac
1473 1203 1638 1244 lectione

127 1270 299 1323 cognita,
335 1268 470 1323 partim
499 1268 692 1309 auditione
713 1276 915 1323 percepta,
950 1269 1084 1323 partim
1110 1268 1224 1308 etiam
1253 1269 1408 1310 auribus
1430 1270 1523 1325 ipsis
1548 1286 1638 1312 ocu-

126 1337 245 1390 lisque
275 1335 462 1376 subiecta.
522 1335 585 1375 Ad
609 1335 700 1375 hacc
728 1336 994 1376 nonnullarum
1022 1343 1213 1375 sectarum
1237 1336 1430 1389 origines,
1464 1352 1548 1378 cum
1572 1339 1639 1379 do-

125 1403 312 1458 gmatibus
347 1403 440 1457 ipsis
470 1409 648 1443 accurate
674 1402 727 1443 ita
750 1403 803 1443 uti
830 1403 994 1457 professi
1023 1416 1177 1452 sumus,
1212 1404 1419 1444 tradituros
1450 1419 1520 1446 nos
1551 1419 1639 1446 esse

125 1470 372 1521 confidimus3
404 1470 443 1510 in
469 1470 553 1510 aliis
577 1477 722 1524 partem
748 1484 880 1510 eorum
904 1470 1090 1510 duntaxat
1114 1470 1345 1524 attingemus
1375 1486 1471 1526 quae
1495 1473 1540 1513 ab
1563 1473 1638 1514 illis

124 1538 216 1592 ipsis
243 1545 378 1578 exorta
400 1544 503 1587 sunt,
538 1544 717 1591 quantum
742 1537 892 1591 quidem
918 1537 980 1577 vel
1003 1551 1053 1577 ex
1074 1538 1331 1578 monumentis
1354 1546 1542 1591 veterum,
1577 1541 1638 1582 vel

125 1620 176 1646 ex
198 1605 390 1645 hominum
413 1605 636 1645 narratione
660 1604 720 1658 qui
742 1605 998 1658 plenissimam
1024 1605 1134 1645 nobis
1157 1606 1266 1645 fidem
1293 1608 1461 1647 fecerant
1485 1608 1639 1648 haurire

126 1673 333 1728 potuimus.
395 1670 473 1713 Sed
495 1671 532 1711 iu
557 1686 637 1711 eam
663 1679 779 1711 totam
804 1671 1105 1712 lucubrationem
1130 1674 1186 1712 sic
1209 1672 1467 1726 incubuimus,
1500 1690 1575 1715 non
1600 1683 1640 1716 ut

126 1753 195 1794 per
216 1753 285 1780 uos
307 1740 412 1794 ipsos
439 1746 575 1794 sponte
601 1752 912 1793 capesseremus,
945 1747 1009 1779 aut
1035 1739 1073 1779 in
1100 1753 1144 1779 ea
1167 1754 1236 1780 nos
1259 1749 1482 1795 argumenta
1504 1757 1639 1798 perpe-

124 1820 206 1847 ram
239 1806 555 1857 immitteremus,
596 1819 692 1860 quae
722 1806 859 1846 virium
893 1813 1112 1847 nostrarum
1144 1807 1395 1861 exiguitatem
1431 1818 1635 1865 superant:

125 1887 250 1928 neque
274 1873 375 1914 enim
401 1874 552 1914 aliunde
579 1888 672 1928 opus
694 1873 807 1924 illud,
841 1874 939 1927 quod
964 1887 1054 1928 prae
1080 1874 1252 1915 manibus
1275 1883 1349 1926 est,
1381 1878 1552 1932 aggressi
1575 1892 1639 1919 su-

125 1955 225 1991 muS,
258 1955 370 1995 quam
395 1942 492 1995 quod
518 1941 671 1981 volente
697 1941 768 1980 deo
790 1940 908 1981 variis
933 1941 1027 1982 locis
1051 1956 1095 1982 ac
1119 1943 1353 1997 temporibus
1378 1951 1509 1985 nostra
1531 1945 1577 1986 ad
1601 1945 1638 1985 id

126 2009 316 2062 agendum
333 2008 535 2049 sollicitata
555 2022 576 2048 a
595 2007 828 2063 sapientibus
848 2008 941 2048 viris
960 2009 1201 2050 imbecillitas
1225 2017 1298 2062 est,
1324 2010 1400 2052 imo
1419 2011 1531 2052 etiam
1550 2027 1637 2068 pro-

127 2076 329 2131 pemodum
362 2082 509 2116 coacta.
572 2073 744 2129 Quorum
773 2089 794 2115 e
829 2090 989 2117 numero
1022 2091 1093 2117 vos
1127 2077 1199 2132 ipsi
1237 2093 1408 2132 quoque,
1441 2080 1561 2120 Aeaci
1592 2094 1636 2120 ac

126 2142 270 2194 Paule,
303 2143 513 2183 venerandi
537 2144 674 2183 fratres
699 2149 736 2182 et
761 2143 1017 2184 honestissimi
1037 2144 1243 2185 sacerdotii
1269 2146 1461 2200 collegae,
1494 2147 1593 2187 idem
1616 2161 1636 2186 a

127 2224 188 2251 me
215 2210 447 2265 propheticis
477 2210 600 2251 literis
633 2210 866 2263 postulastis.
926 2209 1048 2265 Igitur
1077 2212 1252 2265 quoniam
1286 2227 1360 2253 non
1393 2214 1476 2253 siue
1507 2214 1635 2254 divino

128 2277 282 2318 numine
306 2291 359 2318 ex
380 2277 569 2318 immensa
589 2277 646 2317 dei
677 2291 873 2318 servorum
897 2279 1057 2319 caritate
1080 2285 1134 2318 tot
1164 2279 1202 2319 in
1227 2294 1340 2320 unum
1362 2280 1475 2321 video
1498 2281 1635 2321 collata

129 2345 351 2400 petitionum
373 2345 580 2399 suffragia,
613 2345 711 2398 quod
735 2359 756 2385 a
780 2360 838 2386 me
861 2353 936 2387 tam
963 2348 1080 2386 enixe
1106 2346 1312 2399 flagitatum
1338 2354 1410 2397 est,
1444 2348 1545 2388 nullo
1569 2362 1635 2389 ne-

128 2425 201 2466 que
233 2412 419 2452 orationis
452 2413 555 2452 cultu
580 2426 702 2465 neque
727 2427 862 2453 vocum
890 2414 1114 2464 lenociniis,
1147 2414 1215 2454 sed
1247 2414 1480 2468 simplicibus
1505 2416 1635 2456 verbis

127 2479 287 2533 rudique
310 2493 512 2529 sermone,
545 2479 758 2519 certissima
791 2487 917 2521 tamen
949 2481 1116 2522 omnium
1149 2494 1245 2535 quae
1272 2484 1519 2536 proponenda
1548 2491 1638 2524 sunt

127 2546 224 2596 fide,
256 2546 404 2586 initium
435 2546 582 2586 dicendi
615 2547 765 2587 faciam.

237 2612 297 2653 Ac
315 2613 512 2654 Nicander
544 2613 692 2667 quidem
726 2621 837 2668 poeta
872 2616 916 2655 de
946 2616 1178 2670 serpentium
1206 2630 1249 2656 ac
1276 2617 1464 2671 reptilium
1495 2625 1634 2659 natura
1659 2630 1735 2673 Cap.
1759 2631 1814 2663 ΠΙ.

128 2679 323 2721 disseruit.
383 2681 464 2720 Alii
502 2694 596 2721 vero
635 2681 842 2736 scriptores
877 2683 923 2723 de
963 2683 1133 2723 radicum
1174 2683 1453 2739 herbarumque
1491 2685 1637 2726 viribus

129 2793 268 2833 νητικῶν
291 2795 415 2825 coniecit
434 2795 596 2832 Petamus,
630 2796 656 2824 et
678 2795 735 2825 Ios.
760 2795 858 2826 Scali-
903 2798 979 2826 neto.
1025 2796 1144 2835 Reliqui
1172 2797 1241 2827 libri
1271 2795 1559 2840 διασκοπήσαντας
1582 2799 1638 2829 ha-

130 2845 192 2876 ger.
240 2839 333 2877 Vulgo
356 2842 438 2869 extat
460 2838 684 2880 προφητικῶν.
904 2841 981 2872 benc.
1025 2842 1082 2871 Ios.
1107 2842 1263 2881 Scaligero
1288 2843 1405 2881 placuit
1428 2839 1637 2884 διεσκόπησα

177 2879 225 2913 14.
255 2883 301 2915 Ita
333 2884 399 2914 cod.
433 2885 500 2915 Ven.
559 2885 653 2923 Vulyo
686 2880 859 2925 φιλοκαλό-
903 2881 973 2921 τὰς.

130 2934 228 2958 τατοι.
951 2928 1000 2961 16.
1036 2929 1116 2962 εἴσω
1151 2931 1215 2961 cod.
1253 2932 1352 2962 Venet.
1409 2930 1456 2969 εἰς
1489 2926 1509 2964 3
1545 2933 1636 2971 vulgo

176 2971 226 3002 15.
249 2967 478 3013 διασκοπήσας
498 2970 558 3010 τὰς
577 2973 649 3004 dedi
671 2981 708 3004 ex
726 2974 791 3005 cod.
806 2975 860 3005 Ve-
904 2977 996 3006 extat.
