2034 3267
446 190 624 222 PANAan
651 190 732 222 Llss.
755 191 778 221 1.
803 191 909 222 ToM.
930 191 971 222 11.
995 191 1124 222 HAER.
1147 191 1293 222 xxvn.
1553 185 1631 224 213

110 269 287 312 ventibus
312 268 433 308 adhuc
458 268 663 322 apostolis,
698 267 815 308 Petro
839 269 987 309 scilicet
1008 283 1052 308 ac
1074 268 1195 309 Paulo
1222 269 1389 324 episcopi
1410 269 1472 311 alii
1498 284 1630 311 surro-

110 337 206 392 gari,
235 337 332 390 quod
353 336 465 375 iidem
487 335 536 375 illi
561 336 801 388 praedicandi
826 336 1015 389 evangelii
1039 338 1162 389 gratia
1187 337 1223 376 in
1249 338 1343 377 alias
1365 337 1478 378 urbes
1501 339 1628 391 regio-

107 417 251 458 nesque
278 404 551 457 profectionem
579 403 840 456 susciperent,
885 416 1018 442 carere
1045 410 1168 443 autem
1196 404 1375 458 episcopo
1399 403 1525 445 Roma
1551 420 1626 446 non

106 478 250 526 posset.
315 468 508 524 Siquidem
533 468 674 509 Paulus
699 470 736 508 in
761 468 984 522 Hispaniam
1010 471 1208 523 pervenit,
1241 470 1381 512 Petrus
1402 485 1497 512 vero
1522 471 1625 514 Pon-

105 546 183 579 tum
217 553 261 579 ac
291 537 511 592 Bithyniam
549 549 824 590 saepenumero
857 536 1091 588 peragravit.
1153 538 1212 577 Ac
1243 539 1326 578 fieri
1358 553 1451 579 sane
1484 540 1622 594 potuit,

105 612 147 646 ut
167 606 326 660 primum
353 602 552 645 Clemente
577 602 805 651 constituto,
840 616 923 641 cnm
950 603 982 641 is
1007 603 1206 656 defugeret
1231 605 1281 656 (si
1304 606 1358 645 ita
1380 613 1504 647 tamen
1533 622 1625 647 con-

108 672 212 726 tigit,
259 673 355 726 quod
388 686 459 726 ego
488 670 676 725 opinando
703 668 827 722 potius
857 683 969 722 quam
993 672 1253 710 asseverando
1279 672 1463 726 dixerim)
1490 683 1624 729 postca

105 738 232 790 Lino,
267 738 453 792 Cletoque
477 737 659 786 mortuis,
692 735 753 788 qui
776 733 857 774 th
880 749 1065 775 annorum
1091 738 1212 791 spatio
1234 739 1451 792 singulatim
1477 743 1625 796 episco-

106 814 233 861 patum
262 807 529 854 obtinuerunt,
573 810 658 856 post
688 803 947 856 apostolorum
974 802 1081 843 Petri
1107 803 1292 858 Paulique
1324 820 1479 858 necem,
1527 825 1623 862 quae

106 875 143 913 in
167 888 304 913 annum
328 871 498 912 Neronis
520 868 616 909 XII.
645 869 829 920 incurrit,
862 877 939 909 tum
964 871 1112 910 demum
1140 873 1395 926 pontificatum
1420 889 1623 929 capessere

106 942 155 981 sit
181 947 349 980 coactus.
410 936 486 978 Sed
515 944 716 990 utcumque
744 951 831 977 sese
858 951 920 977 res
946 938 1142 988 hahuerit,
1187 938 1449 981 Romanorum
1474 944 1623 996 pontiti-

107 1023 190 1048 cum
224 1009 294 1047 ista
323 1004 517 1045 successio
549 1010 629 1043 est:
672 1002 813 1044 Petrus
841 1011 878 1044 et
901 1003 1068 1055 Paulus,
1110 1005 1234 1046 Linus
1262 1022 1306 1047 ac
1333 1006 1488 1060 Cletus,
1533 1008 1623 1051 Cle-

107 1089 237 1124 mens,
281 1072 505 1121 Euaristus,
554 1071 796 1121 Alexander,
843 1070 1021 1127 Xystus,
1064 1073 1352 1128 Telesphorus,
1398 1075 1618 1130 Euaristus‚

108 1143 304 1197 Hyginus,
343 1137 460 1189 Pius,
501 1138 714 1188 Anicetus,
758 1139 818 1192 qni
842 1147 900 1179 est
922 1154 943 1180 a
964 1154 1024 1180 me
1048 1141 1160 1195 paulo
1184 1149 1272 1182 ante
1294 1143 1330 1182 in
1357 1144 1624 1198 episcoporum

107 1210 237 1250 ordine
262 1213 499 1246 numeratus.
560 1206 620 1246 Ac
644 1206 786 1246 nemini
808 1221 901 1247 sane
924 1208 1058 1248 mirum
1084 1208 1259 1249 videatur
1281 1224 1349 1250 cur
1367 1210 1518 1265 singula
1542 1219 1624 1252 tan-

107 1285 144 1317 ta
166 1289 248 1315 cum
273 1273 468 1327 diligentia
494 1273 765 1327 percurrerim.
816 1273 895 1314 Per
917 1275 1011 1315 haec
1034 1276 1134 1315 enim
1158 1284 1340 1331 perpetuo
1362 1286 1466 1319 certa
1490 1294 1623 1320 accur-

104 1350 259 1396 rataque
282 1341 425 1382 veritas
449 1341 677 1380 ostenditur.
740 1340 1000 1394 Quamobrem
1025 1343 1196 1394 Aniceti,
1223 1352 1264 1384 ut
1286 1345 1426 1385 dictum
1447 1354 1506 1386 est
1527 1354 1620 1388 tem-

103 1423 216 1465 pore,
257 1407 486 1449 Marcellina
508 1409 570 1448 illa
596 1407 757 1448 Romam
781 1409 964 1460 veniens,
1010 1418 1047 1450 et
1071 1408 1397 1465 Carpocratianae
1423 1414 1620 1456 doctrinae

102 1478 208 1519 virus
234 1490 441 1526 evomens,
484 1476 623 1515 multos
649 1476 725 1516 illic
750 1490 882 1516 errore
910 1492 979 1517 suo
1004 1478 1231 1532 depravatos
1255 1480 1291 1519 in
1317 1481 1477 1521 exitium
1498 1482 1620 1537 impu-

102 1545 158 1597 lit,
191 1545 433 1597 indidemque
455 1542 727 1584 Gnosticorum
751 1551 838 1584 sunt
859 1546 1026 1584 excitata
1048 1546 1269 1599 primordia,
1332 1547 1486 1589 Habent
1504 1564 1620 1604 porro

103 1610 394 1666 Carpocratiani
418 1611 585 1665 depictas
609 1611 800 1651 coloribus
823 1611 1034 1665 imagines,
1079 1613 1229 1666 quidam
1257 1615 1371 1655 etiam
1394 1630 1532 1656 aureas
1556 1625 1622 1657 aut

102 1686 330 1732 argenteas,
373 1679 434 1718 vel
462 1693 513 1718 ex
538 1679 610 1718 alia
636 1679 796 1719 materia
823 1680 964 1728 factas,
1007 1694 1100 1733 quas
1127 1695 1213 1721 esse
1238 1680 1326 1722 Iesu
1353 1683 1495 1737 effigies
1521 1685 1620 1724 affir-

103 1754 227 1797 mant,
270 1746 500 1800 easdemque
531 1761 552 1786 a
576 1744 714 1786 Pontio
743 1745 868 1786 Pilato
897 1747 942 1787 ad
973 1745 1118 1788 Christi
1148 1748 1435 1790 similitudinem
1461 1752 1618 1802 effictas,

104 1829 177 1868 quo
199 1821 369 1868 tempore
392 1814 494 1853 inter
512 1813 684 1853 homines
704 1813 881 1866 degebat.
935 1812 1012 1855 Sed
1034 1815 1218 1855 eiusmodi
1240 1817 1428 1870 imagines
1449 1819 1620 1860 occultas

102 1882 264 1931 habent,
299 1895 369 1921 nec
396 1895 470 1920 non
491 1888 528 1921 et
551 1881 857 1935 philosophorum
881 1883 1114 1935 quorundam
1130 1915 1140 1934 ,
1175 1890 1214 1923 ut
1237 1882 1498 1939 Pythagorae,
1530 1884 1620 1926 Pla-

103 1949 224 1999 tonis,
259 1948 505 1999 Aristotelis,
539 1948 798 2002 aliorumque,
832 1949 966 2004 quibus
994 1964 1059 1990 eas
1086 1965 1180 2004 quas
1203 1951 1281 1992 dixi
1309 1950 1454 1993 Christi
1476 1953 1619 2007 effigies

101 2016 286 2066 miscent,
321 2023 360 2056 et
385 2023 534 2056 erectas
561 2016 670 2056 simul
696 2030 828 2056 omnes
852 2018 1034 2068 adorant,
1067 2018 1113 2058 ad
1139 2032 1279 2073 easque
1301 2020 1497 2072 gentilium
1523 2021 1620 2061 ritus

102 2084 318 2124 instituunt.
381 2082 590 2124 Collocatis
622 2083 721 2123 enim
747 2083 959 2124 simulacris
989 2086 1097 2136 istis,
1141 2100 1237 2140 quae
1264 2101 1284 2126 a
1308 2088 1514 2140 gentilibus
1537 2088 1621 2128 fieri

104 2152 229 2191 solent
260 2151 439 2205 deinceps
470 2151 684 2206 perficiunt.
747 2150 910 2204 Quinam
941 2167 1034 2193 vero
1065 2161 1154 2193 sunt
1182 2154 1345 2207 gentiles
1377 2154 1403 2194 ii
1427 2155 1523 2195 ritus
1556 2154 1621 2195 alii

104 2233 213 2272 quam
235 2219 437 2269 sacrificia,
471 2226 698 2272 caeteraque
717 2219 869 2271 generis
893 2220 1089 2260 eiusdem?
1148 2218 1357 2261 Caeterum
1376 2221 1429 2261 ita
1449 2223 1521 2262 soli
1539 2222 1621 2262 ani—

103 2299 187 2326 mae
216 2286 376 2326 salutem
409 2286 598 2326 attibuunt
631 2293 671 2325 ut
704 2286 750 2326 ab
781 2286 862 2327 eius
889 2288 1156 2328 communione
1189 2302 1349 2342 corpora
1379 2289 1621 2344 segreganda

103 2360 251 2407 putent.

216 2419 475 2473 Quamobrem
507 2421 609 2461 omni
640 2421 726 2461 illos
758 2435 828 2476 ope
862 2423 1064 2478 profligare
1099 2429 1249 2478 oportet
1279 2431 1390 2478 atque
1423 2431 1617 2465 evertere.

102 2487 242 2542 Neque
273 2489 372 2528 enim
404 2496 463 2528 est
489 2489 584 2541 qnod
613 2488 797 2528 eiusmodi
824 2491 999 2544 (logmata
1024 2491 1249 2545 praesertim
1277 2505 1297 2530 a
1323 2491 1387 2530 tali
1410 2491 1621 2546 impostore

103 2556 274 2610 profecta
300 2555 484 2610 quispiam
510 2562 744 2595 contemnat.
803 2557 959 2598 Atenim
985 2559 1086 2599 dicat
1110 2558 1262 2612 aliquis,
1294 2557 1438 2598 Nonne
1464 2572 1510 2599 ea
1533 2566 1624 2600 sunt

105 2623 260 2676 cognitu
296 2623 421 2662 facilia
451 2623 686 2676 stultitiaque
719 2623 961 2678 plenissima?
1021 2624 1121 2667 Sunt
1157 2640 1202 2666 ea
1240 2640 1347 2666 vero.
1417 2624 1495 2667 Sed
1530 2626 1623 2666 insi-

105 2690 294 2743 pientibus
314 2691 428 2730 stulta
452 2690 670 2744 plerumque
693 2693 985 2745 persuadentur,
1014 2694 1090 2733 imo
1112 2693 1224 2733 etiam
1247 2694 1452 2748 prudentes
1475 2708 1497 2733 a
1516 2700 1621 2734 recta

105 2757 166 2796 via
198 2758 424 2807 deflectunt,
471 2757 543 2797 nisi
577 2758 689 2796 animi
723 2758 781 2798 vis
812 2760 908 2800 adsit
940 2761 1114 2801 veritatis
1147 2761 1426 2800 exercitatione
1457 2761 1619 2801 firmata.

108 2821 362 2875 Quamobrem
391 2840 473 2864 cum
500 2826 539 2864 in
561 2825 694 2865 iisdem
720 2826 854 2878 quibus
879 2826 1013 2868 Simon
1041 2829 1198 2882 magicis
1223 2828 1368 2868 artibus
1392 2835 1622 2882 caeteraque

108 2903 278 2931 errorum
302 2894 410 2932 faece
435 2892 652 2947 Carpocras
675 2892 847 2944 haereat,
880 2909 949 2935 nos
974 2897 1126 2936 easdem
1151 2909 1300 2949 quoquc
1319 2896 1363 2935 ad
1386 2896 1490 2936 illum
1513 2909 1623 2936 ever-

107 2958 262 2998 tendum
288 2960 458 3000 rationes
484 2959 760 3000 adhibebimus.
822 2959 865 3001 Si
889 2963 990 3002 enim
1013 2963 1142 3017 ignota
1173 2963 1235 3003 illa
1267 2976 1337 3003 nec
1368 2964 1443 3003 ullo
1471 2962 1623 3003 nomine

1647 2434 1724 2478 Cap.
1747 2436 1818 2468 Vn.
