2034 3267
504 137 679 168 PANARII
704 137 785 168 LIB.
809 138 830 169 I.
855 137 959 170 TONI.
981 138 1036 170 III.
1062 137 1189 169 HAER.
1211 138 1319 168 XLII.
1590 130 1667 169 647

268 214 403 255 Refut.
434 213 489 255 Ill
512 223 548 255 ct
566 214 642 255 XI.
691 214 733 256 Si
761 216 869 257 huius
892 216 1010 257 seculi
1030 217 1221 271 principes
1243 223 1331 257 sunt
1351 217 1479 269 multi,
1510 217 1570 271 qui
1589 218 1669 272 qui-

154 283 236 323 dem
264 290 519 333 evacuantur,
555 298 629 323 non
660 283 772 323 trium
801 283 960 338 amplius
988 282 1292 338 Principiorum,
1324 283 1498 335 Marcio,
1531 286 1669 340 stirpes

153 366 196 391 ac
223 350 371 390 radices
397 350 578 404 indagare
605 351 778 405 cogeris,
822 353 887 392 sed
920 351 1030 391 aliam
1060 351 1295 392 comminisci
1327 352 1513 404 fabulam,
1555 361 1668 408 atque

153 419 354 458 multorum
387 419 431 458 ad
457 417 736 473 Principiorum
768 426 806 459 ct
839 419 1030 469 radicum,
1075 427 1112 458 et
1143 419 1306 473 ingentis
1332 420 1488 460 alicuius
1514 428 1667 476 tragoe-

151 486 234 526 diae
259 486 542 539 inquisitionem
577 494 610 526 te
643 494 887 526 convertere.
952 484 1124 540 Cumque
1156 487 1286 526 nescio
1318 487 1404 541 quid
1431 488 1665 530 calumniose

149 554 364 604 struxeris,
410 568 532 608 neque
569 554 667 594 enim
702 554 877 594 invenire
911 553 1054 608 poteris
1085 555 1396 608 quemadmodum
1433 556 1550 596 verba
1584 557 1662 608 illa,

150 626 224 674 Qui
242 630 487 669 evacuantur,
533 622 820 672 accommodes,
867 635 918 661 cx
949 621 1019 661 hoc
1045 621 1127 676 ipso
1150 625 1354 661 evacuandi
1373 624 1557 664 vocabulo
1581 633 1665 666 ruat

148 691 209 730 illa
235 703 394 730 necesse
417 696 491 740 est,
524 704 633 743 quam
657 689 783 742 lingis,
816 687 1097 743 Principiorum
1120 689 1253 739 radix,
1289 704 1425 730 carens
1449 691 1531 746 ipso
1552 691 1663 733 Prin-

147 758 261 813 cipio.
324 755 510 811 Quicquid
539 756 637 796 enim
663 756 802 796 desinit
824 756 1048 810 aliquando,
1091 758 1362 810 sempiternum
1390 772 1475 799 esse
1501 775 1574 800 non
1598 755 1681 816 po·-

147 832 244 866 tcst:
278 826 344 865 sed
371 825 402 865 si
427 824 649 879 principium
674 823 822 877 aliquod
849 824 945 863 unde
969 837 1054 864 esse
1079 825 1203 879 coepit
1228 825 1422 877 habuerit,
1465 828 1580 868 finem
1605 830 1662 869 in-

145 907 261 948 super
291 892 490 933 obtinebit.
551 889 657 931 Fieri
688 891 823 946 quippe
855 891 985 945 nequit
1017 899 1056 931 ut
1087 893 1182 945 quod
1211 893 1434 947 principium
1460 894 1574 936 habet
1597 912 1661 951 pe-

145 975 263 1001 renne
294 961 343 1001 sit
374 975 417 1000 ac
444 965 682 1014 perpetuum.
746 958 899 1013 Alioqui
927 960 1014 1013 quid
1039 960 1128 999 illud
1153 960 1222 999 sibi
1247 960 1363 1001 vellet
1387 963 1484 1015 quod
1507 963 1658 1016 dicitur,

144 1030 179 1069 id
211 1029 309 1083 quod
341 1035 400 1068 est
427 1027 509 1067 eius
531 1040 618 1066 esse
643 1040 817 1066 caussam
842 1027 939 1081 quod
961 1028 1162 1081 aliquando
1185 1042 1260 1068 non
1286 1030 1400 1069 suerit
1425 1037 1462 1069 et
1486 1045 1572 1072 esse
1597 1034 1659 1074 de-

144 1111 243 1137 mum
268 1095 463 1151 coeperit?
523 1093 689 1150 idipsum
713 1109 828 1148 porro
852 1095 950 1149 quod
978 1102 1058 1146 est,
1092 1103 1201 1150 pater
1226 1104 1285 1137 est
1306 1104 1344 1137 et
1369 1098 1490 1148 filius,
1525 1108 1562 1140 et
1584 1101 1661 1156 spi-

142 1165 237 1205 ritus
261 1171 433 1204 sanctus.
496 1160 638 1203 Cetera
665 1163 814 1214 omnia,
860 1177 955 1217 quae
981 1163 1130 1204 condita
1163 1172 1275 1215 sunt,
1318 1179 1392 1205 non
1418 1180 1504 1207 csse
1528 1168 1659 1209 dicun-

143 1240 223 1283 tur,
267 1245 363 1286 quae
392 1246 410 1271 a
436 1229 631 1285 Principio
658 1231 818 1284 quodam
847 1237 968 1271 ortum
996 1231 1229 1283 habuerunt,
1272 1233 1373 1273 inter
1397 1249 1493 1288 quae
1520 1237 1657 1278 malum

140 1301 253 1341 etiam
279 1300 375 1354 quod
400 1299 536 1340 dicitur
555 1299 797 1339 referendum
821 1306 893 1349 est,
926 1299 1061 1339 malum
1084 1300 1235 1354 inquam
1258 1302 1355 1355 quod
1377 1302 1421 1342 ab
1444 1303 1658 1346 hominibus

139 1369 213 1409 iam
235 1368 274 1408 in
293 1368 414 1408 lucem
436 1367 548 1407 editis
567 1374 753 1421 tamquam
776 1381 796 1407 a
818 1367 1002 1421 principio
1023 1370 1206 1419 manavit,
1241 1383 1322 1408 cum
1344 1377 1380 1410 et
1400 1371 1469 1424 ipsi
1489 1374 1656 1426 quando—

139 1450 210 1491 que
245 1450 319 1476 non
354 1435 517 1485 fuerint,
564 1442 601 1475 et
634 1441 711 1474 tum
742 1448 827 1475 esse
859 1435 995 1475 malum
1029 1436 1198 1490 coeperit
1230 1451 1313 1477 cum
1347 1445 1384 1478 et
1414 1439 1547 1492 homo,
1593 1444 1656 1497 qni

138 1511 249 1545 antea
271 1518 346 1544 non
369 1510 465 1554 erat,
500 1502 685 1557 originem
707 1503 868 1557 accepit.
933 1501 1063 1556 Quare
1087 1504 1215 1544 veniet
1243 1512 1388 1560 tempus
1412 1521 1494 1548 cum
1517 1510 1653 1551 malum

137 1572 297 1627 amplius
332 1586 408 1611 non
440 1572 533 1622 erit,
579 1585 661 1610 cum
689 1569 858 1625 Principi
888 1570 958 1625 ipsi
990 1570 1142 1612 minime
1174 1572 1272 1613 istud
1307 1574 1511 1628 placuerit,
1554 1580 1651 1631 qu'od

136 1647 258 1681 ortum
286 1654 306 1679 a
330 1638 515 1693 principio
541 1638 661 1693 ipsum
690 1639 727 1678 in
752 1639 935 1679 malorum
960 1653 1118 1680 numero
1141 1647 1251 1695 atque
1274 1642 1406 1683 ordine
1431 1644 1649 1686 collocarat.

135 1706 258 1762 Igitur
282 1722 356 1747 nou
381 1707 503 1746 solum
526 1713 612 1760 post
634 1721 834 1761 corporum
861 1708 1183 1748 resurrectionem
1212 1710 1382 1761 desinet,
1417 1713 1483 1752 sed
1507 1712 1652 1755 iamdu-

136 1776 221 1816 dum
246 1775 292 1815 ab
314 1775 397 1829 ipsa
420 1775 514 1828 legis
540 1774 864 1830 promulgatione,
898 1775 972 1814 imo
997 1783 1084 1816 ante
1109 1776 1230 1831 legem
1254 1777 1374 1832 ipsam
1400 1779 1437 1819 in
1461 1780 1651 1836 plerisque

135 1842 269 1893 desiit,
314 1842 375 1896 qui
409 1842 523 1882 vitam
555 1857 662 1883 suam
692 1857 742 1883 ex
774 1843 957 1883 naturalis
987 1844 1082 1898 legis
1111 1846 1345 1901 praescripto
1373 1854 1648 1902 temperarunt.

136 1909 214 1952 Sed
241 1907 357 1950 multo
386 1910 506 1963 magis
532 1918 614 1965 post
639 1908 783 1951 Christi
809 1911 1012 1952 salvatoris
1039 1913 1266 1964 adventum,
1311 1928 1354 1954 ac
1379 1915 1540 1970 denique
1567 1926 1653 1973 post

133 1985 368 2019 mortuorum
401 1977 742 2019 Resurrectionem
773 1979 884 2033 longe
916 1980 950 2019 id
984 1981 1209 2021 cumulatius
1243 1983 1404 2023 accidet.
1467 1982 1649 2037 Quando-

136 2047 286 2101 quidem
319 2049 558 2085 seminantur
589 2050 626 2086 iu
657 2051 910 2099 corruptione,
954 2057 1116 2100 snrgunt
1139 2058 1257 2089 autem
1289 2054 1325 2090 2⁶72
1357 2054 1643 2105 zbzcorrelptcbne,
1668 2067 1691 2093 1.
1708 2067 1774 2095 cor.

132 2129 203 2155 nec
233 2114 370 2154 malum
403 2114 560 2168 amplius
594 2122 833 2169 perpetrant,
878 2129 1000 2170 neque
1030 2117 1257 2159 moriuntur.
1318 2120 1377 2160 Ac
1409 2129 1646 2163 cessaturum
1667 2101 1764 2136 15,st

132 2182 282 2236 quidem
304 2182 458 2221 omnino
485 2182 622 2222 malum
644 2183 775 2223 eadem
798 2183 859 2224 illa
881 2185 1042 2239 apostoli
1065 2193 1227 2227 testatur
1249 2189 1394 2229 oratio:
1437 2193 1646 2243 Principum

131 2253 239 2289 huius
263 2252 399 2296 seculi,
434 2253 751 2302 qm'evacuantur.
814 2250 879 2291 Ex
901 2267 973 2306 quo
998 2267 1135 2294 vanum
1162 2261 1261 2294 tuum
1286 2256 1375 2297 illud
1399 2257 1533 2311 dogma
1555 2273 1645 2299 con-

131 2318 244 2367 cidit,
290 2316 463 2358 Marcio!
514 2320 610 2373 quod
636 2320 814 2375 opinione
837 2320 917 2360 sota
941 2321 1145 2362 confictum
1173 2324 1359 2375 mendax,
1405 2325 1641 2378 inconstans,

128 2385 344 2439 rationique
375 2385 528 2426 minime
560 2395 858 2429 consentaneum
890 2396 962 2430 est.

242 2451 374 2494 Schol.
400 2452 456 2494 1V
484 2461 521 2494 et
543 2453 640 2495 XII.
688 2454 879 2512 Scriptum
920 2464 979 2498 est
1012 2457 1134 2498 enim:
1182 2462 1256 2509 Oai
1283 2464 1554 2512 comprehendit
1583 2478 1642 2503 sa-
1662 2477 1770 2514 Gap.3‚
1783 2482 1822 2508 19.

125 2524 269 2574 pientes
289 2525 325 2561 z'n
346 2525 483 2561 astutia
504 2538 640 2563 eorum.
705 2523 754 2564 Et
776 2526 934 2567 iterum:
969 2530 1143 2566 Dominus
1162 2532 1265 2567 novit
1279 2533 1505 2581 cognitiones
1526 2532 1640 2571 Ιιοιηί-
1658 2546 1731 2574 ibid.
1748 2549 1788 2576 20.

129 2605 233 2639 uum,
267 2594 352 2643 quia
382 2605 496 2630 vanae
524 2600 622 2631 sunt.

239 2657 374 2699 Refut.
403 2657 460 2700 lv
491 2666 528 2699 et
557 2657 653 2700 XII.
702 2658 805 2702 Istud
839 2662 984 2718 ipsum:
1029 2666 1215 2715 Scriptum
1251 2673 1306 2704 est
1338 2673 1407 2705 ete.
1453 2668 1497 2708 ad
1531 2682 1638 2711 usum

129 2816 191 2848 qua
219 2804 376 2848 placuerit
406 2805 452 2837 illi
482 2805 570 2849 quod
604 2813 674 2846 est,
711 2807 860 2851 quodque
951 2808 982 2841 5.
1013 2810 1098 2840 Libri
1129 2813 1219 2851 vulgo
1251 2812 1447 2856 κεκτημένα.
1502 2816 1638 2860 „acqui—

130 2861 238 2882 caussa
261 2851 383 2883 sactum
401 2857 450 2883 est
468 2852 533 2883 eius
557 2855 619 2884 ceti.
665 2855 763 2893 Neque
789 2856 860 2886 Cor·
907 2853 993 2886 sita“
1014 2856 1100 2885 vertit
1124 2857 1298 2889 Cornarius.

127 2897 234 2927 narius
255 2907 348 2938 neque
365 2899 509 2929 Petavius
532 2898 610 2930 hunc
632 2900 730 2931 locum
750 2901 861 2931 intelle·
953 2899 984 2932 6.
1009 2895 1086 2933 ὄντα
1104 2901 1168 2932 cod.
1187 2903 1281 2934 Valic.
1315 2899 1451 2947 ἄρχοντα
1472 2907 1540 2940 libri
1555 2909 1636 2941 edici.

127 2944 246 2973 xerunt.
