2034 3267
487 172 665 205 PANARII
687 173 768 206 Lm.
790 175 815 206 1.
839 174 945 206 TOM.
967 174 1024 208 111.
1047 173 1299 205 HAER.XL11.
1577 166 1652 206 681

135 257 248 302 potu,
291 258 358 289 aut
389 254 426 290 z‘n
455 253 574 304 festo,
618 261 685 291 aut
714 256 750 292 2'72
787 257 994 301 neomenia,
1039 262 1075 292 et
1107 254 1282 301 sabbato,
1325 267 1417 305 quac
1446 261 1501 292 est
1529 255 1657 292 umbra

135 319 350 369 ficturorum
357 348 365 357 .

253 384 386 426 Resut.
413 384 428 426 Ι
460 394 497 427 et
522 385 728 427 XXXlX.
791 387 930 441 Neque
962 387 1113 428 aliunde
1145 401 1254 442 quam
1284 402 1305 428 a
1333 403 1495 443 corpore
1527 389 1658 430 umbra

138 455 353 507 spargitur,
388 468 511 508 neque
541 469 679 509 corpus
714 469 801 496 esse
827 462 973 510 potest,
1009 456 1096 509 quin
1124 456 1170 496 ab
1201 470 1246 496 eo
1274 457 1408 497 umbra
1438 465 1653 512 promanet.

140 518 399 573 Quamobrem
427 536 475 562 ex
508 522 582 562 illis
609 522 702 577 ipsis
730 523 904 563 veritatis
937 536 982 562 ac
1011 537 1206 563 sacrarum
1241 523 1438 564 literarum
1469 525 1654 579 reliquiis,

138 602 232 641 quas
254 589 349 643 apud
377 596 411 628 te
434 589 595 640 retines,
630 589 780 631 discere
804 591 1055 630 circumventi
1078 591 1145 630 abs
1170 598 1205 631 te
1228 591 1402 632 homines
1424 593 1578 643 debent,
1610 593 1655 633 ab

136 655 184 695 iis
210 655 319 696 bonis
344 671 440 711 quae
464 658 670 711 relegenda
696 658 784 697 olim
811 665 937 708 erant,
972 658 1149 698 mandata
1172 658 1234 698 illa
1259 672 1496 713 nequaquam
1519 660 1656 701 abhor-

136 723 262 764 ruisse
299 738 394 778 quae
431 725 476 764 de
509 725 593 764 cibo
628 739 672 764 ac
702 732 813 779 potu,
854 725 964 765 festis
995 739 1040 765 ac
1073 726 1287 767 neomeniis
1319 734 1357 767 et
1388 727 1556 768 sabbatis
1587 743 1655 783 pro

136 791 319 846 temporis
349 793 497 833 ratione
528 793 762 848 praescripta
790 800 900 844 sunt,
935 807 1092 847 quarum
1120 808 1190 833 nos
1220 794 1439 835 umbrarum
1469 796 1655 836 beneficio

135 860 394 913 praesentium
424 860 632 910 bonorum,
666 867 708 900 ut
730 861 781 900 ita
807 862 954 911 dicam,
989 875 1127 915 corpus
1157 863 1281 916 adepti
1310 876 1462 913 sumus,
1496 878 1592 918 quae
1617 865 1654 904 in

135 927 219 981 lege
250 928 470 969 adumbrata
503 935 696 982 postremo
726 928 763 968 in
797 926 953 969 Christo
985 930 1156 984 perfecta
1187 937 1290 969 sunt.

357 1053 412 1084 DE
438 1052 648 1085 EPISTOLA
674 1053 753 1091 lX.,
785 1053 904 1092 QUAE
931 1054 1013 1086 EST
1038 1055 1095 1085 AD
1126 1054 1430 1086 PHILEMONEM.

245 1131 330 1171 Hoc
356 1132 457 1171 illam
481 1132 614 1172 ordine
635 1130 787 1172 Marcio
815 1133 1038 1184 collocavit,
1073 1147 1158 1174 cum
1182 1134 1378 1188 apostolus
1407 1134 1538 1175 ultimo
1571 1136 1654 1175 loco

134 1199 320 1253 posuerit.
385 1197 460 1240 Sed
493 1200 529 1239 in
562 1200 754 1240 nonnullis
782 1200 977 1241 codicibus
1002 1199 1120 1241 Xlll.
1150 1208 1239 1241 ante
1270 1202 1468 1256 epistolam
1504 1204 1549 1243 ad
1575 1202 1655 1243 He-

134 1267 294 1318 braeos,
329 1281 425 1321 quae
458 1274 515 1306 est
547 1266 682 1318 xlv„
717 1275 954 1308 numeratur.
1017 1268 1105 1308 Alia
1139 1283 1272 1309 rursus
1307 1270 1546 1324 exemplaria
1576 1271 1655 1325 epi-

133 1335 269 1375 stolam
294 1335 339 1375 ad
365 1334 567 1375 Hebraeos
596 1335 780 1375 decimam
804 1343 970 1390 ponunt⁷
1004 1344 1092 1376 aute
1118 1335 1149 1376 Ι.
1176 1343 1215 1376 et
1240 1335 1293 1377 ΙΙ.
1320 1338 1366 1377 ad
1388 1336 1651 1389 Timotheum,

133 1403 178 1443 ad
207 1402 362 1453 Titum,
405 1411 442 1442 et
477 1401 756 1443 Philemonem.
821 1402 898 1443 Sed
936 1404 1111 1458 quicquid
1148 1411 1206 1444 est
1237 1404 1475 1459 integrorum
1506 1420 1551 1446 ac
1581 1407 1653 1446 fide

132 1470 332 1524 dignorum
359 1471 529 1510 codicum
556 1471 711 1525 primam
738 1472 781 1511 ad
805 1470 1002 1512 Romanos
1026 1472 1224 1526 epistolam
1249 1473 1434 1523 collocat,
1470 1488 1544 1514 non
1569 1489 1651 1515 eam

133 1551 228 1592 quae
252 1539 297 1578 ad
322 1537 481 1578 Galatas
507 1546 588 1587 est,
622 1552 731 1592 quam
763 1546 800 1578 tu
822 1539 979 1593 primam
1008 1553 1110 1590 esse,
1145 1538 1312 1590 Marcio,
1346 1541 1515 1581 voluisti.
1578 1540 1654 1584 Ce-

132 1613 254 1646 terum
281 1605 371 1645 nihil
399 1620 449 1645 ex
476 1606 637 1659 epistola
664 1607 707 1646 ad
734 1605 995 1647 Philemonem
1029 1607 1319 1659 adnotavimus,
1354 1610 1450 1663 quod
1482 1611 1578 1665 apud
1609 1610 1653 1651 il-

132 1673 206 1714 lum
241 1674 395 1714 omnino
426 1674 632 1728 depravata
665 1674 818 1727 legitur.

499 1799 560 1829 EX
586 1798 796 1830 EPlSTOLA
822 1799 878 1830 AD
905 1799 1211 1832 PHILIPPENSES
1237 1801 1280 1833 X.

244 1877 352 1918 Haec
378 1878 477 1918 enim
503 1878 598 1932 apud
622 1876 862 1918 Marcionem
886 1878 1030 1918 decima
1053 1886 1114 1919 est
1135 1887 1172 1919 et
1196 1880 1344 1931 ultima,
1377 1881 1473 1934 apud
1498 1890 1651 1937 aposto-

131 1947 206 1986 lum
233 1952 359 1986 sexta.
422 1946 483 1986 Ab
513 1946 605 1996 hac,
640 1947 736 1999 quod
767 1945 896 1986 vitiata
930 1939 1080 2000 penitus
1111 1955 1215 1988 esset
1246 1961 1290 1988 ac
1324 1957 1525 2004 corrupta,
1560 1951 1652 1992 nibil

131 2014 366 2067 seligendum
400 2014 593 2054 duximus.

245 2080 441 2121 Hactenus
465 2080 677 2122 Marcionis
711 2096 804 2136 opus
833 2096 884 2122 ex
910 2083 1101 2137 evangelii
1125 2082 1259 2124 Lucae
1291 2092 1329 2124 et
1361 2086 1522 2140 apostoli
1555 2087 1651 2127 seri-

131 2157 280 2204 ptorum
317 2164 361 2189 ac
392 2149 555 2202 denique
586 2163 780 2190 sacrorum
811 2150 1045 2191 voluminum
1076 2151 1247 2205 reliquiis
1283 2159 1523 2194 contextum.
1585 2153 1649 2195 Ex

132 2217 267 2272 quibus
301 2217 347 2257 ab
382 2230 427 2257 eo
462 2217 608 2257 relictis
643 2218 836 2272 particulis
866 2232 962 2272 quae
987 2219 1033 2259 ad
1057 2219 1160 2259 illum
1186 2220 1490 2261 convincendum
1522 2223 1649 2263 facere.

131 2292 310 2341 poterant
333 2285 559 2339 delegimus.
622 2284 785 2325 Praeter
806 2285 900 2326 haee
921 2300 1016 2327 vero
1041 2301 1092 2327 ex
1114 2300 1157 2327 ea
1187 2301 1284 2341 quae
1314 2289 1360 2328 ad
1384 2287 1649 2331 Laodicenses

131 2353 314 2407 inscripta
339 2360 398 2393 est
422 2353 581 2408 epistola
604 2354 786 2406 quaedam
819 2354 856 2394 in
881 2367 965 2395 eum
993 2354 1130 2395 librum
1155 2368 1265 2408 quem
1290 2356 1556 2411 Apostolicum
1580 2373 1650 2399 vo-

130 2429 192 2462 cat
223 2421 430 2461 transtulit.

244 2486 375 2529 Schol.
402 2487 416 2528 l
447 2496 485 2528 et
512 2487 606 2529 XL.
674 2492 772 2529 L'zms
804 2493 990 2538 dominus,
1036 2506 1108 2530 una
1135 2494 1258 2543 fides,
1307 2507 1415 2532 unum
1453 2495 1644 2546 baptisma,
1667 2510 1742 2547 Eph.
1764 2512 1788 2544 4,
1808 2512 1833 2539 5.

130 2572 224 2596 unns
249 2559 439 2603 Christus,
475 2571 568 2595 naus
591 2560 678 2596 deus
707 2565 743 2596 et
767 2566 877 2609 pater
907 2563 1086 2606 omnium,
1121 2563 1315 2612 qzcz'super
1344 2564 1485 2609 omm'a,
1519 2570 1556 2601 et
1580 2578 1649 2615 per

129 2628 269 2671 omnia,
304 2632 340 2663 et
369 2627 405 2663 in
437 2625 614 2663 omnibus.

240 2691 373 2732 Refut.
398 2689 414 2731 l
439 2699 477 2731 et
494 2690 588 2732 XL.
637 2690 896 2734 Consentiunt
920 2709 1004 2735 cum
1026 2695 1074 2735 iis
1097 2708 1192 2749 quae
1213 2695 1250 2735 in
1273 2696 1433 2750 epistola
1457 2697 1501 2737 ad
1519 2697 1646 2752 Ephe-

131 2759 226 2811 sios,
258 2760 437 2813 leguntnr
460 2773 556 2813 quae
582 2773 632 2800 ex
657 2761 819 2814 epistola
842 2762 887 2802 ad
908 2761 1153 2803 Laodicenos
1185 2763 1258 2816 (sie
1284 2763 1383 2803 enim
1406 2765 1644 2819 inscribitur)

131 2833 264 2868 contra
289 2834 325 2867 te
352 2827 567 2867 testimonia
597 2828 825 2881 protulistig.
846 2836 884 2869 ut
913 2830 952 2870 in
985 2831 1058 2871 fine
1092 2831 1243 2871 tandem
1269 2845 1367 2885 quae
1391 2833 1436 2873 ad
1460 2840 1497 2874 te
1529 2834 1645 2889 perti-

174 2937 227 2972 95.
252 2941 334 2973 Haec
357 2942 449 2973 verba
469 2942 562 2980 plane
585 2942 753 2973 abundant.
