2034 3267
503 182 679 214 mmuh
702 183 781 214 Lm.
798 184 819 215 1.
844 183 949 215 Tou.
975 184 1012 216 n.
1036 182 1166 215 mun.
1187 183 1300 214 xxx.
1580 176 1659 216 303

146 275 188 302 se
218 261 484 301 contumelias.
546 262 628 311 Ac,
673 265 721 301 Sc'
747 278 822 310 me,
866 262 1008 316 iuquit,
1046 266 1363 314 persecnlz’smzt,
1397 270 1659 315 etvosperse-
1711 267 1812 328 32³¹&

1728 319 1753 336 .‚
1805 323 1810 328 .

145 337 326 381 quenlm'5
370 332 484 367 sime
508 332 682 377 oderunt,
716 338 754 369 et
773 345 834 369 vos
867 334 949 369 odio
978 332 1184 369 habebunt:
1245 346 1363 370 nonne
1391 345 1446 369 me
1476 333 1656 370 dominum
1709 336 1820 396 13³2?-

144 400 266 436 ‹le'ez'tzls
285 411 330 435 ue
351 400 566 447 magistrum
579 401 597 436 Ρ
632 401 667 436 E
669 405 685 436 t
702 407 802 436 reete
823 401 946 436 (licitis
959 428 968 444 ‚
1002 412 1080 436 sum
1107 401 1249 437 elene‘m.
1298 402 1346 437 St‘
1362 402 1480 450 egitur
1494 407 1659 450 patrem-
1745 391 1753 405 ’
1808 391 1814 396 ’

141 466 306 517 filme'lltls
320 466 525 504 Beelzebub
548 474 779 512 vocaverunt,
810 473 945 516 quanto
969 468 1088 515 <magis
1108 469 1323 504 domesticos
1347 470 1454 505 eius?
1491 465 1556 517 Et,
1576 469 1661 506 Non

141 540 265 583 polest
290 547 418 571 servus
447 536 564 571 maior
593 548 670 572 esse
693 535 836 571 (lomim)
864 547 951 579 sao,
996 547 1111 583 neque
1136 536 1338 584 sltsss‘et'lmlue
1364 538 1541 585 magistro
1556 566 1565 582 ,
1599 538 1664 574 sed

145 607 221 638 esto
238 602 430 653 perfectas
456 604 492 639 ile
515 602 678 640 omnibus
698 601 900 650 (leb-ez'lmlus
921 603 1019 638 sieut
1040 603 1237 651 magister,
1273 601 1343 640 hoc
1367 609 1426 641 est
1444 603 1486 642 ad
1511 616 1659 642 omnem

146 667 391 707 vexationem
419 682 463 707 ac
489 668 814 716 maledicentiam,
849 674 885 706 et
910 668 1074 707 adversa
1098 668 1289 720 quaelibet
1313 670 1534 709 sustinenda
1559 686 1662 710 com-

149 742 316 789 paratus.
363 734 471 775 Unde
497 743 535 775 et
555 734 712 784 Paulus,
745 738 967 781 laniatores,
1003 735 1137 788 inquit,
1171 739 1386 784 mec'eslole,
1418 740 1515 775 sieut
1537 746 1573 776 et
1592 754 1660 789 ego
1709 746 1737 807 l·l
1745 747 1819 808 1qu-

149 805 303 841 Chre'slz'.
367 802 507 856 Neque
535 816 628 842 vcro
653 816 724 855 qua
758 816 831 842 non
866 802 1024 842 decebat
1058 802 1205 842 ratione
1233 803 1423 843 dominum
1460 805 1520 844 ille
1552 820 1659 846 suum
1761 803 1767 813 ’
1806 800 1811 805 ’

148 871 314 910 imitatus
347 878 419 910 est.
459 869 548 910 Non
570 870 670 909 enim
690 869 798 909 deum
821 883 908 910 esse
930 884 970 909 se
995 869 1106 919 dixit,
1138 877 1203 909 aut
1225 870 1283 909 dei
1309 871 1437 921 lilium,
1464 880 1529 911 aut
1551 874 1659 913 deum

148 938 321 978 verbum.
383 936 484 987 Sed,
525 940 609 988 Ego
637 952 738 984 sum,
780 937 923 991 inquit,
957 941 1125 977 ιηῑήῑίηυε
1147 941 1419 989 apostolorzmz:
1463 947 1521 990 et,
1568 944 1660 981 Tan·
1703 950 1815 1000 ¹·J3‘21'·

146 1021 251 1058 quam
284 1008 447 1044 abortivo
477 1008 575 1043 vesus
604 1013 662 1043 est
687 1013 724 1043 et
753 1008 853 1044 nn'ln'.
1722 986 1762 1018 h'
1784 986 1808 1011 'i'

260 1073 369 1127 Quod
403 1072 433 1112 si
469 1079 529 1122 tu,
573 1071 722 1123 Ebion,
757 1070 901 1113 Christi
926 1073 971 1113 ad
997 1073 1245 1113 imitationem
1273 1074 1410 1114 dictum
1437 1075 1525 1115 illud
1552 1090 1659 1117 usur·
1726 1088 1803 1130 Cap.

150 1156 238 1195 pas,
272 1148 309 1181 et
331 1140 378 1180 ob
400 1139 754 1189 circumcisionem,
789 1154 860 1194 qua
890 1148 927 1181 tu
953 1142 1091 1181 frustra
1119 1149 1154 1181 te
1181 1142 1346 1192 iactitas,
1381 1143 1550 1196 magistri
1573 1158 1659 1185 esse
1677 1133 1839 1165 XXXIV.

149 1209 280 1249 similis
304 1209 366 1249 vel
393 1208 532 1248 domini
559 1207 682 1262 potius
705 1208 877 1259 affectas,
913 1209 989 1248 noli
1015 1209 1306 1250 circumcisione
1331 1211 1365 1250 ei
1390 1210 1525 1251 similis
1547 1226 1657 1252 esse:

147 1290 268 1330 neque
299 1275 399 1316 enim
435 1275 501 1315 tibi
526 1277 717 1330 proderit,
757 1291 840 1316 cum
874 1277 973 1316 illius
1003 1283 1149 1331 tempus
1174 1277 1349 1318 dominus
1387 1278 1467 1332 ipse
1500 1280 1660 1321 circum-

145 1344 363 1397 scripserit,
407 1344 721 1397 quemadmodum
752 1344 899 1384 idoneis
936 1345 1063 1384 multis
1098 1345 1259 1385 testibus
1300 1345 1499 1387 evidenter
1532 1355 1661 1388 osteu-

146 1412 282 1452 dimus.
344 1410 463 1452 Venit
489 1412 614 1463 enim,
657 1420 903 1466 veteremque
941 1412 1167 1465 complevit,
1209 1414 1379 1467 perlecta
1413 1415 1560 1455 demum
1594 1430 1662 1470 per

145 1493 214 1520 sua
237 1479 420 1534 mysteria
446 1479 737 1520 circumcisione
760 1493 961 1520 concessa.
1010 1479 1133 1533 Quam
1160 1495 1233 1520 uon
1260 1496 1334 1521 uua
1359 1483 1530 1536 corporis
1554 1490 1660 1538 parte

146 1548 291 1588 deliniri
317 1548 458 1598 voluit,
492 1549 559 1588 sed
583 1548 714 1587 eadem
747 1555 867 1588 totum
894 1562 1031 1603 corpus
1064 1548 1279 1602 obsignavit
1312 1556 1423 1603 atque
1457 1565 1477 1590 a
1503 1559 1659 1604 peccato

147 1615 405 1666 circumcidit,
440 1629 563 1669 neque
590 1630 702 1655 unam
730 1617 916 1656 duntaxat
942 1616 1066 1670 populi
1092 1624 1261 1670 partem,
1305 1625 1390 1671 puta
1417 1617 1564 1658 virilem
1597 1634 1658 1659 se-

145 1698 260 1734 xum,
294 1684 359 1724 sed
388 1684 609 1723 universam
636 1681 945 1724 Christianorum
975 1691 1127 1737 gentem
1160 1685 1287 1739 reipsa
1319 1686 1512 1736 servavit,
1546 1687 1656 1737 viris,

145 1751 320 1805 iuquam,
355 1759 393 1791 et
418 1751 639 1792 mulieribus
663 1751 810 1805 siguum
837 1751 927 1791 illud
947 1751 1142 1806 impertiit.
1205 1751 1354 1807 Quippe
1372 1754 1417 1793 ad
1439 1754 1548 1808 regni
1571 1769 1659 1794 coe-

146 1820 252 1860 lestis
278 1820 487 1859 adeundam
522 1819 771 1860 hereditatem
805 1820 994 1859 cumulate
1017 1820 1213 1870 omnibus,
1258 1835 1334 1861 non
1368 1829 1528 1875 anguste
1556 1822 1659 1862 viro-

145 1902 226 1927 rum
254 1887 316 1928 uni
341 1888 497 1941 generi,
542 1886 643 1926 illam
672 1887 790 1941 ipsam
820 1894 944 1927 notam
969 1888 1133 1941 imponi,
1167 1888 1272 1928 velut
1294 1888 1547 1940 imbecillam,
1581 1897 1659 1930 sta-

144 1956 227 1996 tuit.
292 1956 477 2009 Adeoque
510 1963 582 1995 tam
617 1969 684 2009 per
717 1969 800 1995 eam
827 1969 935 2009 quam
968 1969 1035 2010 per
1069 1957 1247 1996 mandata
1280 1971 1348 1997 sua
1386 1957 1657 2012 egregiamque

146 2023 356 2064 doctrinam
392 2024 560 2064 coeleste
587 2037 745 2076 reguum
768 2020 990 2063 Christiano
1020 2024 1087 2064 toti
1111 2024 1248 2079 populo
1279 2026 1473 2079 patefecit.
1535 2026 1594 2066 Ao
1625 2027 1658 2065 si

147 2099 184 2132 tu
214 2091 354 2132 domini
386 2091 522 2131 similis
553 2105 663 2142 esse,
709 2090 779 2130 hoc
812 2098 871 2131 est
898 2091 1071 2144 magistri
1099 2093 1182 2142 vis,
1224 2092 1374 2144 Ebion‚
1406 2093 1658 2133 vehementer

146 2159 318 2200 aberras.
352 2158 444 2200 Noli
466 2159 565 2200 enim
590 2159 880 2199 circumcisione
902 2159 974 2199 ista
993 2159 1275 2200 similitudinem
1296 2161 1396 2201 illius
1421 2161 1654 2215 exprimere.

145 2226 290 2267 Verum
323 2228 482 2281 agedum
518 2241 539 2266 a
572 2234 816 2267 monumento
845 2225 1039 2268 Lazarum
1070 2242 1248 2278 arcesse,
1290 2235 1354 2268 aut
1383 2229 1494 2268 alium
1528 2243 1657 2282 quem-

146 2296 242 2350 piam
267 2302 455 2336 mortuum
490 2295 681 2345 excitato,
723 2302 788 2335 aut
819 2295 981 2336 infectos
1008 2296 1111 2349 lepra
1134 2310 1324 2350 repurga,
1358 2296 1482 2336 caecis
1515 2298 1654 2347 visum,

146 2377 352 2403 nervorum
374 2363 611 2403 resolutione
635 2362 892 2403 laborantibus
916 2364 1134 2414 sanitatem,
1158 2363 1189 2404 si
1213 2371 1336 2418 potes,
1361 2364 1536 2405 restitue.
1579 2363 1656 2405 Sed

147 2431 217 2471 deo
239 2445 313 2471 nou
337 2438 468 2485 potes,
509 2431 607 2484 quod
642 2430 862 2471 inlidelitate
888 2432 1090 2485 carnisque
1114 2431 1275 2472 vinculis
1311 2446 1354 2471 ac
1384 2432 1480 2486 legis
1514 2432 1654 2487 imper-

149 2499 258 2539 fectis
283 2499 512 2539 ceremoniis
534 2498 701 2551 illigatus
725 2499 915 2540 contraria
940 2499 992 2539 illi
1021 2500 1145 2540 omnia
1172 2500 1281 2540 sacis.
1328 2500 1456 2554 Atque
1484 2507 1523 2540 ut
1548 2514 1656 2555 prae-

146 2574 248 2607 stare
271 2567 437 2607 maxime
463 2579 620 2620 posseS,
653 2565 688 2605 id
714 2567 810 2620 quod
836 2575 990 2622 propter
1012 2568 1254 2619 depravatam
1282 2567 1391 2607 fidem
1415 2575 1514 2608 tuam
1547 2568 1656 2608 mini-

147 2648 205 2674 me
233 2643 341 2689 potes
373 2634 549 2687 assequi,
584 2648 658 2673 uon
682 2634 803 2674 instar
829 2633 974 2675 Christi
998 2635 1105 2685 di003
1148 2649 1270 2689 neque
1296 2635 1396 2675 enim
1420 2636 1654 2690 corruptioni

147 2702 338 2742 obnoxius
365 2709 477 2755 atque
502 2715 634 2741 errore
658 2700 870 2755 implicatus
903 2703 1103 2743 homuncio
1126 2704 1292 2743 conferri
1317 2717 1400 2742 cum
1428 2704 1498 2743 deo
1529 2710 1652 2758 potes,

147 2770 213 2810 sed
238 2784 360 2824 neque
384 2767 529 2810 Christi
553 2783 690 2809 nomen
716 2770 760 2809 ad
790 2770 932 2810 edenda
957 2771 1125 2825 prodigia
1152 2777 1260 2825 potes
1288 2770 1494 2819 iuvocare,
1529 2779 1593 2811 aut
1623 2773 1654 2812 si

149 2844 271 2878 tamen
298 2837 558 2887 invocaveris,
584 2837 723 2876 ellicies
748 2837 962 2892 quicquam.
1006 2836 1084 2879 Sed
1110 2838 1182 2878 etsi
1206 2838 1412 2893 paralytico
1436 2839 1654 2880 suscitando

147 2904 283 2958 aliquid
309 2907 501 2956 efficeres,
544 2905 642 2945 idem
671 2904 820 2959 utique,
854 2906 916 2960 qui
944 2920 1012 2962 per
1033 2904 1121 2948 lesu
1155 2919 1291 2946 nomeu
1322 2915 1575 2961 exsurgeret,
1610 2908 1654 2947 ab
