2034 3267
493 120 670 153 PANARH
692 121 814 154 LtB.1.
837 121 941 153 ΤΟΜ.
962 121 1017 152 nt.
1039 120 1167 152 HAER.
1187 120 1292 151 XLtt.
1569 112 1648 152 567

138 197 206 237 stri
237 198 362 238 studio
395 206 434 238 et
463 213 592 239 amore
626 201 759 240 ductus
787 200 911 240 crucis
935 199 1157 254 supplicium
1189 213 1263 238 non
1292 199 1525 239 necessitate
1556 199 1645 250 11113,

136 266 201 304 sed
238 266 433 306 voluntate
463 267 655 308 sustinuit.
716 266 782 307 Ex
812 283 885 322 quo
912 266 1124 307 Marcionis
1157 273 1234 307 tota
1267 266 1328 306 illa
1359 267 1455 307 ratio
1482 267 1647 307 funditus

134 333 398 373 labefactatur.
461 332 536 374 Sed
563 335 607 374 ad
633 336 714 375 eius
737 334 948 374 machinam
974 348 1122 374 omnem
1146 349 1188 374 ac
1212 335 1446 388 tragoediam
1470 342 1648 375 everten-

134 401 218 440 dam
251 401 365 441 multa
396 410 484 442 suut
514 416 535 442 a
562 402 670 442 nobis
700 403 736 441 in
763 402 862 442 illius
891 402 1158 441 refutationem
1187 409 1393 454 congesta,
1439 403 1646 458 eademque

132 469 312 522 religiosa
339 483 389 509 ex
411 477 537 510 mente
560 471 748 524 animique
770 475 872 509 recta
900 469 1048 508 ratione
1074 469 1230 522 praediti
1254 470 1533 523 significatione
1560 484 1646 525 pro-

133 537 249 576 fecta.

242 602 322 644 Iam
348 605 446 644 enim
480 606 523 645 ad
555 605 636 645 eius
660 604 822 658 scripta,
867 603 926 644 vel
954 602 1078 657 potius
1104 604 1290 644 scelerate
1316 605 1540 656 commissa,
1584 619 1643 646 me

131 673 302 712 confero,
363 671 462 712 Nam
487 673 559 712 iste
583 672 703 711 solum
726 670 858 711 Lucae
883 670 1122 723 evangelium
1149 672 1408 726 amplectitur,
1454 679 1645 727 amputato

131 746 254 779 tamen
283 740 364 780 eius
391 741 520 790 initio,
553 740 650 794 quod
673 739 722 778 ibi
746 739 950 778 salvatoris
977 738 1013 777 in
1039 746 1147 778 utero
1169 740 1458 792 generationem
1484 748 1520 780 et
1543 740 1645 781 eius-

129 807 211 847 dem
243 808 446 848 adventum
480 821 562 847 cum
597 820 757 861 corpore
792 806 991 860 perspicue
1023 815 1312 847 commemoret.
1373 806 1459 847 Nee
1494 807 1642 848 initium

129 875 240 914 modo
264 875 558 929 circumscripsit
583 875 645 914 ille
671 875 729 914 sui
753 874 876 928 potius
902 888 1010 928 quam
1037 874 1225 927 evangelii
1249 883 1472 930 corruptor,
1515 877 1582 916 sed
1607 884 1644 916 et

129 957 179 983 ex
200 943 307 982 initio
327 943 471 997 pariter
488 955 532 982 ac
550 942 673 981 medio
694 942 892 996 plerasque
913 941 1086 982 veritatis
1107 943 1319 983 sententias
1337 944 1505 994 sustulit,
1531 945 1644 985 alias-

127 1025 199 1064 que
231 1025 296 1065 pro
318 1010 392 1049 illis
417 1009 625 1049 substituit.
689 1008 797 1049 Hauc
823 1024 934 1049 uuam
961 1024 1075 1064 porro
1100 1011 1289 1064 evangelii
1319 1012 1499 1063 formam,
1544 1013 1643 1066 quod

125 1093 145 1118 a
170 1077 279 1118 Luca
302 1078 499 1131 scriptum,
533 1077 718 1118 admittit:
753 1077 934 1132 epistolas
957 1086 1156 1132 praeterea
1176 1077 1284 1119 Pauli
1309 1080 1470 1134 apostoli
1493 1081 1640 1130 decem,

125 1146 259 1199 quibus
285 1145 377 1185 solis
406 1145 545 1196 utitur,
589 1159 658 1185 uec
682 1145 729 1184 iis
754 1145 903 1199 quidem
927 1146 1110 1199 integris,
1156 1147 1222 1187 sed
1247 1147 1320 1187 alia
1347 1161 1397 1187 ex
1422 1148 1496 1188 illis
1519 1148 1643 1203 capita

124 1213 310 1263 detrahit,
354 1213 428 1253 alia
459 1220 679 1253 commutat.
742 1214 869 1267 Atque
902 1214 969 1254 hos
1002 1216 1096 1254 duos
1127 1214 1243 1254 libros
1270 1215 1456 1256 duntaxat
1486 1230 1554 1270 pro
1579 1231 1641 1257 ca-

123 1281 270 1321 nonicis
301 1281 435 1332 habet3
483 1288 635 1335 praeter
665 1295 758 1334 quos
792 1281 866 1322 alia
892 1282 1049 1336 insuper
1079 1296 1098 1321 a
1129 1296 1170 1322 se
1198 1283 1418 1324 elucubrata
1446 1284 1640 1325 volumina

122 1349 265 1389 erroris
290 1349 348 1388 sui
371 1349 553 1389 studiosis
578 1349 754 1389 obtrusit.
819 1348 1016 1403 Epistolae
1044 1364 1159 1400 vero,
1194 1365 1290 1404 quae
1314 1351 1359 1392 ab
1385 1351 1448 1391 illo
1475 1352 1639 1406 proban-

122 1424 205 1466 tur,
252 1417 322 1457 hae
352 1424 455 1457 sunt.
517 1415 644 1457 Prima
675 1424 734 1457 est
767 1417 812 1457 ad
846 1416 1028 1467 Galatas,
1075 1415 1128 1457 11.
1164 1418 1207 1458 ad
1243 1415 1466 1460 Corinthios
1499 1421 1636 1475 prima,

122 1482 196 1524 Ill.
230 1485 276 1524 ad
305 1482 530 1525 Corinthios
560 1485 751 1536 secunda,
794 1483 866 1525 lv.
899 1485 943 1525 ad
967 1484 1188 1536 Romanos,
1228 1485 1280 1526 V.
1314 1487 1359 1526 ad
1388 1487 1639 1529 Thessaloni-

122 1566 258 1592 censes
282 1552 417 1606 prima,
454 1550 524 1592 Vl.
552 1553 596 1592 ad
622 1552 993 1593 'l'hessalouicenses
1017 1553 1201 1604 secunda,
1236 1553 1330 1594 vlt.
1359 1556 1403 1595 ad
1429 1555 1636 1610 Ephesios,

120 1618 235 1660 Vlll.
269 1621 313 1660 ad
347 1618 627 1669 Colosseuses,
675 1619 750 1660 IX.
783 1622 826 1660 ad
858 1619 1144 1671 Philemonem,
1185 1619 1242 1662 X.
1277 1623 1321 1662 ad
1354 1621 1635 1678 Philippenses.

119 1686 244 1727 Habet
269 1695 306 1727 et
330 1689 374 1728 ad
399 1686 661 1728 Laodicenses
690 1688 875 1742 epistolae
901 1689 1105 1743 particulas
1127 1690 1285 1743 aliquot.
1349 1689 1434 1744 Qua
1462 1706 1513 1732 ex
1537 1693 1634 1746 ipsa,

118 1769 229 1809 quam
254 1756 414 1807 retinet,
457 1756 645 1809 evangelii
672 1755 990 1810 epistolarumque
1016 1757 1135 1796 forma
1159 1758 1308 1810 planum
1335 1758 1433 1799 hunc
1459 1766 1498 1799 et
1518 1759 1637 1815 impo-

117 1830 259 1862 storem
283 1837 369 1863 esse
395 1824 659 1863 demonstrare
683 1825 753 1864 deo
777 1823 983 1877 opitulante
1005 1838 1222 1876 possumus,
1259 1826 1552 1881 plenissimeque
1577 1842 1638 1868 re-

118 1891 263 1931 fellere.
326 1890 478 1931 Etenim
508 1905 557 1930 ex
585 1891 631 1931 iis
656 1891 748 1945 ipsis
777 1892 915 1942 libris,
949 1906 1042 1945 quos
1071 1907 1275 1946 germanos
1304 1908 1389 1934 esse
1415 1896 1633 1947 confitetur,

116 1959 248 2012 procul
277 1959 389 1999 dubio
421 1959 688 2012 redarguetur.
752 1958 811 1998 Ex
844 1960 890 1999 iis
922 1960 1072 2013 inquam
1104 1975 1198 2014 quas
1226 1962 1406 2002 adsciscit
1435 1976 1478 2002 ac
1505 1972 1636 2004 servat

117 2027 331 2079 evangelii,
365 2026 687 2081 epistolarumque
712 2027 903 2080 reliquiis,
946 2029 1041 2082 apud
1067 2041 1134 2068 eos
1161 2029 1310 2082 quidem
1336 2030 1396 2083 qui
1424 2030 1635 2084 sapientiae

115 2095 306 2148 paululum
333 2095 496 2134 habeant
519 2095 720 2135 manifeste
744 2095 1008 2149 probabimus,
1054 2109 1290 2150 nequaquam
1319 2112 1340 2138 a
1364 2105 1495 2139 vetere
1520 2106 1635 2140 testa-

115 2169 244 2202 mento
269 2160 482 2212 Christum,
509 2170 572 2202 aut
592 2162 637 2202 ab
661 2176 706 2202 eo
730 2177 812 2202 cum
836 2177 949 2203 carne
973 2163 1152 2204 veniente
1174 2166 1377 2219 prophetas
1401 2166 1633 2208 abhorrere:

115 2231 320 2284 quinetiam
355 2230 678 2270 resurrectionem
711 2244 912 2285 corporum
952 2231 996 2272 ab
1034 2234 1206 2286 apostolo
1242 2234 1476 2287 praedicari,
1525 2242 1564 2275 et
1595 2235 1633 2276 iu

115 2312 247 2338 eorum
285 2298 347 2352 qui
386 2298 546 2338 salutem
586 2306 872 2352 consequuntur
910 2314 1108 2340 numerum
1148 2300 1383 2341 Abraamum
1419 2302 1464 2342 ab
1500 2303 1633 2344 eodem

115 2373 152 2406 et
184 2364 357 2407 lsaacum
392 2364 647 2419 lacobunique
680 2367 844 2406 referri?
882 2381 953 2407 nec
985 2382 1060 2407 non
1092 2369 1239 2422 reliqua
1271 2370 1634 2412 demonstrabuntur

115 2434 265 2484 omnia,
309 2447 405 2488 quae
433 2440 565 2473 sancta
591 2433 648 2472 dei
671 2435 833 2474 ecc-lesia
858 2436 1079 2489 profitetur,
1122 2436 1303 2477 salutaria
1330 2438 1392 2477 illa
1418 2438 1567 2492 quidem
1589 2454 1633 2480 ac

114 2508 266 2551 sancta,
312 2502 446 2555 deique
473 2501 700 2541 auctoritate
728 2503 928 2553 roborata,
973 2518 1068 2558 quae
1098 2505 1285 2545 communi
1313 2505 1407 2556 fide,
1452 2507 1628 2558 scicntia,

114 2583 180 2624 spe
212 2569 459 2623 doctrinaque
491 2570 790 2623 comprehendit.

224 2635 341 2677 Libet
364 2651 458 2677 vero
481 2637 773 2691 disputationem
796 2640 983 2692 quandam
1010 2640 1069 2680 hic
1091 2641 1279 2691 inserere,
1312 2655 1421 2696 quam
1444 2643 1629 2685 adversus

115 2704 345 2745 haereticum
369 2706 482 2745 istum
505 2704 833 2756 elucubraveram,
866 2715 1066 2761 antequam
1090 2723 1182 2763 opus
1203 2709 1300 2748 istud
1327 2709 1477 2750 hortatu
1501 2719 1629 2752 vestro

115 2772 365 2827 susciperem.
426 2771 528 2812 Nam
560 2787 644 2812 cum
678 2773 804 2813 multis
835 2774 971 2816 abhinc
1003 2776 1112 2816 annis
1139 2774 1352 2817 Marcionis
1384 2777 1494 2819 huius
1527 2793 1629 2820 eom-

161 2918 235 2950 CAP.
256 2919 299 2952 X.
325 2937 365 2944 —-
393 2919 420 2952 1.
444 2921 564 2953 ἱκανῶν
587 2917 648 2962 γὰρ
670 2922 860 2954 scribendum
881 2925 1003 2962 putavit
1026 2925 1179 2955 petavius.
1225 2926 1289 2956 Non
1314 2935 1390 2965 opus
1413 2929 1464 2957 est.

1670 616 1745 659 cap.
1770 617 1828 648 ix.

1655 2655 1732 2698 Cap.
1755 2655 1797 2687 X.
