2034 3267
197 758 261 785 pag.
281 748 336 775 m.

186 2567 270 2609 Κεφ.
289 2564 351 2608 κγ’.

343 186 421 224 278
898 183 1056 214 SANCT1
1082 182 1300 213 EPJPHANn

348 285 416 321 σχα
437 271 576 320 φαγεῖν
599 260 686 316 μεθ’
706 258 837 312 ὑμῶν·
868 256 980 299 αὐτοὶ
1001 258 1042 298 δὲ
1065 255 1351 311 ἐπιγράψαντες
1369 255 1411 298 τό
1427 260 1555 312 Κρέας
1576 258 1735 307 ἑαυτούς
1753 259 1862 300 ἐπλα-

348 348 482 387 νησαν,
513 325 861 386 ῥᾳδιουργήσαντες
884 326 951 366 καὶ
975 323 1159 374 εἰπόντες,
1189 322 1264 376 Μὴ
1288 324 1478 380 ἐπιθυμία
1500 325 1732 379 ἐπεθύμησα
1750 329 1863 366 τοῦτο

350 400 392 442 τὸ
417 399 543 450 πάσχα
567 397 682 451 κρέας
705 399 845 448 φαγεῖν
874 390 961 445 μεθ’
983 390 1114 444 ὑμῶνς
1157 394 1308 442 Σαφῶς
1330 390 1372 431 δὲ
1394 392 1586 434 δείκνυται
1609 392 1668 434 ὅτι
1694 395 1758 434 καὶ
1792 391 1865 433 πά-

351 483 420 520 σχα
441 465 652 513 ἐπετέλεσε,
683 462 750 503 καὶ
769 461 863 514 κρέα
889 460 1106 514 βέβρωκεν,
1136 455 1190 506 ὥς
1212 463 1415 512 προεῖπον.
1471 455 1580 499 Ἀλλοὶ
1607 461 1672 501 καὶ
1693 459 1770 502 ἀπὸ
1796 463 1866 501 τοῦ

351 532 548 587 ὁράματος
577 527 908 584 4έλεγχθήσονται
936 531 1006 568 τοῦ
1037 524 1392 577 άποκαλυφθέντος
1423 527 1476 581 τῷ
1503 523 1599 582 άγίῳ
1633 529 1770 584 Πέτρῳ
1800 525 1867 568 διὰ

352 605 420 653 τῆς
439 597 587 651 ὀθόνης
610 602 678 650 τῆς
710 594 873 649 ἐχούσης
895 593 1022 636 πάντα
1052 595 1093 635 έν
1115 591 1213 650 αὐτῇ
1243 594 1369 646 θηρία
1396 608 1436 632 τε
1463 593 1530 632 καὶ
1551 592 1692 646 κτήνη,
1728 592 1867 649 ἑρπετά

353 669 420 709 καὶ
448 665 623 715 πετεινά,
661 664 728 705 καὶ
750 667 887 715 φωνῆς
910 664 1049 715 κυρίου
1076 660 1276 716 λεγούσης,
1304 657 1490 707 Ἀναστάς
1510 663 1639 700 θῦσον
1668 662 1734 701 καὶ
1756 661 1866 716 φάγε.

356 736 437 777 Καὶ
460 738 530 775 τοῦ
555 733 708 786 Πέτρου
731 731 927 785 λέγοντος,
959 731 1170 782 Μηδαμῶς
1191 726 1318 782 κύριε·
1350 724 1465 768 οὐδὲν
1484 725 1618 768 κοινόν
1641 726 1666 780 ἢ
1691 726 1866 782 ἀκάθαρ-

354 820 421 844 τον
443 803 615 853 εἰςῆλθεν
637 801 692 846 εἰς
713 797 755 839 vd
779 796 901 850 στόμα
924 814 1019 850 μου,
1050 797 1170 849 φησὶν
1189 793 1210 837 ὁ
1230 793 1387 849 κύριος,
1406 792 1458 834 uA
1480 791 1502 834 ὁ
1527 792 1623 842 θεὸς
1644 794 1868 846 ἕκαθάρισε,

354 869 403 911 σῦ
433 868 485 922 μὴ
513 870 659 909 κοίνου.
718 863 991 920 Εὖρεθήσεται
1023 862 1095 918 γάρ
1125 864 1167 904 ἐκ
1185 861 1257 904 δύο
1277 860 1435 916 τρόπων
1458 864 1525 913 τῆς
1553 859 1738 914 άληθείας
1759 859 1784 914 ἡ
1806 860 1871 902 σύ-

357 952 496 984 στασις.
541 936 594 975 Εἰ
614 934 683 987 μὲν
702 931 774 987 γάρ
796 934 927 987 ἐροῦσι
949 930 1045 972 κατά
1068 929 1222 971 πάντων
1243 927 1459 982 βρωμάτων
1484 929 1790 980 διεξεληλυθέναι
1811 927 1870 970 λό-

358 1023 428 1060 γον
453 1002 520 1045 τὸν
546 1001 656 1057 ἅγιον
682 1001 854 1055 Πέτρον,
884 1000 950 1040 καὶ
974 1000 1094 1052 λέγειν
1118 997 1176 1038 ὅτι
1208 995 1394 1038 οὐδέποτε
1422 994 1556 1036 κοινόν
1583 995 1609 1049 ἢ
1632 994 1871 1050 ἀκάθαρτον,

362 1070 415 1121 ὥς
443 1072 509 1112 καὶ
537 1069 655 1123 βόας,
694 1068 761 1109 καὶ
788 1065 920 1121 αἶγας,
961 1067 1028 1107 καὶ
1055 1063 1254 1119 πρόβατα,
1294 1064 1361 1104 καὶ
1386 1062 1531 1117 ὄρνεις,
1561 1062 1673 1104 κοινά
1694 1064 1875 1118 λέγεσθαι

361 1137 451 1192 παρ’
474 1136 597 1193 αὐτῷ,
629 1133 750 1183 εὖθῦς
772 1132 1066 1188 ἐλεγχθήσονται
1089 1134 1132 1174 ἐκ
1159 1136 1229 1185 τῆς
1249 1131 1440 1185 προτέρας
1467 1128 1587 1171 αὐτοῦ
1614 1129 1873 1184 άναστροφῆς.

362 1204 480 1248 Μετὰ
508 1203 581 1260 γάρ
611 1201 654 1244 τὸ
680 1207 798 1257 γῆμαι
823 1202 889 1242 καὶ
910 1201 1024 1241 τέκνα
1047 1204 1281 1252 κεκτῆσθαι,
1312 1199 1378 1238 καὶ
1402 1196 1598 1251 πενθεράν
1618 1199 1735 1250 ἔχειν,
1767 1198 1873 1238 συνέ-

363 1289 449 1326 τυχε
479 1276 531 1329 τῷ
566 1276 709 1325 σωτῆρι
741 1271 779 1318 ἐξ
813 1267 1012 1309 Ἰουδαίων
1046 1264 1280 1319 ὁρμώμενος.
1345 1263 1530 1306 Ἰουδαῖοι
1562 1265 1602 1306 δὲ
1632 1266 1698 1305 καὶ
1731 1263 1877 1319 σάρκας

366 1343 564 1388 ἐσθίουσι,
604 1339 670 1379 καὶ
697 1337 923 1391 κρεωφαγία
952 1331 1042 1386 παρ’
1073 1331 1205 1380 αὐτοῖς
1233 1329 1306 1373 οὐκ
1332 1332 1574 1383 ἕβδέλυκται,
1614 1330 1705 1373 οὐδὲ
1731 1329 1876 1385 άπηγό-

366 1424 507 1462 ρευται.
554 1404 655 1457 ’Ἆρα
687 1401 720 1457 γ’
754 1398 825 1443 οὖν
851 1399 971 1442 αὐτοῦ
1005 1398 1249 1455 βεβρωκότος
1275 1396 1340 1439 ἄπ’
1373 1396 1510 1452 άρχῆς,
1552 1400 1586 1439 εἰ
1610 1399 1675 1439 καὶ
1707 1400 1779 1446 ἕως
1807 1403 1878 1439 τοῦ

364 1477 598 1525 συναντῆσαι
615 1474 668 1528 τῷ
687 1475 829 1524 σωτῆρι
856 1466 998 1520 εἴποιμ’
1023 1466 1091 1517 ἂν,
1129 1465 1371 1520 δειχθήσεται
1396 1465 1456 1507 ὅτι
1488 1463 1604 1507 οὐδὲν
1630 1464 1764 1506 κοινὸν
1785 1463 1877 1520 ἡγή-

367 1556 458 1583 σατο
480 1545 557 1582 τῶν
576 1537 623 1581 οὐ
644 1542 786 1580 κοινῶν
808 1537 1035 1591 λεγομένων.
1095 1535 1175 1575 Καὶ
1198 1532 1270 1589 γάρ
1296 1531 1343 1575 οὗ
1367 1532 1466 1574 κατοὲ
1494 1532 1652 1574 πάντων
1681 1531 1879 1587 διεξήγαγε

366 1608 407 1651 vd
432 1606 566 1650 κοινὸν
592 1608 659 1648 καὶ
690 1604 937 1659 ἀκάθαρτον,
976 1600 1068 1643 άλλά
1093 1602 1180 1656 περὶ
1209 1596 1265 1643 ῶν
1291 1603 1413 1655 ἔλεγεν
1445 1598 1467 1642 ὁ
1496 1601 1617 1652 νόμος
1642 1604 1786 1641 κοινῶν
1814 1601 1879 1641 καὶ

367 1674 616 1729 ἀκαθάρτων.
677 1672 804 1713 Πάλιν
835 1672 876 1712 δὲ
903 1669 1045 1712 τούτου
1078 1670 1296 1722 δειχθέντος
1327 1668 1387 1710 ὅτι
1419 1666 1465 1709 οὕ
1498 1669 1585 1722 περὶ
1618 1666 1775 1708 πάντων
1802 1671 1880 1708 τῶν

368 1745 493 1797 κρέων
517 1740 621 1798 αὐτῷ
645 1742 786 1795 ἔλεγεν,
826 1736 880 1786 ὥς
902 1742 1046 1779 κοινῶν
1072 1735 1228 1778 πάντων
1252 1735 1395 1786 ὄντων,
1426 1733 1518 1776 ἄλλα
1546 1736 1635 1788 περὶ
1658 1739 1734 1775 τῶν
1757 1735 1797 1776 έν
1826 1738 1880 1791 τῷ

367 1810 474 1868 νόμῳ
495 1813 637 1851 κοινῶν
661 1824 700 1848 τε
727 1808 792 1848 καὶ
817 1804 1071 1858 άκαθάρτων,
1103 1802 1125 1845 ὁ
1146 1802 1241 1852 θεὸς
1260 1808 1330 1856 τῆς
1353 1801 1461 1858 άγίας
1486 1805 1656 1854 Χριστοῦ
1680 1803 1880 1853 ἐκκλησίας

368 1876 435 1919 τὸν
450 1881 670 1931 χαρακτῆρα
693 1871 935 1928 παραδιδούς
955 1873 1078 1925 ἔλεγεν
1095 1869 1198 1928 αὐτῷ
1219 1871 1338 1924 μηδὲν
1360 1868 1493 1912 κοινόν
1514 1867 1707 1923 ἡγεῖσθαι.
1742 1869 1880 1909 Πάντα

369 1944 442 2000 γάρ
472 1946 552 1986 ἐστι
576 1940 755 1995 καθαρά,
793 1938 885 1993 μετά
917 1937 1154 1993 εὐχαριστίας
1176 1939 1242 1979 καὶ
1274 1936 1446 1992 εὐλογίας
1473 1940 1571 1977 θεοῦ
1595 1935 1878 1988 λαμβανόμενα.

368 2010 479 2053 Ἀλλᾶ
504 2012 570 2052 καὶ
595 2010 683 2063 περὶ
706 2012 774 2061 τῆς
797 2006 966 2060 κλήσεως
986 2010 1063 2047 τῶν
1085 2007 1215 2048 ἐθνῶν
1235 2004 1277 2047 td
1300 2007 1458 2060 αἴνιγμα
1479 2001 1592 2056 εἶχεν,
1623 2005 1688 2044 ἵνα
1710 2001 1763 2056 μὴ
1785 2001 1879 2058 ἡγή-

371 2095 481 2132 σηται
511 2076 602 2126 τούς
634 2079 673 2118 έν
702 2074 938 2129 ἀκροβυστίᾳ
969 2072 1124 2122 κοινούς
1146 2072 1172 2126 ἢ
1197 2071 1458 2127 άκαθάρτους.
1502 2070 1639 2123 ’Όμως
1663 2068 1689 2123 ἡ
1714 2072 1881 2123 ἔμφασις

369 2150 438 2188 τοῦ
462 2147 616 2200 Πέτρου
647 2142 694 2186 οὕ
716 2143 804 2197 περὶ
826 2139 1042 2195 άνθρῶπου
1069 2138 1141 2193 εἶχε
1161 2139 1232 2193 τὴν
1257 2138 1467 2189 ὑπόνοιαν,
1499 2137 1590 2179 ἄλλα
1614 2139 1703 2193 περὶ
1731 2142 1810 2179 τῶν
1839 2139 1880 2179 ἒν

370 2219 422 2271 τῷ
451 2212 560 2270 νόμῳ
591 2210 930 2266 ἀπηγορευμένων,
961 2206 1013 2256 ὥς
1042 2209 1108 2249 καὶ
1136 2210 1252 2248 παντί
1280 2225 1333 2264 τῳ
1363 2206 1482 2259 σαφὲς
1505 2204 1553 2247 ἂν
1575 2207 1644 2258 εἴη.
1704 2205 1783 2246 Καὶ
1805 2205 1879 2254 ε’ξέ-

372 2296 485 2324 πεσεν
514 2278 640 2322 αὐτῶν
668 2276 913 2331 πανταχόθεν
942 2273 965 2318 ὁ
993 2274 1168 2330 ληρώδης
1195 2274 1318 2330 λόγος.

487 2556 572 2594 Τῶν
591 2551 631 2593 δὲ
646 2548 870 2593 ἀποστόλων
890 2545 936 2589 τά
955 2545 1124 2600 ὀνόματα
1143 2548 1196 2595 εἷς
1215 2546 1285 2600 τήν
1304 2549 1381 2587 τῶν
1401 2543 1654 2598 ἠπατημένων
1673 2539 1738 2582 ὑπ’
1755 2539 1883 2582 αὐτῶν

372 2618 500 2661 πειθῶ
523 2623 794 2673 προςποιητῶς
817 2617 1007 2669 δέχονται,
1037 2616 1195 2666 βίβλους
1214 2631 1252 2655 τε
1275 2615 1312 2662 ἐξ
1333 2611 1523 2666 ὀνόματος
1546 2609 1674 2651 αὐτῶν
1692 2607 1882 2660 πλασάμε-

373 2705 432 2728 νοι
456 2685 741 2741 άνεγράψαντο,
771 2687 895 2737 δῆθεν
917 2679 993 2723 άπὸ
1013 2680 1224 2734 προςώπου
1243 2679 1442 2733 Ἰακώβου,
1470 2679 1536 2720 καὶ
1556 2678 1786 2725 Ματθαίου,
1816 2675 1883 2715 καὶ

373 2753 495 2795 ἄλλων
518 2758 716 2806 μαθητῶν.
775 2751 839 2792 Ἐν
861 2748 921 2798 οἷς
943 2747 1106 2801 ὀνόμασι
1126 2750 1191 2789 καὶ
1212 2747 1254 2790 τό
1279 2746 1398 2800 ὄνομα
1416 2744 1605 2786 Ἰωάννου
1627 2747 1695 2785 τοῦ
1717 2741 1882 2783 άποστό·

371 2827 442 2862 λου
466 2821 799 2876 ἔγκαταλέγουσιν,
839 2820 904 2859 ἴνα
926 2815 1168 2868 πανταχόθεν
1195 2814 1356 2870 φωρατή
1380 2814 1533 2869 γένηται
1556 2809 1582 2864 ἡ
1606 2809 1733 2851 αὐτῶν
1758 2809 1882 2851 ἄνοια.

411 2923 446 2976 ,4.
469 2921 728 2966 ἐλεγχὲῒῆσονται
752 2922 817 2953 cod.
831 2922 924 2952 Vatia.
949 2923 976 2950 et
998 2920 1068 2950 inde
1091 2920 1138 2950 ed.
1156 2921 1262 2950 Petav.
1296 2913 1533 2961 ἐλεγχξῆἷσεται
1555 2915 1621 2946 cod.
1639 2914 1766 2953 Rhediy.
1788 2916 1815 2944 et
1837 2914 1883 2944 ed.

368 2979 466 3010 prmo.
