2034 3267
488 168 665 200 PANARH
690 169 787 202 Anv.
811 170 1030 202 manases
1055 170 1136 202 Lm.
1160 173 1182 204 ι.
1207 173 1311 204 Tou.
1333 175 1355 205 i.
1625 168 1676 207 65

168 246 230 301 qui
256 246 341 286 istic
365 252 454 286 ante
482 259 523 286 se
544 247 771 288 domicilium
795 249 1102 301 collocaverant,
1136 251 1196 304 qui
1224 253 1372 291 tandem
1398 265 1418 291 a
1442 252 1604 292 serarum
1637 254 1675 294 vi

166 321 202 353 et
230 313 464 353 immanitate
485 327 643 354 servare
665 329 753 356 sese
776 317 1004 370 potuissent.
1068 315 1215 370 Quibus
1243 319 1379 359 auditis
1409 333 1480 359 rex
1507 321 1673 360 accersi-

163 380 211 419 tis
238 380 455 420 senioribus
488 381 721 435 interrogat,
766 396 951 436 quaenam
984 384 1057 424 illis
1087 384 1124 424 in
1151 384 1290 426 Iudaea
1317 387 1418 427 vitae
1442 387 1561 438 ratio,
1593 394 1672 428 tum

163 448 352 500 quomodo
382 447 420 487 in
452 455 554 487 tanta
583 448 788 488 bestiarum
819 449 1038 489 incursione
1064 452 1252 505 tantisque
1275 452 1442 506 regionis
1463 454 1671 494 incommo-

162 514 219 553 dis
243 514 392 554 illarum
421 515 601 554 laniatum
623 529 667 554 ae
696 515 883 554 feritatem
912 517 1153 569 effugissent.
1214 518 1272 558 llli
1299 521 1525 561 constitutas
1551 536 1571 562 a
1597 523 1669 563 deo

161 580 234 620 sibi
266 581 370 635 leges
402 582 683 631 demonstrant,
728 581 1008 635 prudenterque
1045 585 1141 636 quod
1180 593 1261 624 erat
1297 588 1433 627 rationi
1467 597 1670 630 consenta-

159 662 272 688 neum
299 649 537 701 significant,
570 647 706 687 nullam
739 647 785 686 iis
813 647 850 686 in
874 648 968 688 locis
996 650 1186 689 nationem
1214 666 1326 705 posse
1350 655 1564 696 consistere
1594 657 1668 697 nisi

159 715 339 755 divinitus
363 717 510 754 traditis
532 729 598 769 per
619 713 784 768 Moysen
806 715 952 768 legibus
974 716 1268 769 obtemperaret,
1299 720 1407 759 (leam
1432 722 1566 776 quippe
1590 731 1666 764 ter-

158 796 225 822 rae
253 783 462 836 praesidem
485 796 527 821 ac
552 788 806 835 protectorem
837 795 944 831 esse,
979 783 1206 836 minimeque
1234 785 1310 838 pali
1335 787 1379 825 ab
1405 791 1576 829 externis
1600 805 1666 844 po-

158 849 253 902 pulis
275 863 344 903 per
367 849 652 889 simulacrorum
676 848 814 887 cultum
841 849 1008 902 aliasque
1035 851 1329 903 superstitiones
1360 854 1557 907 quicquam
1588 858 1663 898 illic

157 924 291 956 contra
318 915 486 956 instituta
516 913 714 954 committi.
767 914 876 968 Quae
902 917 1028 956 omnia
1054 916 1414 959 Nabuchodonosor
1439 922 1663 975 negligenda

157 983 309 1022 minime
336 988 460 1030 ratus,
501 981 677 1021 sincerae
709 981 857 1022 illorum
893 983 1056 1023 orationi
1087 985 1195 1024 fidem
1221 988 1533 1037 accommodam,
1566 989 1662 1043 legis

157 1049 366 1102 exemplum
393 1048 580 1102 poposcit.
643 1046 763 1089 Cuius
797 1063 880 1089 cum
916 1049 970 1089 illi
994 1051 1139 1105 copiam
1174 1053 1322 1092 abunde
1351 1054 1556 1104 fecissent,
1588 1055 1663 1097 Es-

155 1117 256 1156 dram
282 1116 467 1169 quendam
490 1116 728 1155 sacerdotem
753 1116 924 1170 legisque
950 1117 1143 1157 doctorem
1166 1117 1366 1173 Babylone
1390 1135 1473 1161 cum
1494 1122 1558 1162 illa
1580 1123 1663 1177 ipsa

152 1183 236 1236 lege
259 1183 472 1232 destinant,
505 1190 546 1222 ut
570 1183 757 1238 Assyrios
783 1184 844 1237 qui
867 1181 1081 1225 Samariam
1103 1185 1345 1237 incolebant,
1379 1188 1450 1228 hoc
1477 1197 1536 1229 est
1557 1187 1661 1230 Chu-

152 1249 305 1299 thanS,
348 1249 518 1302 aliosque
550 1264 663 1304 supra
703 1258 1021 1291 commemoratos
1050 1252 1232 1307 popu108‚
1280 1252 1465 1295 Mosaicis
1497 1256 1661 1297 decretis

151 1316 379 1356 imbuerent.
441 1317 594 1357 Accidit
627 1317 697 1357 hoc
724 1318 918 1358 tricesimo
951 1319 1033 1372 plus
1060 1321 1183 1360 minus
1218 1334 1340 1372 anno,
1384 1337 1496 1376 quam
1528 1321 1660 1364 ludaei

147 1397 198 1423 ex
218 1381 362 1424 lsraele
388 1398 431 1424 ac
454 1384 736 1439 Hierosolymis
760 1385 946 1439 deportati
972 1385 1148 1426 fuissent.
1203 1385 1325 1441 Igitur
1347 1388 1508 1440 Esdras,
1536 1398 1574 1430 et
1596 1392 1659 1445 qui

148 1465 231 1491 cum
256 1465 302 1491 eo
326 1451 486 1505 profecti
513 1459 622 1502 sunt,
658 1450 923 1493 Samaritanae
954 1453 1124 1505 regionis
1150 1454 1296 1495 incolas
1319 1457 1517 1508 erudiunt,
1550 1456 1658 1497 inde-

146 1532 218 1572 que
241 1517 460 1560 Samaritae
484 1520 587 1570 dieti,
621 1520 681 1574 qui
706 1520 751 1559 ab
774 1519 915 1569 Esdra,
949 1534 1057 1574 quem
1080 1535 1151 1561 rex
1175 1520 1375 1577 Babylone
1400 1524 1569 1574 miserat,
1602 1525 1657 1565 le-

143 1600 230 1640 gem
253 1594 500 1641 acceperunt..
560 1585 656 1627 Post
683 1587 776 1627 haec
800 1587 884 1627 aliis
909 1585 984 1627 XL
1008 1589 1119 1628 annis
1144 1589 1298 1643 elapsis,
1332 1591 1515 1631 dissoluta
1538 1593 1656 1646 capti-

144 1654 261 1694 vitate
293 1653 493 1695 Israelitae
523 1654 561 1694 in
594 1654 751 1709 patriam
783 1654 931 1696 reversi
961 1662 1065 1695 sunt.

266 1787 361 1829 Illud
410 1803 504 1830 vero
551 1789 802 1829 admiratione
847 1789 937 1829 mihi
987 1790 1139 1843 dignum
1181 1792 1356 1842 videtur,
1411 1794 1654 1847 quemadmo-

143 1858 228 1897 dum
260 1871 329 1911 pro
355 1855 412 1896 lv
444 1857 589 1897 illarum
623 1857 791 1910 gentium
824 1870 981 1896 numero
1016 1857 1171 1898 totidem
1202 1859 1240 1899 in
1277 1873 1324 1900 eo
1355 1861 1494 1915 populo
1526 1869 1654 1903 sectae

143 1925 346 1964 coluerint.
409 1922 580 1976 Quarum
617 1924 737 1978 prima
768 1931 826 1963 est
848 1922 1112 1975 Essenorum,
1153 1924 1205 1966 lt.
1234 1925 1542 1980 Gorthenorum‚
1574 1928 1651 1971 ΙΙΙ.

142 1990 430 2041 Sebuaeorum,
475 1990 548 2031 IV.
576 1990 862 2031 Dositheorum.
939 1990 1024 2031 Hoc
1059 1993 1132 2032 erit
1170 1994 1355 2048 propositi
1393 1996 1502 2035 nobis
1538 2011 1652 2051 argu-

140 2059 256 2099 menti
279 2059 523 2113 susceptique
546 2059 729 2098 adversus
754 2059 933 2098 haereses
959 2060 1086 2113 operis
1109 2060 1274 2110 initium,
1307 2076 1352 2102 ac
1375 2063 1534 2116 primum
1555 2065 1650 2105 mul-

140 2125 321 2180 tiplicium
344 2126 491 2166 illorum
521 2140 692 2165 errorum
716 2125 899 2179 originem
926 2127 1081 2180 paucis,
1115 2128 1185 2168 sed
1206 2129 1405 2183 perspicue
1431 2131 1646 2172 declarabo.

141 2192 339 2246 Quaenam
367 2207 460 2233 vero
489 2193 639 2233 tandem
672 2192 744 2232 alia
771 2206 857 2233 esse
882 2200 1006 2247 potest
1035 2195 1107 2234 nisi
1140 2196 1238 2248 quod
1263 2195 1476 2250 linguarum
1504 2211 1553 2237 ex
1584 2198 1648 2238 illa

138 2263 325 2301 varietate
351 2261 548 2301 nationum
579 2267 667 2300 sunt
699 2261 796 2300 facta
822 2260 1004 2300 dissidia?
1045 2261 1219 2315 singulae
1250 2277 1364 2316 porro
1397 2264 1573 2305 nationes
1603 2279 1648 2306 ac

140 2329 304 2369 familiae
322 2329 452 2369 varias
474 2329 511 2368 in
536 2335 670 2382 gentes
693 2335 923 2382 propagatae
944 2330 1062 2368 sunt?
1093 2342 1248 2383 quarum
1269 2344 1519 2384 unaquaeque
1541 2332 1647 2373 dein-

139 2409 228 2450 ceps
260 2410 368 2436 sunm
408 2396 479 2435 sibi
513 2409 640 2448 regem
680 2395 889 2434 constituit.
949 2394 1014 2436 Ex
1051 2411 1123 2450 quo
1157 2396 1256 2436 bella
1285 2397 1573 2452 discordiaeque
1602 2413 1647 2440 ac

137 2463 305 2516 gentium
328 2464 431 2503 inter
457 2477 499 2503 se
529 2462 726 2501 conflictus
752 2462 877 2502 exorti
905 2477 989 2502 cum
1012 2464 1047 2502 id
1074 2464 1231 2517 quisque
1256 2465 1353 2518 quod
1378 2465 1549 2506 libuisset
1580 2466 1646 2506 ob-

138 2530 262 2570 tinere
290 2537 471 2584 cuperet,
505 2536 543 2569 et
568 2542 664 2582 quae
685 2528 842 2568 aliorum
869 2537 979 2570 erant
1003 2532 1046 2570 ad
1071 2545 1158 2570 sese
1182 2531 1443 2585 pertraheret,
1476 2532 1512 2572 id
1543 2534 1642 2587 quod

137 2596 183 2637 ab
206 2597 412 2637 insatiabili
437 2598 596 2651 quadam
617 2596 730 2635 insita
763 2597 896 2649 generi
929 2604 1061 2637 nostro
1087 2597 1289 2652 cupiditate
1324 2600 1533 2652 profectum
1566 2608 1638 2641 est.

139 2662 205 2704 Sic
227 2664 344 2718 igitur
367 2679 450 2704 cum
475 2678 549 2704 una
569 2670 681 2717 atque
700 2663 861 2718 simplex
884 2662 1140 2704 Israelitarum
1166 2665 1301 2718 religio
1326 2680 1534 2720 sacraeque
1558 2667 1642 2708 lite-

183 2833 258 2864 CAP.
281 2833 368 2864 VIII.
396 2850 434 2856 -
484 2832 511 2864 1.
534 2833 581 2863 lta
604 2833 817 2871 cod.Rhedi9.‚
841 2835 867 2864 et
955 2832 987 2864 2.
1011 2830 1214 2875 διασαφῆσω
1227 2834 1293 2865 cod.
1306 2835 1432 2875 Rhediy.
1460 2837 1554 2875 Vulgo
1569 2837 1638 2869 δια-

138 2879 233 2909 editus
256 2880 328 2909 liber
351 2881 484 2916 uterque.
912 2875 1085 2920 σαφῆσων.

203 2930 317 2965 Corpus
340 2930 507 2958 Haeresiol.
528 2931 564 2956 Il.
1332 2939 1355 2975 5

1680 1795 1756 1840 Cap.
1767 1798 1851 1832 VIII.
