2034 3267
439 195 613 228 PANARII
640 198 737 229 ADV.
764 198 984 231 HAERESES
1010 199 1090 231 LlB.
1111 202 1134 231 l.
1158 200 1262 232 TOM.
1285 201 1306 231 Ι.
1579 194 1629 231 35

116 279 273 326 praeter
303 270 477 314 Semum.
540 272 660 316 Cuius
696 276 807 317 unius
840 277 982 330 prolem
1016 278 1196 332 deinceps
1228 279 1626 321 commemorabimus.

116 337 239 391 Igitur
270 337 410 380 Semus
441 340 716 394 Arphaxadum
751 345 897 397 genuit.
960 343 1040 385 lste
1075 342 1260 396 Cainam,
1302 343 1444 387 Cainas
1476 344 1624 398 Salam,

114 404 228 446 Salas
257 405 450 457 Eberum,
485 408 544 447 hic
573 408 793 450 Phalerum.

224 472 341 514 Nulla
373 489 441 529 per
465 475 499 514 id
535 482 683 530 tempus
712 476 751 515 in
784 477 899 516 terris
927 477 1121 527 haeresis,
1165 479 1385 532 opinionum
1417 481 1520 522 nulla
1549 482 1625 522 dis-
1651 490 1728 535 Cap.
1753 495 1790 527 v.

113 541 267 592 sensio,
301 556 385 581 cum
416 542 585 582 universi
619 543 700 582 sola
731 542 894 582 hominis
926 544 1178 597 appellatione
1210 554 1485 598 censerentur,
1526 549 1626 590 labio

112 622 190 647 uno
221 622 372 662 unaque
400 609 526 663 lingua
550 600 723 662 praediti.
783 607 915 649 Pietas
948 624 1062 663 porro
1090 618 1203 664 atque
1229 612 1402 666 impietas
1433 616 1514 656 sola
1545 625 1626 658 erat

113 681 274 715 naturae
297 677 404 729 lege,
438 683 503 716 aut
525 675 821 728 uniuscuiusque
848 676 892 714 ad
920 683 1091 715 naturam
1122 680 1406 720 accommodata
1428 679 1625 725 voluntate

114 742 291 793 definita,
325 757 394 783 nec
422 744 506 782 dum
536 756 646 782 error
671 749 883 782 emerserat
906 742 988 782 sive
1019 743 1215 797 disciplina
1245 755 1508 800 comparatus,
1542 751 1626 792 sive

113 810 370 850 monumentis
400 809 626 863 scriptorum
664 809 840 848 traditus.
901 808 1042 863 Neque
1080 811 1196 864 igitur
1219 810 1458 864 Iudaismus,
1503 831 1625 871 neque

114 877 183 916 alia
216 877 291 917 ulla
325 883 430 916 secta
461 875 673 929 prodierat,
714 876 803 925 scd,
838 883 879 916 ut
908 875 963 917 ita
993 877 1139 928 dicam,
1171 878 1233 918 illa
1266 880 1400 920 eadem
1431 882 1626 925 obtinebat

114 958 209 997 quae
233 943 343 984 hodie
365 943 402 983 in
424 949 555 982 sancta
580 943 638 982 dei
662 943 825 983 ccclesia
848 957 893 983 ae
919 944 1106 984 catholica
1132 955 1358 999 perseverat
1378 949 1496 1000 fides,
1530 966 1625 1004 quae

113 1026 197 1051 cum
219 1011 265 1051 ab
283 1010 375 1064 ipsis
397 1023 524 1049 rerum
547 1010 765 1063 primordiis
786 1011 988 1064 viguisset,
1023 1026 1157 1052 rursus
1182 1020 1240 1054 est
1262 1022 1396 1068 postea
1419 1018 1623 1069 patefacta.

112 1077 263 1118 Etenim
293 1076 324 1116 si
357 1076 439 1129 quis
468 1077 539 1116 ista
568 1077 650 1116 solo
681 1077 855 1117 veritatis
888 1078 1013 1119 studio
1045 1079 1230 1133 impulsus
1259 1082 1352 1121 velit
1385 1085 1622 1138 expendere,

111 1159 186 1185 non
217 1143 400 1183 dubitabit
427 1151 596 1184 sanctam
630 1151 742 1198 atque
773 1145 997 1186 catholicam
1031 1147 1232 1187 ecclesiam
1265 1149 1424 1202 primam
1457 1152 1625 1192 omnium

110 1211 299 1260 extitisse,
333 1211 534 1250 dummodo
559 1225 712 1266 scopum
737 1212 859 1266 ipsum
885 1213 1119 1255 consideret.
1160 1214 1283 1255 Adam
1307 1217 1408 1256 enim
1430 1217 1625 1259 hominum

108 1278 284 1332 princeps
319 1292 339 1317 a
374 1279 445 1318 deo
476 1279 651 1319 conditus
685 1294 760 1319 non
792 1281 1063 1332 circumcisus,
1104 1283 1170 1322 scd
1197 1285 1396 1338 praeputio
1430 1286 1624 1339 praeditus

107 1345 190 1386 fuit.
231 1344 371 1399 Neque
393 1352 520 1385 tamen
542 1346 642 1386 idola
664 1355 866 1401 propterea
888 1348 1019 1398 coluit,
1054 1356 1092 1388 et
1114 1350 1222 1389 deum
1248 1358 1394 1404 patrem
1421 1367 1505 1392 cum
1529 1354 1621 1404 filio,

106 1426 150 1452 ac
171 1412 307 1467 spiritu
329 1420 477 1463 sancto,
510 1420 641 1467 utpote
662 1415 860 1468 propheta,
893 1416 1089 1469 cognovit.
1136 1415 1396 1470 Quamobrem
1422 1421 1522 1473 quod
1549 1422 1623 1461 cir-

105 1479 338 1520 cumcisione
363 1479 508 1530 caruit,
544 1479 707 1520 Iudaeus
735 1496 823 1522 esse
850 1496 923 1521 non
950 1484 1092 1537 potuit3
1124 1485 1325 1525 idololatra
1349 1500 1444 1526 vero
1466 1489 1621 1530 minime

104 1547 189 1598 fuit,
223 1562 307 1588 cum
334 1561 458 1602 neque
478 1547 681 1588 simulacra
703 1563 826 1603 neque
850 1550 925 1589 alia
949 1551 983 1589 id
1006 1565 1126 1604 genus
1151 1553 1344 1593 adoraret.
1405 1552 1496 1594 Fuit
1520 1556 1621 1596 enim

103 1615 166 1654 ille
190 1615 396 1669 propheta,
430 1622 469 1655 et
491 1616 560 1655 hoc
586 1616 661 1655 [ilio
684 1630 703 1654 a
725 1623 831 1670 patre
856 1616 993 1656 dictum
1021 1631 1107 1657 esse
1132 1619 1301 1659 sciebat:
1333 1624 1530 1661 Faciamus
1556 1625 1622 1662 leo—

102 1685 245 1721 mz'nem.
310 1681 498 1735 Quidnam
526 1683 643 1737 igitur
674 1685 783 1723 crat?
842 1682 1010 1725 Omnino
1035 1699 1160 1738 neque
1187 1686 1461 1739 circumcisus,
1494 1704 1618 1744 neque
1638 1697 1762 1736 Gen-1,
1780 1702 1821 1729 26.

102 1750 213 1790 idolis
238 1750 408 1790 addictus
429 1748 674 1791 Christianae
698 1751 895 1804 religionis
918 1753 1122 1805 imaginem
1144 1754 1354 1794 referebat.
1399 1753 1478 1796 Par
1501 1756 1621 1797 idem-

102 1830 174 1870 que
201 1817 246 1857 de
271 1817 420 1868 Abelo,
453 1816 598 1867 Setho,
631 1817 754 1868 Eoos,
788 1817 946 1869 Enoch,
982 1818 1224 1872 Mathusala,
1258 1821 1428 1873 Noemo,
1461 1823 1619 1866 Hebere

100 1884 147 1924 ad
167 1883 362 1924 Abraham
390 1899 511 1939 usque
536 1886 714 1925 iudicium
740 1900 826 1926 esse
850 1887 976 1926 debet.
1040 1886 1142 1927 Tum
1170 1889 1270 1928 enim
1298 1890 1434 1943 religio
1461 1892 1619 1946 perinde

100 1958 212 2004 atque
243 1951 442 2006 impietas,
477 1953 569 1993 fides
595 1954 685 1992 item
720 1960 756 1993 et
780 1953 986 1994 infidelitas
1014 1955 1206 1995 hominum
1239 1971 1362 2010 genus
1390 1960 1615 2013 occupabat.

100 2016 274 2071 Quarum
298 2020 391 2060 fides
412 2018 658 2061 Christianae
679 2027 808 2060 sectae
828 2021 992 2075 speciem
1016 2023 1288 2076 adumbrabat,
1321 2024 1524 2067 infidelitas
1548 2027 1618 2067 im-

99 2086 252 2140 pietatis
275 2100 320 2126 ac
346 2088 506 2127 sceleris
532 2095 616 2128 erat
637 2088 738 2128 notis
759 2084 964 2142 insignita,
999 2091 1208 2144 eademque
1236 2099 1397 2132 naturae
1428 2093 1514 2147 lege
1540 2095 1617 2135 dis-

98 2153 261 2193 sidebat.
322 2155 450 2208 Atque
474 2155 533 2194 hic
556 2169 684 2195 rerum
707 2162 828 2195 status
851 2157 895 2196 ad
919 2156 1010 2197 illud
1034 2172 1154 2211 usque
1180 2165 1344 2214 tempus,
1378 2161 1478 2214 quod
1503 2163 1615 2202 modo

97 2220 414 2275 significavimus,
448 2223 628 2276 deinceps
653 2223 855 2276 perductus
880 2233 953 2264 est.
1016 2223 1226 2266 Caeterum
1251 2226 1381 2280 quinta
1404 2235 1491 2282 post
1520 2229 1615 2269 dilu-

95 2288 198 2328 vium
233 2296 381 2340 aetate,
422 2305 506 2330 cum
539 2304 559 2329 a
595 2290 716 2330 tribus
742 2289 885 2331 Noe'mi
915 2293 1000 2332 filiis
1029 2294 1231 2347 propagari
1266 2308 1389 2347 genus
1418 2295 1613 2336 hominum

95 2355 303 2410 coepisset,
336 2358 558 2397 continuata
579 2357 723 2397 sobolis
748 2359 995 2399 successione
1018 2361 1091 2399 duo
1115 2374 1159 2399 ac
1183 2361 1425 2415 septuaginta
1451 2378 1612 2405 numero

94 2423 200 2463 velut
230 2424 423 2479 principes
444 2439 487 2464 ac
509 2425 640 2478 stirpis
665 2425 784 2480 capita
809 2427 1047 2480 prodierunt.
1111 2425 1139 2466 li
1165 2442 1249 2468 cum
1276 2429 1429 2482 longius
1453 2445 1611 2485 proces-

93 2490 257 2541 sissent,
297 2499 337 2531 et
371 2507 392 2532 a
424 2500 553 2532 monte
577 2491 710 2532 Lubar
735 2494 1022 2547 Armeniaeque
1051 2495 1212 2544 finibus,
1254 2496 1324 2535 hoc
1356 2504 1415 2536 est
1449 2498 1608 2552 regione

91 2557 258 2609 Ararat,
294 2559 478 2599 ulteriora
516 2568 811 2613 peragrassent,
852 2560 1039 2602 Seuaaris
1070 2562 1108 2601 iu
1141 2577 1313 2617 campum
1352 2564 1464 2604 delati
1500 2573 1604 2616 sunt,
1627 2575 1790 2609 Gen.2‚·.’.

93 2638 203 2678 quem
225 2625 348 2666 locum
373 2626 443 2666 sibi
465 2625 537 2680 ipsi
563 2627 801 2680 delegerunt.
863 2626 1070 2669 Caeterum
1098 2628 1250 2670 Senaar
1274 2630 1384 2670 hodie
1410 2632 1448 2671 in
1467 2630 1608 2673 Persa-

90 2705 175 2732 rum
194 2693 355 2747 regione
377 2693 450 2733 sita
476 2701 557 2746 est,
591 2708 701 2748 quam
734 2695 820 2735 olim
843 2697 1000 2751 Assyrii
1022 2703 1238 2737 tenuerant.
1300 2696 1423 2752 Igitur
1452 2713 1537 2740 cum
1567 2701 1606 2740 in

91 2805 155 2835 cod.
178 2806 248 2836 Ven.
293 2805 359 2838 τῶν
382 2804 528 2847 παίδων,
564 2808 681 2843 παῖδες
701 2810 822 2847 uterque
915 2807 964 2841 10.
993 2807 1121 2852 Λουβὲρ
1159 2811 1225 2840 cod.
1261 2812 1330 2842 l'en.
1388 2809 1502 2854 Δοβάρ
1538 2814 1604 2844 cod.

90 2849 186 2880 editus
208 2852 290 2881 liber.
336 2849 463 2884 παίδων
486 2853 604 2888 παῖδες
635 2853 722 2883 codd.
745 2854 822 2884 Rhe·
866 2854 992 2894 Rhediy.

90 2892 151 2931 dig.
173 2896 315 2926 etParis.
912 2898 962 2930 11.
986 2898 1131 2940 Περσίδι
1155 2900 1220 2930 cod.
1245 2901 1342 2931 Venet.

139 2936 169 2967 9.
199 2936 368 2980 γεγόνασιν
403 2942 468 2972 cod.
503 2943 574 2972 Ven.
632 2938 819 2983 ἐγεγόνασιν
911 2943 961 2975 12.
987 2941 1221 2982 συνδιάσαντες
1265 2945 1310 2987 (h.
1334 2955 1357 2977 e.
1402 2944 1600 2980 συνδυσὶσαν-

89 2981 195 3020 reliqui
218 2984 296 3014 lt'bri.
864 2987 933 3030 τες)
959 2990 1024 3019 cod.
1046 2990 1145 3020 Venet.

1276 3049 1298 3086 3
1317 3044 1333 3062 *
