2034 3267
432 206 609 238 PANARII
638 206 735 238 ADV.
764 206 983 238 HAERESES
1008 207 1089 238 LIB.
1111 208 1134 238 1.
1157 207 1262 239 ToM.
1281 208 1304 238 Ι.
1553 200 1632 238 115

112 284 261 325 scilicet
284 284 393 334 luce,
427 298 523 338 quae
547 299 568 324 a
594 282 750 324 Christo
781 285 934 325 domino
962 282 1181 338 Christique
1211 284 1404 339 discipulis
1439 284 1520 325 orbi
1554 292 1631 325 ter-

112 365 240 392 rarum
265 352 370 391 illata
395 351 477 391 fuit.
529 349 678 404 Quibus
702 365 723 390 a
747 364 807 390 me
830 351 940 392 dictis
963 359 1222 392 consentanea
1247 352 1426 406 pleraque
1446 351 1629 405 colligere

111 418 222 468 licet,
256 432 300 458 ac
322 418 503 458 vaticinia
528 425 566 458 et
591 418 747 458 oracula
771 431 821 456 ex
844 418 928 470 lege
950 420 1096 468 veteri,
1131 419 1192 459 vel
1214 418 1378 459 Psalmis
1401 419 1560 472 aliisque
1586 419 1629 459 li-

111 484 190 524 bris
215 485 458 538 conquirere,
492 492 530 524 et
553 485 718 524 omnium
742 483 898 534 seriem,
933 485 1181 538 ordinemque
1207 486 1456 539 perscrutari,
1490 501 1541 526 ex
1563 486 1628 526 iis-

111 566 183 605 que
209 551 513 592 incarnationem
539 549 685 591 Christi
709 549 849 589 domini
878 551 1080 604 perspicue
1111 553 1361 606 comprobare
1388 568 1464 593 non
1490 568 1628 608 suppo-

111 619 285 669 sititiam,
319 620 386 659 sed
410 632 541 659 veram
566 616 760 666 extitisse,
793 623 906 670 atque
929 618 967 656 in
993 618 1078 670 lege
1102 620 1224 657 veteri
1252 620 1485 671 nunciatam,
1520 628 1559 661 ut
1581 622 1628 661 de

110 699 157 726 eo
186 687 310 726 nullus
334 687 382 726 sit
408 685 601 725 dubitandi
623 684 729 723 locus
754 683 926 723 relictus.
989 682 1067 724 Sed
1093 698 1140 724 ne
1166 685 1275 724 buius
1303 688 1428 739 operis
1452 689 1628 728 tractatio

111 753 150 792 in
178 753 366 793 infinitum
405 757 630 799 excrescat,
673 749 730 789 his
763 763 859 803 quae
893 750 993 790 dicta
1025 757 1114 790 sunt
1146 751 1288 791 erimus
1322 755 1506 794 contenti.
1567 755 1628 795 Ac

111 820 290 874 deinceps
315 819 514 874 opiniones
534 817 636 868 illas,
670 830 766 869 quae
789 817 827 856 in
857 816 1050 856 hominum
1074 817 1188 858 vitam
1217 825 1350 872 postea
1375 823 1540 873 pessimo
1564 837 1628 862 co-

111 887 191 926 lore
215 901 258 927 ac
278 887 405 941 specie
426 884 596 939 prolatae
622 890 731 933 sunt,
767 884 898 923 eadem
920 885 1021 923 serie
1044 891 1261 938 pertexam,
1295 893 1542 940 posteaquam
1566 887 1628 929 XI

112 952 339 993 ludaeorum
374 950 780 1004 samaritanorumque
818 957 944 990 sectas
981 965 1065 990 cum
1103 952 1367 1005 superioribus
1401 951 1488 1004 IX,
1533 969 1629 1008 quae

111 1019 247 1075 partim
280 1033 300 1059 e
328 1018 510 1067 Graecis,
553 1017 688 1071 partim
723 1031 773 1057 ex
804 1017 979 1057 barbaris
1012 1018 1172 1072 aliisque
1204 1019 1391 1060 conflatae
1422 1027 1511 1060 sunt
1541 1028 1631 1062 ante

111 1085 313 1127 salvatoris
335 1085 556 1136 adventum,
590 1085 635 1125 ad
657 1085 751 1125 haec
775 1098 895 1138 usque
917 1092 1088 1139 tempora
1111 1084 1237 1125 hahita
1259 1085 1461 1128 brevitatis
1481 1088 1630 1129 ratione

112 1166 325 1208 percensm.

303 1320 387 1368 DE
423 1320 799 1381 NAMRENIS,
838 1321 977 1369 SIVE
1016 1322 1431 1371 CHRISTIANIS.

217 1419 512 1461 Nazaraeorum
540 1421 623 1462 sive
644 1419 953 1462 Christianorum
980 1428 1040 1461 est
1066 1422 1129 1475 qui
1151 1436 1173 1462 a
1202 1420 1352 1463 ludaeis
1375 1424 1485 1466 brevi
1506 1425 1627 1466 inter·
1652 1432 1730 1476 Cap.
1751 1435 1773 1465 Ι.

108 1489 208 1529 iecto
232 1495 401 1543 tempore
430 1496 589 1529 vocatus
618 1496 678 1529 est
700 1487 1040 1539 christianismus,
1075 1496 1113 1529 et
1139 1490 1184 1529 ab
1210 1490 1301 1544 ipsis
1326 1492 1423 1531 adeo
1444 1494 1629 1547 apostolis

108 1556 145 1595 id
165 1569 304 1595 nomen
327 1555 512 1606 obtinuit,
545 1570 629 1596 cum
651 1556 703 1596 ita
728 1555 869 1596 Petrus
893 1556 1042 1596 locutus
1067 1556 1138 1596 sit:
1171 1560 1290 1597 Iesum
1309 1561 1550 1599 Nazarenum
1574 1565 1627 1600 vz'-
1646 1577 1709 1604 Act.
1728 1577 1753 1611 2,
1771 1578 1812 1605 22.

107 1637 188 1661 rum
222 1623 418 1674 probatum
450 1637 472 1662 a
504 1626 569 1662 deo
606 1631 681 1664 etc.
742 1622 887 1664 Postea
922 1638 1015 1664 vero
1047 1624 1277 1665 Antiochiae
1310 1623 1630 1669 christianismus

109 1690 292 1744 appellari
317 1690 456 1745 coepit.
517 1689 592 1730 Est
616 1698 653 1731 et
678 1692 750 1732 alia
780 1690 934 1746 proprie
957 1690 1253 1732 Nazaraeorum
1278 1700 1385 1733 secta
1415 1695 1461 1735 de
1492 1695 1628 1749 quibus

109 1771 179 1798 suo
208 1758 293 1798 loco
325 1757 615 1813 disputabimus.

614 1848 726 1879 FINlS
753 1849 861 1880 TOM1
888 1849 912 1880 Ι.
955 1849 1073 1880 LIBRI
1098 1851 1121 1880 Ι.

152 1948 184 1982 6.
209 1948 341 1983 ἰουδέων
366 1951 432 1982 cod.
459 1952 575 1989 Venet„
602 1960 658 1990 pro
682 1958 773 1981 more.
932 1951 947 1968 *
971 1949 1257 1984 ΝΑΣΩΡΑΙΩΝ
1282 1953 1352 1984 edit.
1376 1955 1482 1985 Petav.
