2034 3267
194 2003 281 2044 Κεφ.
307 1997 348 2032 α’.

229 2086 294 2115 pag.
312 2076 353 2103 40.

370 164 421 203 94
925 165 1084 198 SANCTI
1106 165 1330 199 EPIPHANH

369 247 568 300 παρετέθη
597 243 621 287 ὅ
647 242 804 297 μόσχος·
845 240 947 283 ὅπου
978 242 1020 282 δὲ
1044 239 1220 294 Ἀβραάμ.
1249 239 1418 295 ἆγγέλοις
1446 244 1638 298 παρέθετο
1666 247 1790 298 κρεῶν
1818 242 1890 297 τὴν

370 316 612 368 ἓτοιμασίαν,
643 310 823 351 οἷποδέων
853 306 926 350 οὐκ
956 303 1007 361 ἧν
1037 307 1154 357 αὐτὸς
1182 313 1252 360 τῆς
1279 307 1427 350 τούτων
1452 316 1621 364 μετοχῆς.

478 378 586 420 Ἀλλά
610 379 676 419 καὶ
696 381 765 417 τοῦ
788 375 989 431 προβάτου
1012 377 1199 424 τυθέντος
1223 377 1264 417 έν
1286 380 1334 433 τῇ
1358 380 1435 417 τῶν
1457 379 1680 432 Αἰγυπτίων
1703 377 1808 435 χώρα
1834 379 1888 419 ἔτι

369 447 459 500 παρ’
482 447 714 500 Αἰγυπτίοις
738 442 912 498 τυγχάνει
937 441 1106 500 ᾆδομένη
1134 441 1160 495 ἦ
1183 442 1418 497 παράδοσις,
1457 445 1524 484 καὶ
1547 445 1652 500 παρὰ
1675 452 1756 494 τοῖς
1780 447 1887 486 εἰδω-

367 514 576 567 λολάτραις.
633 509 698 552 Ἐν
725 509 797 565 γάρ
832 516 885 567 τῷ
909 516 1054 567 καιρῷ,
1095 510 1157 552 ὅτε
1179 509 1220 551 τό
1247 509 1374 563 πάσχα
1396 510 1542 564 ἐγένετο
1568 513 1687 554 ἐκεῖσε
1713 511 1824 567 (ἀρχὴ
1847 513 1888 554 δὲ

370 582 467 635 αὕτη
495 583 638 635 γίνεται
665 583 734 620 τοῦ
768 580 902 632 ἔαρος,
945 577 1006 619 ὅτε
1035 576 1060 630 ἦ
1087 577 1221 632 πρώτη
1245 579 1459 632 ἰσημερία),
1498 579 1541 619 ἐκ
1566 582 1720 630 μίλτεως
1742 578 1888 633 λαμβά-

367 663 478 692 νουσι
503 646 642 695 πάντες
664 644 874 701 Αἰγύπτιοι
895 644 993 687 κατά
1017 643 1209 700 ἀγνωσίαν
1218 678 1229 696 ,
1268 647 1336 687 καὶ
1358 648 1510 699 χρίουσι
1532 645 1601 698 μὲν
1628 645 1674 686 τοὶ
1697 647 1886 701 πρόβατα,

367 720 517 771 χρίουσι
546 715 587 756 δὲ
616 715 682 755 καὶ
712 712 758 754 τά
787 714 946 765 δένδρα,
985 711 1054 761 τοὶς
1081 717 1223 763 συκᾶς,
1261 714 1327 754 καὶ
1352 712 1398 753 τά
1420 712 1534 762 ἅλλα,
1573 715 1800 764 φημίζοντες
1821 715 1888 755 καὶ

367 786 540 839 λέγοντες
567 782 647 833 ὅτι,
694 782 840 832 1φασὶ,
878 779 921 821 τό
946 784 1024 834 πῦρ
1055 781 1096 821 ἐν
1118 779 1237 837 ταύτῃ
1261 785 1308 837 τῇ
1331 778 1456 836 ἡμέρᾳ
1480 780 1683 831 κατέφλεξέ
1706 797 1797 822 ποτε
1816 780 1888 835 τὴν

370 852 617 904 οἰκουμένην·
660 846 703 890 τό
736 849 777 889 δὲ
803 853 928 901 σχῆμα
957 853 1027 889 τοῦ
1052 850 1213 901 αἵματος
1239 846 1282 889 τὸ
1314 847 1503 901 πυρωπὸν
1535 845 1780 902 οἷλεξητήριόν
1809 850 1888 890 ἔστι

369 925 438 973 τῆς
458 917 646 970 τοσαύτης
665 920 812 970 πληγῆς
830 917 897 956 καὶ
919 915 1106 968 τοιαύτης.
1154 920 1174 943 ²
1190 914 1327 956 Πόθεν
1350 915 1391 956 δὲ
1412 913 1483 956 οῦκ
1502 917 1635 967 ἔχομεν
1657 917 1778 964 δεῖξαι
1797 916 1887 968 περὶ

368 991 437 1040 τῆς
460 984 719 1033 ἀκολουθίας,
760 981 813 1032 ὥς
835 985 891 1024 ἔτι
916 984 982 1024 καὶ
1004 986 1118 1037 δεῦρο
1144 981 1192 1023 τά
1211 985 1374 1035 λείψανα
1394 988 1463 1035 τῆς
1487 987 1558 1023 τοῦ
1584 987 1676 1023 Νῶε
1696 981 1888 1036 λάρνακος

369 1057 564 1096 δείκνυται
584 1054 624 1094 ἒν
643 1056 690 1109 τῇ
711 1055 789 1092 τῶν
811 1051 1023 1104 Καρδυέων
1044 1049 1169 1106 χώρας
1199 1051 1265 1091 καὶ
1287 1049 1441 1098 πάντως
1462 1050 1502 1091 δὲ
1522 1051 1556 1090 εί
1576 1048 1810 1102 ἐπιζητήσειέ
1831 1066 1887 1098 τις

368 1123 436 1163 καὶ
454 1119 719 1174 άνερευνήσειε
739 1119 803 1160 καὶ
825 1116 870 1159 τά
889 1121 1053 1169 λείψανα
1073 1122 1142 1159 τοῦ
1163 1120 1459 1171 θυσιαστηρίου,
1490 1119 1643 1170 ἐπείπερ
1664 1115 1887 1158 ἀκόλουθόν

371 1190 492 1238 ἐστιν,
533 1187 638 1241 εῦροι
668 1185 715 1227 ἂν
745 1187 786 1227 ἐν
815 1190 860 1242 τῇ
884 1183 1038 1241 ύπωρία
1063 1189 1133 1226 τοῦ
1157 1184 1293 1238 ὄρους,
1334 1185 1436 1225 ὅπου
1462 1185 1583 1237 ἔμεινε
1608 1189 1701 1225 Νῶε
1722 1183 1887 1233 ἐξελθών

372 1255 449 1297 obad
481 1260 550 1307 τῆς
578 1257 748 1307 κιβωτοῦ
778 1254 845 1294 καὶ
867 1253 1122 1306 προςενέγκας
1151 1250 1227 1292 άπὸ
1256 1256 1333 1292 τῶν
1362 1250 1470 1300 ζώων
1498 1256 1574 1292 τῶν
1602 1256 1792 1305 καθαρῶν
1819 1253 1887 1292 καὶ

369 1328 445 1364 τῶν
468 1320 634 1363 στεάτων
653 1323 776 1376 κυρίῳ
805 1323 858 1375 τῷ
887 1324 990 1375 θεῷ,
1032 1318 1094 1360 ὅτε
1114 1317 1301 1371 ἤκουσεν,
1339 1316 1462 1369 Ἰδού,
1502 1318 1652 1360 δέδωκά
1675 1333 1737 1360 σοι
1761 1318 1888 1360 πάντα

371 1389 424 1438 ὥς
443 1388 587 1441 λάχανα
607 1386 759 1442 χόρτου,
789 1391 918 1427 θῦσον
938 1386 1002 1426 καὶ
1024 1384 1134 1439 φάγε.
1196 1385 1486 1439 Παρελεύσομαι
1504 1386 1544 1427 δὲ
1564 1387 1629 1427 καὶ
1650 1385 1789 1438 ταύτης
1810 1384 1885 1426 πά-

368 1462 427 1498 λιν
447 1455 490 1497 vd
515 1457 736 1502 ἐπείςακτον
755 1455 821 1495 καὶ
841 1451 997 1506 ἠλίθιον
1016 1457 1085 1506 τῆς
1107 1453 1300 1506 αἱρέσεως,
1331 1452 1534 1508 ἀρκεσθεὶς
1554 1459 1638 1501 ταῖς
1657 1453 1885 1508 προειρημέ-

369 1541 452 1572 ναις
475 1521 621 1577 ὀλίγαις
638 1523 790 1571 λέξεσιν,
820 1522 1087 1575 ἐνσπαρείσαις
1109 1518 1186 1561 ὑπὸ
1207 1525 1275 1573 τῆς
1297 1519 1407 1574 ἡμῶν
1425 1521 1681 1575 βραχύτητος,
1712 1523 1886 1563 ἐνταῦθα

369 1591 469 1647 πρὸς
498 1589 697 1632 ἀντίθεσιν
724 1593 794 1642 τῆς
823 1587 970 1641 πλάνης
997 1591 1065 1641 τῆς
1094 1589 1375 1643 προειρημένης
1405 1590 1594 1643 αἱρέσεως.

819 1821 857 1863 K
878 1820 1012 1863 ATA
1060 1820 1439 1864 ΟΣΣΗΝΩΝ.

360 1899 509 1959 ΓΈκτη
529 1898 687 1960 αἵρεσις
710 1894 795 1943 ἀπὸ
811 1895 1097 1957 Ἰουδαϊσμεῦ,
1120 1895 1477 1957 ἐννεακαιδεκάτῃ
1499 1897 1545 1943 δὲ
1564 1900 1620 1958 τῇ
1643 1894 1884 1961 ἀκολουθίᾳ.

485 1993 600 2036 Meto}
623 1993 766 2047 ταύτην
786 1993 903 2035 πάλιν
924 1993 1015 2046 ἄλλη
1038 2011 1094 2042 τις
1116 1996 1261 2048 αἵρεσις
1281 1993 1436 2043 ταύταις
1455 1995 1820 2049 παραπεπλεγμένη,
1860 1991 1888 2046 ἦ

373 2067 450 2106 τῶν
471 2062 665 2115 Ὀσσηνῶν
687 2063 915 2114 καλουμένη.
972 2060 1156 2103 Ἰουδαῖοι
1184 2067 1199 2091 1
1215 2063 1255 2103 δὲ
1279 2057 1406 2112 οῦτοι,
1436 2060 1488 2110 (ὃς
1509 2063 1576 2102 καὶ
1598 2064 1641 2102 αἱ
1659 2063 1887 2116 προειρημέ-

374 2149 461 2182 ναι,
491 2128 698 2185 ὖποκριταὶ
716 2129 785 2170 τὸν
806 2128 971 2183 τρόπον,
1002 2130 1122 2170 δεινοὶ
1141 2128 1211 2181 τήν
1235 2131 1418 2171 ε’πίνοιαν.
1463 2128 1681 2183 ’Ώρμηνται
1702 2130 1742 2170 δὲ
1762 2124 1886 2179 οὗτοι,

378 2197 430 2247 ὥς
449 2196 476 2251 ἦ
499 2199 552 2246 εἰς
572 2196 674 2250 ἡμᾶς
695 2199 864 2239 ἐλθοῦσα
886 2196 1048 2250 περιέχει
1067 2195 1295 2250 παράδοσις,
1326 2195 1403 2238 άπό
1424 2200 1492 2249 τῆς
1512 2199 1740 2249 Ναβατικῆς
1760 2195 1888 2250 χώρας

375 2268 442 2308 καὶ
459 2264 698 2320 Ἰτουραίας,
729 2263 986 2317 Μωαβίτιδός
1004 2280 1043 2304 τε
1060 2265 1126 2305 καὶ
1140 2262 1403 2319 Ἀρηϊλίτιδος,
1433 2267 1506 2305 τῶν
1525 2265 1700 2305 ἐπέκεινα
1719 2266 1787 2316 τῆς
1806 2280 1885 2304 κοι-

375 2332 492 2381 λάδος
517 2337 586 2386 τῆς
610 2331 772 2385 Ἅλυκῆς
801 2331 924 2379 οὕτως
952 2332 992 2372 ἕν
1018 2333 1064 2387 τῇ
1085 2334 1176 2388 θεία
1197 2335 1328 2389 γραφῇ
1353 2332 1588 2385 καλουμένης
1611 2329 1887 2385 ὑπερκειμένης

376 2399 522 2454 χώρας·
565 2402 640 2441 ἔστι
666 2400 706 2441 δὲ
728 2399 825 2452 αὕτη
850 2397 984 2453 Νεκροὶ
1005 2400 1220 2451 καλουμένη
1242 2399 1430 2440 θάλασσα.
1493 2402 1614 2440 Τοῦτο
1644 2399 1685 2439 δὲ
1712 2396 1753 2438 τὸ
1777 2398 1888 2452 γένος

377 2472 453 2508 τῶν
471 2467 667 2520 Ὀσσηνῶν
687 2465 933 2522 ἑρμηνεύεται
958 2465 1022 2507 διά
1040 2469 1106 2518 τῆς
1126 2465 1313 2515 ἐκδόσεως
1330 2470 1399 2508 τοῦ
1421 2465 1610 2518 ὀνόματος
1627 2464 1809 2519 στιβαρὸν
1828 2465 1888 2519 γέ-

376 2552 457 2583 νος.
516 2534 718 2588 Συνήφθη
739 2535 781 2575 δὲ
802 2532 953 2582 τούτοις
972 2534 1166 2586 μετέπειτα
1187 2532 1210 2574 ὁ
1231 2533 1465 2587 καλούμενος
1484 2532 1629 2583 Ἠλξαῒ,
1669 2534 1710 2573 ἐν
1732 2531 1890 2586 χρόνοις

383 2606 576 2657 Τραϊανοῦ
596 2603 794 2655 βασιλέως,
823 2600 915 2654 μετά
937 2599 1008 2654 τήν
1024 2604 1092 2642 τοῦ
1111 2604 1281 2655 σωτῆρος
1300 2604 1531 2657 παρουσίαν,
1561 2600 1605 2648 ὃς
1627 2601 1771 2655 ἐγένετο
1793 2611 1887 2650 ψευ-

379 2669 642 2723 δοπροφήτης.
700 2668 982 2724 Συνεγράψατο
1008 2669 1048 2709 δὲ
1068 2663 1184 2716 οὗτος
1207 2672 1355 2724 βιβλίον
1376 2672 1497 2722 δῆθεν
1517 2666 1614 2710 κατά
1636 2669 1889 2722 προφητείαν,

377 2735 403 2789 ἢ
432 2734 484 2785 ὥς
512 2736 610 2778 κατά
639 2739 776 2779 ἔνθεον
800 2739 952 2789 σοφίαν.
1014 2736 1117 2776 Φασὶ
1140 2736 1181 2777 δὲ
1203 2738 1268 2777 καὶ
1290 2735 1401 2778 ἄλλον
1422 2735 1506 2777 τινά
1532 2734 1701 2784 2Ἰεξέον
1722 2731 1890 2785 άδελφόν

424 2861 499 2893 CAP.
515 2863 572 2893 ΙΙΙ.
597 2881 639 2885 -
665 2862 693 2893 1.
714 2862 798 2902 φασὶ
814 2864 956 2903 rescripsi
967 2872 1024 2902 pro
1046 2873 1109 2904 φη-
1155 2866 1197 2894 est
1216 2865 1370 2894 Petamus.
1418 2863 1582 2893 Carnarius
1604 2863 1778 2892 accuratius
1796 2869 1892 2900 quam

380 2905 433 2945 σὶ,
457 2909 538 2946 quod
562 2909 630 2938 libri
654 2910 788 2939 retinent.
1158 2909 1343 2947 elegantius:
1368 2905 1565 2945 „Quomodo
1588 2915 1664 2936 vero
1686 2916 1751 2936 non
1774 2915 1892 2947 possu-

421 2951 453 2983 2.
473 2953 574 2992 Inepte
590 2953 682 2991 plane
702 2954 775 2985 haec
791 2956 885 2986 verba
901 2955 1114 2993 interpretatus
1157 2963 1227 2983 mus
1256 2951 1428 2984 ostendere
1460 2950 1501 2982 de
1533 2949 1783 2991 consequentia,
1820 2959 1891 2981 cum
