2034 3267
486 185 662 218 PANARtl
689 185 769 216 LlB.
785 185 810 217 1.
835 185 941 217 TOM.
962 186 1018 217 ΙΙΙ.
1043 185 1172 216 HAER.
1190 185 1264 216 XL.
1557 177 1635 217 545

114 264 298 307 Satanam
320 279 364 305 ac
385 263 589 304 Diabolum
611 263 795 315 nominat,
826 264 883 305 bis
901 264 1055 305 verbis:
1087 267 1218 304 Nonne
1235 267 1422 304 duodecim
1443 279 1504 304 vos
1523 267 1632 316 eleg-i,
1651 279 1839 316 Ioannem.

112 342 150 373 et
169 348 264 373 unus
286 349 334 372 ex
356 334 456 372 vobis
477 334 645 371 diabolus
670 336 752 371 est?
812 330 933 373 Cuius
958 333 1070 372 etiam
1097 332 1152 372 rei
1176 346 1312 372 caussa
1337 333 1511 373 dominus
1536 332 1638 374 eius-

113 402 196 441 dem
229 400 511 455 improbitatem
542 414 808 454 exaggerans:
858 402 945 438 Cum
977 402 1161 451 loquitur,
1208 400 1350 453 inquit,
1394 404 1633 449 mendacium,

112 472 156 508 de
175 472 341 521 propriis
364 471 540 521 loquitar.
606 466 693 521 Quo
716 467 882 523 pertinet
904 467 1017 516 illud,
1051 468 1149 520 quod
1177 467 1213 506 iu
1239 468 1314 508 alio
1337 470 1527 522 evangelii
1554 469 1639 510 loco

113 538 294 592 scriptum
321 543 402 576 est:
438 539 614 587 Quoniam
632 538 701 588 fur
720 544 814 583 erat,
848 543 884 574 et
907 537 1046 573 loculos
1063 536 1253 585 portabat.
1308 535 1380 576 Hic
1404 537 1521 589 igitur
1545 535 1637 577 Dia-
1651 547 1840 584 loann.1²,e.

112 606 188 646 boli
214 605 420 659 insignitus
453 604 605 644 nomine
631 601 743 643 ludas
767 601 929 643 Cainum
957 609 1101 656 patrem
1130 602 1259 642 babuit
1289 604 1350 656 qui
1374 603 1538 644 Abelum
1565 607 1640 645 sra-

114 681 209 713 trem
235 673 433 713 mendacio
456 686 526 712 suo
549 670 848 725 circumscripsit
872 677 910 710 et
928 670 1082 709 oceidit.
1147 667 1221 722 Qui
1248 672 1360 710 etiam
1385 672 1639 727 interroganti

114 741 292 791 domiuo,
331 742 475 780 ch'est
490 741 726 787 Abelfrater
746 743 860 777 tuus?
890 737 1071 777 mentitus
1095 738 1306 790 respondit,
1340 741 1488 778 Nescio.
1552 739 1638 781 Me-
1658 751 1732 779 Gen.
1745 753 1809 787 4‚9.

112 808 186 849 rito
214 809 340 862 itaque
362 808 476 848 etiam
500 807 574 846 iste
599 806 662 860 qui
686 820 817 846 verum
845 805 1034 845 diabolum
1059 805 1228 845 moribus
1254 813 1311 845 est
1335 806 1525 857 imitatus,
1558 809 1639 849 eius

112 877 211 917 filius
243 876 382 916 domiui
416 889 484 915 ore
509 875 791 929 pronuntiatur.
853 873 889 912 A
916 887 989 927 quo
1017 873 1116 912 enim
1143 873 1302 928 quisque
1330 883 1531 929 superatus
1564 884 1637 926 est,

113 944 148 984 ei
174 952 211 984 et
232 945 367 984 servit.
428 945 488 983 Ac
511 956 581 982 nos
604 941 699 982 adeo
721 941 986 995 quodcumque
1009 941 1158 980 demum
1183 941 1392 995 egerimus,
1424 957 1490 983 eos
1512 951 1639 998 patres

114 1012 358 1061 babebimus,
403 1024 561 1064 quorum
592 1009 766 1064 exempla
800 1009 933 1049 iisdem
967 1009 1076 1048 sactis
1106 1010 1384 1063 expressimus.
1449 1010 1642 1065 Quocirca

116 1080 316 1135 perspicue
341 1079 413 1118 iam
442 1078 502 1117 illa
531 1076 673 1117 domiui
700 1085 759 1117 est
785 1078 976 1117 declarata
1003 1078 1218 1117 sententia:
1266 1081 1337 1117 Vos
1359 1082 1641 1132 eslzlsflle't'dc'a-

115 1149 209 1196 bole',·
254 1147 366 1196 item,
410 1148 497 1184 Cum
529 1148 694 1198 loquitur
722 1148 948 1185 mendacium
981 1161 1028 1184 ez·
1049 1148 1215 1197 propriis
1241 1148 1426 1198 loquitur,
1471 1152 1641 1200 quoniam

108 1223 218 1267 pater
248 1218 326 1254 eius
355 1217 513 1253 mendam
543 1222 610 1252 est.
676 1211 826 1266 Quibus
859 1213 987 1254 verbis
1022 1211 1151 1253 ludam
1184 1221 1221 1253 et
1248 1211 1412 1255 Caiuum
1445 1215 1638 1268 intelligit.

114 1281 207 1323 tttud
237 1296 352 1333 vero,
397 1285 492 1321 Nam
521 1290 557 1320 et
576 1289 686 1333 paler
712 1284 790 1320 eius
810 1284 968 1320 mendax
987 1289 1061 1329 est,
1110 1282 1153 1321 ad
1178 1282 1368 1322 diabolum
1395 1284 1641 1324 resereudum

113 1358 193 1400 est,
227 1351 325 1404 quod
350 1350 395 1390 ad
423 1350 504 1390 eius
528 1349 779 1389 imitationem
808 1349 854 1389 ab
881 1349 955 1389 illis
979 1349 1055 1389 sint
1080 1357 1297 1404 perpetrata
1320 1352 1516 1392 nonnulla.
1579 1350 1642 1393 Si-

114 1419 263 1473 quidem
296 1432 363 1473 pcr
394 1432 437 1458 os
470 1417 661 1472 serpentis
687 1416 880 1472 inspirans
905 1417 1078 1457 diabolus
1111 1417 1206 1457 salsa
1240 1418 1365 1458 omnia
1389 1419 1539 1460 locutus
1566 1428 1639 1471 est,

116 1487 248 1542 sicque
275 1493 363 1526 tunc
387 1485 510 1526 Evam
539 1485 688 1525 fefellit.
751 1485 880 1539 Atque
905 1485 1003 1526 bunc
1027 1485 1063 1524 in
1088 1486 1238 1526 modum
1267 1493 1344 1526 tota
1371 1486 1417 1526 ab
1440 1486 1525 1528 istis
1551 1503 1643 1528 con-

114 1555 201 1595 ficta
228 1554 354 1594 sabula
380 1553 533 1608 penitus
558 1551 772 1593 evanescit.
836 1552 947 1606 Quod
973 1567 1066 1593 vero
1090 1554 1135 1593 de
1163 1551 1286 1594 Caino
1310 1555 1499 1610 scriptura
1524 1563 1642 1597 testa-

114 1630 189 1672 tur,
223 1623 327 1663 illum
356 1623 509 1662 fratrem
535 1621 722 1662 occidisse
746 1635 871 1670 suum,
906 1621 1004 1675 quod
1026 1628 1129 1661 esset
1153 1635 1204 1662 ex
1225 1622 1391 1673 diabolo,
1425 1624 1461 1663 id
1486 1624 1642 1664 omniuo

113 1691 414 1731 demonstratum
448 1696 527 1739 est,
572 1704 645 1729 non
673 1703 724 1729 ex
748 1688 887 1729 diaboli
912 1696 996 1729 satu
1019 1696 1244 1743 conceptum
1271 1690 1315 1730 ab
1339 1689 1424 1731 Eva
1448 1692 1565 1732 fuisse
1588 1694 1643 1732 fe-

114 1766 190 1798 tum
223 1758 409 1812 aliquem,
456 1757 505 1797 ita
538 1764 576 1797 ut
608 1757 714 1797 velut
739 1756 916 1811 coniugio
944 1757 1106 1811 quodam
1134 1758 1355 1812 congressis
1380 1760 1643 1814 copulatisque

113 1827 336 1882 corporibus
358 1823 521 1866 Cainum
546 1832 583 1864 et
605 1825 768 1865 Abelum
793 1825 1007 1880 pepererit,
1041 1832 1081 1865 ut
1103 1825 1187 1865 istis
1209 1826 1371 1880 placuit,
1406 1828 1472 1867 sed
1495 1828 1542 1868 ob
1563 1843 1643 1869 mo-

112 1910 194 1936 rum
222 1893 507 1935 similitudinem
535 1907 839 1947 expressamque
869 1893 1081 1945 imitatione
1114 1893 1253 1934 diaboli
1286 1895 1490 1948 nequitiam
1523 1896 1638 1937 [ilium

113 1962 198 2004 eius
234 1961 432 2017 appellari.

225 2028 326 2083 Quin
359 2029 448 2069 illud
481 2030 595 2068 etiam
629 2028 674 2068 ab
707 2028 789 2069 istis
823 2029 1032 2070 asseritur:
1076 2027 1267 2070 Adamum
1294 2044 1343 2071 ex
1372 2030 1453 2072 Eva
1477 2033 1641 2087 coniuge
1667 2041 1835 2085 Cap.V1[.

114 2096 276 2138 Setbum
303 2111 521 2152 germanam
554 2097 772 2150 suscepisse
801 2096 987 2137 sobolem.
1052 2097 1152 2138 Tum
1182 2113 1274 2138 vero
1298 2114 1513 2154 supremam
1542 2101 1641 2141 illam

113 2164 307 2206 Virtutem
344 2166 471 2205 serunt
501 2179 584 2204 cum
615 2164 849 2204 administris
881 2165 939 2205 dei
971 2166 1141 2206 melioris
1173 2166 1319 2219 augelis
1347 2168 1538 2221 delapsam
1569 2166 1640 2209 Se—

115 2233 218 2273 tbum
243 2234 365 2287 ipsum
391 2233 589 2287 rapuisse,
624 2246 733 2286 quem
761 2239 798 2271 et
819 2228 1047 2286 Ἀλλογενῆ,
1080 2233 1151 2273 boc
1176 2241 1234 2273 est
1258 2238 1539 2287 Alcemgenam,
1574 2251 1642 2277 vo-

115 2308 217 2341 cant.
281 2298 406 2353 Quem
433 2316 516 2340 cum
543 2314 692 2340 sursum
717 2299 878 2353 aliquem
902 2301 938 2340 iu
964 2302 1087 2341 locum
1111 2301 1352 2353 sustulisset,
1396 2318 1441 2344 ac
1462 2304 1639 2345 diuturno

116 2376 310 2422 tempore,
354 2383 401 2408 ne
431 2370 526 2408 forte
553 2367 858 2419 interficeretur,
902 2370 1082 2419 aluisset,
1125 2370 1239 2424 longo
1265 2371 1412 2411 demum
1436 2371 1640 2413 intervallo

115 2437 151 2477 iu
176 2437 275 2477 bunc
301 2436 432 2477 orbem
456 2435 655 2485 intulisse,
699 2435 884 2489 simulque
911 2443 948 2476 et
972 2436 1181 2492 spiritalem
1206 2445 1241 2477 et
1266 2452 1490 2493 corporeum
1513 2440 1640 2480 reddi-

115 2504 240 2555 disse,
284 2518 332 2544 ne
372 2519 393 2544 a
425 2501 571 2553 Caino,
616 2503 676 2542 vel
708 2503 848 2544 ceteris
888 2505 1098 2545 conditoris
1132 2506 1259 2545 mundi
1294 2505 1555 2548 potestatibus
1595 2522 1639 2548 ac

115 2570 398 2627 Principatibus
421 2571 715 2626 opprimeretur.
763 2569 936 2612 Eundem
962 2587 1076 2627 porro
1098 2581 1312 2613 creatorem
1331 2581 1444 2628 atque
1466 2575 1638 2630 opificem

117 2639 278 2679 desiisse
308 2640 510 2689 venerari,
555 2645 592 2678 ct
623 2639 724 2678 illam
750 2639 955 2691 agnovisse
984 2639 1174 2681 Virtutem
1205 2655 1300 2695 quae
1332 2642 1434 2681 nullo
1465 2656 1638 2697 compre-

117 2706 227 2746 hendi
248 2708 402 2748 nomine
423 2713 562 2762 potest,
586 2720 656 2746 uec
678 2720 751 2746 nou
776 2706 961 2747 adversus
984 2714 1180 2749 auctorem
1200 2709 1327 2748 mundi
1350 2709 1508 2764 eiusque
1525 2709 1639 2750 Priu-

118 2774 262 2829 cipatus
291 2781 328 2815 et
358 2773 579 2816 Potestates
606 2774 785 2829 pleraque
814 2775 1025 2817 detexisse.
1090 2775 1188 2816 Hinc
1214 2776 1326 2816 etiam
1353 2777 1472 2818 libros
1497 2778 1640 2833 aliquot

117 2942 221 2987 ipsum
239 2945 426 2987 praevalere
442 2957 547 2988 neque
565 2945 634 2988 ipse
650 2955 753 2988 neque
771 2944 853 2977 aliae
898 2945 1026 2977 catoris.
1073 2947 1219 2978 petavius
1241 2956 1349 2978 nomen
1371 2945 1456 2981 Κάϊν
1479 2950 1636 2980 restituen-

118 2996 299 3032 potestates
327 3002 364 3022 ac
388 2990 586 3033 principatus
612 2990 721 3021 muudi
746 2990 851 3021 sabri—
897 2992 971 3022 dum
991 3001 1054 3023 esse
1077 2993 1252 3031 suspicatus
1275 2995 1325 3024 est.

188 3043 303 3080 Corpus
323 3043 501 3072 naereseoi.
523 3045 558 3072 11.
1318 3051 1369 3090 35
