2034 3267
484 181 661 213 PANARII
686 181 767 213 LIB.
786 182 811 213 I.
835 181 942 213 TOM.
962 181 1016 212 111.
1040 179 1168 211 HAER.
1186 179 1291 210 XLII.
1569 171 1648 211 653

247 257 380 299 Schol.
407 257 501 299 VIII
524 267 562 300 et
584 258 700 300 XVI.
746 263 936 313 Numquid
962 264 1006 299 de
1036 261 1147 298 bobus
1176 272 1267 297 eura
1296 265 1355 297 est
1379 261 1474 297 deo?

240 325 375 366 Refut.
402 325 495 366 VIII
520 335 558 367 et
580 326 695 368 XVI.
744 328 908 368 Abunde
928 335 1111 368 tractatus
1137 326 1195 366 hic
1221 326 1325 366 loeus
1350 333 1430 376 est,
1465 333 1503 366 et
1525 327 1560 367 in
1587 341 1650 367 su-

129 393 270 448 periori
295 394 417 448 capite
440 408 459 434 a
485 395 594 435 nobis
619 396 833 450 expositus.
884 394 1049 449 Ideoque
1072 408 1399 449 supervacaneum
1422 394 1494 434 rati
1517 395 1647 435 eadem

128 461 253 502 denuo
284 469 460 515 repetere
491 463 538 502 iis
570 477 665 517 quae
698 463 797 503 diota
828 471 917 503 sunt
948 462 1116 502 contenti
1148 476 1235 502 esse
1264 461 1460 502 debemus.

240 527 372 569 Schot.
400 528 459 569 IX
482 538 519 570 et
543 529 679 570 XVII.
725 533 822 569 Nolo
847 534 940 569 enim
967 545 1029 569 vos
1052 533 1248 581 Ignorure,
1271 531 1441 583 fratres,
1478 533 1646 582 quoniam

122 605 251 649 patres
275 601 399 636 nostri
423 599 490 636 sub
515 599 609 637 nube
620 599 804 651 fuerunt,
849 606 884 637 et
903 613 1024 637 omnes
1049 613 1150 636 mar-e
1175 601 1422 645 transierunt,
1469 606 1504 637 et
1527 613 1648 637 omnes

126 668 273 705 eandem
305 681 422 705 eseam
454 668 655 718 spiritalem
689 669 1011 706 manducaverunt.
1074 667 1254 704 Bibebant
1280 669 1373 704 enim
1411 669 1455 704 de
1485 668 1652 718 spere'lale'

128 742 370 786 consequente
392 749 452 773 eos
470 742 593 786 petra,
622 742 731 786 petra
753 742 872 773 aulem
895 742 979 773 erat
998 736 1180 772 Christus.
1244 736 1320 772 Sed
1333 749 1404 772 non
1425 737 1462 773 in
1476 735 1648 785 pluribus

126 816 248 840 eorum
280 803 541 853 beneplacz'lum
571 809 628 840 est
655 805 733 840 deo.
796 805 896 840 Haec
919 810 1039 840 aulem
1064 805 1100 840 in
1114 803 1252 852 figura
1264 803 1376 854 saeta
1399 810 1487 840 sunt
1511 806 1642 848 noslrz‘‚

126 878 167 908 ut
195 884 266 909 non
287 873 401 908 simus
421 872 715 921 concupiscentes
739 872 915 908 malorum
929 900 938 916 ,
981 873 1080 908 sieut
1102 871 1163 907 illi
1178 870 1354 920 ficerunt,
1399 885 1513 921 neque
1534 872 1648 908 idolo-

125 952 205 976 rum
227 940 388 976 cultores
407 939 633 990 efficiamini,
667 940 766 976 sieut
785 940 930 988 quidam
948 953 995 976 ex
1014 940 1118 988 ipsis,
1154 940 1449 988 quemadmodum
1469 942 1645 990 scriptum

125 1013 196 1044 est:
226 1008 332 1044 Sedit
344 1007 504 1056 populus
527 1008 749 1044 manducare
768 1013 804 1044 et
825 1006 965 1053 bibere,
1000 1013 1039 1057 et
1056 1013 1305 1044 surrexerunt
1323 1008 1459 1044 ludere.
1519 1008 1646 1057 Neque

126 1081 301 1112 tentemus
325 1075 530 1120 Christum,
574 1087 694 1127 usque
717 1074 762 1113 ad
782 1072 844 1113 illa
867 1073 1006 1113 verba:
1051 1076 1152 1112 Haec
1172 1080 1292 1112 autem
1317 1077 1436 1113 onmia
1459 1076 1496 1112 in
1509 1075 1646 1125 figura

124 1142 389 1192 contingebant
415 1143 511 1188 illis,
545 1144 686 1193 scripta
715 1149 802 1181 sunt
828 1149 948 1180 autem
978 1142 1082 1181 uobis
1112 1149 1181 1180 ete.

234 1276 365 1318 Refut.
391 1275 450 1317 IX
471 1285 509 1317 et
527 1275 662 1318 XVII.
707 1275 742 1318 Ο
762 1278 965 1317 inauditam
989 1277 1214 1318 amentiam!
1256 1276 1354 1330 Quis
1374 1277 1523 1318 oriente
1545 1277 1643 1328 sole,

123 1344 155 1385 si
178 1345 290 1385 modo
313 1345 446 1386 oculos
469 1345 620 1396 habeat,
654 1359 673 1385 a
698 1345 782 1385 luce
806 1345 927 1400 possit
949 1345 1158 1386 aberrare?
1215 1344 1316 1386 Nam
1341 1345 1372 1385 si
1397 1353 1529 1400 patres
1553 1359 1645 1385 suos

122 1419 276 1453 veteres
299 1412 384 1454 illos
409 1413 604 1468 apostolus
627 1413 818 1464 nominat,
861 1420 899 1453 et
921 1413 990 1453 sub
1016 1413 1115 1453 nube
1139 1413 1281 1465 fuisse,
1325 1428 1369 1454 ac
1393 1427 1496 1454 mare
1522 1421 1645 1453 trans-

121 1480 212 1521 iisse
238 1482 454 1536 praedicat,
488 1481 519 1522 si
545 1481 752 1536 spiritalem
780 1495 907 1521 escam
936 1488 971 1521 et
995 1488 1123 1536 potum
1151 1489 1447 1532 commemorat,
1479 1481 1644 1535 itemque

123 1549 374 1590 manducasse
404 1563 448 1589 ac
471 1548 614 1589 bibisse
646 1549 691 1588 (le
714 1548 873 1603 spiritali
902 1557 1163 1603 consequente
1195 1549 1281 1590 illos
1313 1557 1442 1605 petra,
1487 1563 1644 1603 eamque

121 1623 266 1671 petram
293 1614 489 1658 Christum
522 1630 609 1657 esse
640 1617 796 1668 scribit,
842 1616 926 1670 quis
957 1615 1170 1658 Marcionis
1199 1617 1371 1658 insaniae
1399 1618 1509 1657 fidem
1541 1617 1645 1656 adhi-

122 1684 233 1735 beat,
269 1685 330 1739 qui
357 1699 463 1726 suam
488 1699 532 1724 ac
558 1691 791 1725 sectatorum
817 1699 974 1725 suorum
997 1692 1162 1726 mentem
1190 1685 1304 1726 tantis
1331 1685 1499 1726 tenebris
1522 1684 1644 1739 impli-

123 1760 208 1803 cat,
252 1759 291 1792 ut
314 1750 511 1794 Christum
543 1752 588 1792 ab
619 1752 665 1792 iis
697 1752 757 1806 qui
789 1753 826 1793 in
851 1753 936 1807 lege
961 1754 1103 1794 versati
1129 1761 1216 1794 sunt
1239 1753 1458 1794 abalienare
1486 1759 1645 1793 eonten-

123 1820 205 1871 dat,
250 1834 344 1874 quos
375 1821 524 1874 quidem
556 1820 751 1875 apostolus
782 1835 944 1871 revera,
990 1836 1064 1861 non
1092 1821 1176 1861 licta
1206 1822 1364 1875 quadam
1391 1820 1519 1876 speeie
1542 1835 1644 1861 coin-

121 1888 344 1928 mendavit?
403 1887 514 1942 Quod
540 1895 665 1928 autem
694 1892 730 1927 in
748 1891 944 1944 plerisque
960 1889 1094 1930 scribit
1117 1889 1215 1929 idem
1238 1904 1309 1929 non
1322 1892 1449 1943 fuisse
1464 1892 1643 1942 plac-llum

1669 269 1690 295 1.
1705 267 1770 294 Cor.
1784 269 1809 300 9„
1825 269 1848 295 9.

1667 539 1737 574 Cap.
1756 540 1796 571 107

1684 576 1695 600 1
1718 581 1780 608 sqq.

123 1958 282 2003 Christo,
319 1956 429 2010 plane
453 1956 497 1995 ad
522 1956 671 1996 illorum
692 1956 839 1997 seelera
863 1957 1055 2012 pertinere
1079 1957 1284 2012 putandum
1308 1965 1380 1998 est.
1445 1956 1523 1997 tam
1548 1970 1640 1997 vero
1660 1967 1732 1994 thid.
1753 1970 1779 1996 5.

122 2023 153 2064 si
176 2023 213 2063 iu
237 2023 304 2073 iis,
340 2024 399 2077 qui
426 2024 463 2063 in
488 2024 572 2078 lege
594 2025 783 2065 scelerate
805 2039 845 2066 se
866 2032 1093 2079 gesserunt,
1128 2039 1365 2079 nequaquam
1388 2024 1439 2065 illi
1466 2025 1642 2080 placitum

122 2099 204 2142 est,
245 2091 331 2131 ideo
354 2092 428 2132 illis
452 2093 717 2133 succensuerit
741 2100 913 2146 oportet,
957 2094 1053 2147 quod
1081 2093 1202 2147 legem
1227 2093 1308 2148 ipse
1335 2093 1486 2142 tulerit,
1531 2106 1641 2146 quam

122 2159 276 2200 omnino
307 2174 413 2200 suam
445 2174 531 2200 esse
560 2161 783 2210 confirmat,
829 2175 923 2215 quae
949 2176 1016 2216 pro
1040 2162 1221 2215 temporis
1248 2161 1529 2216 opportunitate
1552 2174 1641 2200 con-

122 2241 231 2268 cessa
253 2228 394 2268 tamdiu
420 2228 650 2268 functionem
672 2243 778 2268 suam
804 2236 862 2269 est
881 2229 1325 2283 administrationemque
1347 2228 1496 2278 sortita,
1520 2228 1641 2268 donec

120 2295 183 2336 ille
215 2309 330 2336 carne
361 2296 553 2350 praeditus
585 2296 753 2336 advenit.
814 2295 915 2337 Nam
943 2304 980 2337 et
1005 2296 1276 2352 paterfamilias
1300 2296 1424 2336 serviS
1447 2296 1526 2336 suis
1551 2310 1642 2335 oon-

121 2371 304 2404 sentanea
330 2363 465 2417 cuique
493 2364 650 2418 tempori
674 2364 786 2404 debet
810 2365 983 2405 mandata
1006 2365 1286 2419 praescribere.
1352 2362 1522 2404 Subinde
1548 2377 1641 2403 vero

121 2430 194 2472 ista
218 2431 437 2471 subtexuit:
471 2435 572 2471 Haec
593 2440 712 2471 autem
731 2436 767 2472 ln
783 2435 914 2485 figura
937 2436 1060 2472 nostri
1076 2436 1324 2483 conligerunl,
1359 2447 1403 2470 ne
1423 2435 1536 2470 sunus
1555 2446 1641 2470 eon-

121 2503 346 2551 cupz'seenles
370 2501 547 2538 malorum
558 2530 568 2547 ,
612 2503 711 2539 sieut
737 2503 797 2540 e'lle'
816 2505 1100 2553 concupierunt,
1141 2516 1255 2552 neque
1277 2502 1457 2538 Malorum
1481 2501 1641 2538 cultores

121 2569 353 2620 efficiamini,
403 2571 502 2606 sicul·
525 2571 669 2619 quidam
700 2585 747 2608 eac
771 2572 872 2621 e‘pse's.
936 2569 978 2609 In
1006 2583 1078 2623 quo
1106 2583 1180 2609 non
1204 2581 1337 2608 omnes
1359 2567 1547 2607 sententia
1572 2581 1640 2607 sua

122 2636 403 2677 condemnavit.
469 2633 544 2675 Sed
567 2636 754 2676 undenam
779 2637 939 2677 obsecro
963 2637 1079 2688 liaeo,
1121 2636 1314 2691 apostole,
1349 2634 1475 2675 nosti?
1534 2638 1644 2674 Sicut

120 2707 296 2756 scriptum
321 2711 396 2751 est,
431 2703 572 2757 iuquit,
607 2706 712 2743 Sedit
728 2707 888 2757 populus
911 2708 1132 2745 manducare
1162 2712 1198 2742 et
1223 2705 1364 2750 bibere,
1409 2711 1444 2741 et
1463 2717 1639 2742 surr-eme-

122 2780 212 2810 runt
244 2775 382 2812 ludere.
448 2770 551 2811 Vera
585 2778 643 2811 est
676 2772 803 2827 itaque
836 2772 1048 2828 scriptura,
1095 2773 1139 2812 de
1176 2786 1248 2825 qua
1277 2772 1320 2810 ad
1353 2770 1639 2810 convincendos

121 2839 315 2893 improbos
333 2839 478 2880 Paulus
499 2847 721 2893 argumenta
742 2840 901 2895 colligit.
958 2840 1109 2881 Deinde
1132 2853 1288 2880 rursus:
1316 2841 1444 2891 Neque
1465 2845 1640 2877 tentemus

119 2942 206 2972 illam
230 2943 432 2982 absorpseral.
477 2944 542 2974 Non
563 2944 641 2974 enim
662 2944 809 2982 reperitur
826 2945 856 2974 in
946 2942 999 2975 3¹2.
1024 2940 1153 2975 δοξῖέντν.
1174 2942 1245 2972 edit.
1269 2942 1389 2979 princ„
1425 2941 1505 2979 quod
1532 2941 1640 2971 vitium

121 2987 214 3018 libris.
902 2998 956 3028 ope
979 2989 1044 3020 cod.
1069 2989 1163 3019 Vane.
1185 2987 1306 3018 sustulit
1329 2986 1484 3018 petavius.
