2034 3267
471 170 649 203 PANARn
674 171 756 203 LIB.
778 173 801 204 1.
825 172 1005 205 T0M.111.
1031 171 1160 203 HAEP..
1176 171 1336 203 xxxiv.
1584 162 1661 202 461

141 257 230 292 sunt
260 250 320 305 qui
355 257 428 290 tam
459 258 747 292 sacrosanctam
776 251 1001 304 religionem
1029 265 1197 305 vereque
1225 249 1506 305 inexplicabilis
1533 257 1665 303 poten-

142 319 218 358 tiae
245 318 565 372 magnitudinem,
601 326 743 360 tantam
770 319 932 372 denique
958 318 1075 358 divini
1101 318 1267 358 numinis
1293 319 1570 373 providentiam
1598 332 1666 372 per

139 386 228 426 illud
255 400 364 426 suum
389 386 521 440 alpha,
566 387 652 427 beta
677 395 905 441 ceterosque
931 400 1113 426 numeros
1139 394 1213 425 tam
1239 386 1375 439 frigide
1397 386 1663 439 violenterque

141 454 354 494 traducant.
417 455 475 494 Ac
509 455 735 509 quicumque
768 469 810 496 se
841 455 887 494 ab
922 454 1086 494 ecclesia
1119 461 1348 507 segregant,
1392 461 1433 494 ut
1465 455 1510 493 ad
1544 454 1664 494 aniles

141 521 257 562 hasce
293 522 437 562 salmias
471 523 771 572 adhaerescunt,
820 536 913 562 sane
946 524 1161 572 suometepse‘
1189 524 1324 559 iudicio
1357 524 1524 560 damnali
1553 530 1661 570 szmt5
1683 529 1784 562 ‘rit-3,
1805 529 1842 555 ἰΰ-

139 604 228 642 quos
252 593 449 630 secundum
476 606 583 630 unam
608 593 834 642 alteramque
854 592 1119 640 correptionem
1141 591 1304 635 devitare
1325 587 1467 628 Paulus
1495 589 1666 629 hortatus

139 664 212 698 est.
276 657 442 699 loannes
469 673 562 699 vero
590 656 736 698 Christi
763 657 971 711 discipulus
998 656 1144 695 maiore
1171 655 1257 696 illos
1283 669 1406 709 poena
1435 657 1667 696 condemna-

137 725 208 775 vit,
242 740 326 766 cuin
350 741 396 766 ne
422 726 579 767 salutari
603 725 753 780 quidem
777 739 797 764 a
822 725 930 765 nobis
954 724 1132 778 patiatur.
1197 726 1394 773 Qadenim,
1429 724 1565 777 inquit,
1598 739 1664 763 ave
1679 733 1866 761 2.10anu.11.

138 795 214 832 z'lle's
246 797 406 842 dederit,
450 797 692 833 communicat
719 794 890 844 operibus
929 795 1078 831 illorum
1113 793 1300 842 maligm‘s.
1369 789 1514 831 Merito
1554 806 1660 832 sane.

137 864 265 914 Neque
295 866 388 901 em'm
408 877 488 913 pax
514 870 571 900 esc
591 864 731 913 impias,
767 860 856 900 dicit
881 860 1070 900 dominus.
1133 860 1186 899 At
1212 859 1370 898 istorum
1397 858 1572 914 impietas
1596 860 1664 898 im-
1680 870 1865 904 Esai.ie,22.

139 929 321 984 pietatem
343 944 492 969 omnem
515 936 694 983 superat3
728 928 791 982 qui
813 928 910 968 coeli
931 935 1135 980 terraeque
1158 926 1443 976 fabricatorem,
1477 941 1521 966 ac
1543 927 1666 967 solum

142 997 440 1052 omnipotentem
463 997 596 1046 deum,
640 1011 754 1051 snpra
777 1010 888 1050 quem
914 995 1039 1035 nullus
1062 995 1159 1035 alius
1182 1002 1241 1035 cst
1265 996 1380 1045 deus,
1424 1008 1475 1035 ex
1497 995 1663 1044 defectu,

137 1065 199 1119 qni
231 1073 268 1105 et
298 1065 379 1120 ipse
413 1079 463 1104 ex
493 1064 568 1105 alio
595 1063 644 1104 sit
670 1071 778 1104 ortus
802 1065 975 1113 defectu,
1021 1063 1234 1103 derivatum
1259 1063 1505 1112 existimant,
1551 1070 1589 1102 ut
1614 1077 1664 1102 ex

135 1132 287 1172 illorum
317 1132 497 1187 opinione
530 1133 643 1172 tertio
675 1133 838 1186 quodam
869 1146 919 1171 ex
950 1132 1102 1172 defectu
1135 1131 1334 1185 prodierit.
1396 1129 1483 1184 Qua
1514 1130 1663 1184 quidem

137 1201 296 1256 explosa
319 1201 571 1254 damnataque
597 1202 788 1240 sententia
811 1199 944 1255 procul
966 1199 1011 1239 ab
1035 1199 1106 1239 iltis
1128 1199 1345 1252 fugiendum
1370 1206 1430 1238 est
1453 1213 1512 1250 ac,
1548 1213 1665 1252 quau-

136 1275 175 1308 to
205 1274 294 1308 sunt
324 1268 362 1308 in
390 1272 524 1309 errore
550 1268 829 1323 pertinaciores
855 1268 1099 1321 inventisque
1127 1267 1303 1319 pessimis
1329 1267 1538 1322 impensius
1563 1267 1666 1306 dele-

136 1343 301 1386 ctantur,
327 1343 433 1377 tanto
457 1350 524 1377 eos
546 1336 666 1389 magis
685 1337 891 1391 putandum
911 1342 971 1376 est
989 1335 1035 1376 ab
1054 1334 1417 1376 scelestissimorum
1438 1335 1664 1375 daemonum

137 1401 322 1458 Ogdoade
347 1405 547 1445 concitari.
611 1403 672 1445 Uti
697 1404 930 1458 phreneticis
951 1403 1109 1453 accidit,
1143 1403 1226 1456 qui,
1260 1417 1334 1456 quo
1357 1403 1518 1457 amplius
1540 1402 1667 1442 rident

136 1485 181 1512 ac
207 1479 346 1526 vegeto
371 1485 459 1513 esse
483 1486 644 1527 corpore
667 1473 868 1522 videntur,
903 1472 1105 1525 omniaque
1130 1485 1200 1511 ceu
1221 1471 1396 1511 valentes
1417 1485 1461 1511 ac
1486 1470 1586 1520 sani,
1620 1484 1665 1510 ac

138 1540 320 1580 nonnulla
348 1540 463 1580 etiam
489 1540 682 1594 aliquanto
708 1555 819 1594 quam
845 1540 876 1580 si
902 1539 985 1580 sani
1014 1546 1145 1579 essent
1170 1538 1388 1587 robustius,
1422 1545 1583 1592 gerunt,
1619 1552 1664 1577 eo

138 1621 226 1648 sese
253 1608 423 1648 deterius
448 1607 603 1648 habent.
667 1606 856 1648 Similiter
886 1608 949 1648 isti
980 1622 1055 1661 quo
1079 1606 1346 1647 vehementius
1373 1620 1509 1660 sapere
1532 1606 1664 1646 viden-

138 1682 222 1726 tur,
266 1689 383 1730 seque
413 1676 518 1730 ipsos
550 1683 760 1727 enervant,
806 1677 892 1716 dum
917 1675 1066 1715 intento
1099 1675 1204 1714 velut
1228 1674 1356 1714 acrius
1388 1688 1480 1714 arcu
1506 1673 1664 1727 sagittas
1725 1695 1736 1714 x

138 1743 338 1793 emittunt,
372 1757 418 1784 eo
443 1742 588 1784 maiore
615 1744 774 1784 vesania
801 1750 995 1784 tenentur.
1059 1741 1235 1798 Impurus
1261 1741 1396 1796 quippe
1421 1740 1665 1794 ignorantiae

137 1811 293 1866 spiritus
318 1811 546 1865 egrediens,
589 1826 733 1866 eosque
757 1826 833 1852 non
859 1812 952 1862 deo,
994 1811 1060 1851 sed
1086 1810 1260 1865 profanis
1284 1808 1573 1863 quaestionibus
1596 1808 1665 1847 im-

137 1879 298 1934 plicatos
323 1879 545 1934 reperiens,
589 1882 763 1919 adhibitis
787 1888 921 1932 septem
946 1881 1032 1918 alles
1056 1882 1174 1930 seipso
1200 1878 1457 1930 ῃεᾳαίονίόιιε,
1502 1876 1663 1916 inflatis-
1683 1885 1793 1947 jagur&

138 1961 210 2001 que
242 1962 342 1987 vana
373 1948 624 2002 persuasione
655 1948 806 1988 illorum
838 1946 998 1997 animis,
1043 1946 1151 2000 quasi
1177 1946 1240 1986 vel
1265 1960 1379 2000 supra
1404 1946 1514 1985 deum
1540 1945 1662 1999 ipsum
1700 1938 1725 1955 ”’
1779 1942 1784 1947 ’

139 2015 316 2056 attollere
342 2030 383 2056 se
408 2016 628 2070 cognitione
654 2015 822 2070 possint,
868 2015 929 2055 ubi
950 2015 1111 2055 idoneos
1134 2021 1444 2068 opportunosque
1470 2012 1665 2052 fraudibus

138 2084 220 2124 suis
242 2084 465 2135 reddiderit,
495 2085 682 2137 quandam
704 2083 923 2124 stoliditatis
940 2082 1199 2137 improborum
1218 2082 1417 2137 spirituum
1441 2078 1665 2135 Ogdoadem

138 2151 177 2191 in
203 2152 288 2192 illos
316 2152 497 2192 immittit.

251 2220 337 2274 Age
365 2233 458 2260 vero
485 2220 573 2259 illud
600 2219 758 2273 insuper
785 2232 1046 2274 exponamus,
1088 2217 1402 2272 quemadmodum
1428 2223 1578 2256 creatas
1601 2230 1663 2256 res
1682 2222 1865 2266 Cap.X1V.

140 2301 274 2328 omnes
306 2289 351 2328 ad
377 2301 507 2328 eornm
535 2301 632 2341 quae
656 2286 779 2326 videri
805 2294 1000 2341 nequeunt
1024 2285 1309 2326 similitudinem
1342 2299 1363 2324 a
1388 2284 1586 2324 conditore
1610 2283 1665 2324 sic

139 2356 345 2410 productas
370 2363 567 2405 asserant,
602 2361 642 2394 nt
665 2368 709 2393 eo
733 2355 818 2408 quid
844 2361 977 2409 ageret
999 2354 1197 2394 nesciente
1220 2352 1406 2392 beneficio
1429 2350 1569 2392 Matris
1596 2366 1666 2392 ex-

141 2422 301 2463 titerint.
364 2422 558 2478 Principio
587 2422 777 2462 elementa
803 2422 864 2462 illa
893 2429 1078 2476 quatuor,
1122 2421 1272 2474 ignem,
1310 2434 1468 2473 aquam,
1503 2427 1661 2470 terram,

140 2495 292 2542 ae'rem,
326 2493 371 2532 ad
398 2505 569 2532 summae
594 2489 813 2544 primaeque
839 2489 1023 2530 Tetradis
1048 2489 1206 2542 effigiem
1233 2502 1320 2528 esse
1346 2488 1552 2528 constituta
1579 2502 1665 2528 nar-

140 2565 242 2598 rant.
305 2557 478 2612 Quorum
502 2559 546 2598 ad
570 2558 757 2612 agendum
779 2558 1044 2607 efficacitates,
1080 2564 1168 2611 puta
1191 2556 1382 2605 calorem,
1416 2555 1557 2610 Frigus,
1591 2556 1665 2596 sic—

141 2626 292 2666 citatem
325 2634 362 2666 ct
393 2627 614 2675 humorem,
660 2632 836 2665 exactam
869 2623 1065 2679 Ogdoadis
1096 2624 1300 2677 imaginem
1335 2624 1498 2663 referre.
1562 2622 1662 2663 Tum

143 2694 273 2735 decem
309 2695 380 2734 hoc
415 2695 526 2735 modo
561 2692 734 2733 Virtutes
768 2701 1009 2734 enumerant.
1071 2691 1241 2732 Primum
1273 2697 1420 2745 septem
1456 2705 1664 2746 corporeos

187 2795 218 2828 7.
241 2795 442 2838 ignorantiae
464 2797 551 2827 habet
574 2797 635 2827 Vct.
655 2796 825 2835 Interpres,
848 2799 881 2827 ut
969 2795 999 2827 2.
1024 2797 1071 2827 Ila
1099 2795 1258 2832 rescripsi,
1290 2803 1378 2825 sensu
1407 2795 1596 2832 postulante,
1630 2795 1666 2825 de

143 2835 275 2882 οἷγνοίας
297 2843 438 2873 videatur
462 2843 602 2884 &fisse-n
926 2843 1105 2872 anctoritate
1133 2841 1191 2870 ret.
1215 2840 1389 2877 Interprelis
1413 2842 1438 2869 et
1459 2839 1668 2871 Pseudo-Ori-

192 2885 256 2916 CAp
284 2886 376 2919 XtV.
400 2905 440 2909 —
468 2888 495 2917 1.
520 2884 554 2924 ἐξ
577 2885 620 2925 ἧς
641 2895 698 2924 pro
723 2883 804 2926 ἑξῆς
825 2886 881 2916 Ιια-
924 2887 1019 2926 genis.
1054 2885 1222 2925 Epiphania·
1241 2885 1310 2914 libri
1327 2885 1473 2923 praebent
1493 2880 1668 2926 σωματικὰ

144 2932 188 2961 bet
207 2932 324 2962 Pseudo
336 2949 348 2954 —
360 2933 504 2972 Oriqenes
522 2935 549 2962 et
570 2933 628 2963 Ver.
647 2931 807 2970 Interpres,
830 2932 883 2971 qui
926 2930 1115 2971 κυκλοειδῆ.

146 2985 184 3006 ex
209 2986 271 3018 qua
293 2978 391 3008 vertit.
