2034 3267
204 1780 269 1809 pag.
289 1772 346 1800 35?

192 2243 280 2286 Κεφ.
308 2240 345 2282 ζ’.

359 175 437 215 702
915 181 1077 214 SANCTI
1098 182 1320 214 EPIPHANH

357 256 629 308 τελειωτάτως,
661 256 794 311 ἐπειδὴ
814 256 886 313 γάρ
905 258 1150 310 συνεκάθισε,
1180 257 1279 300 κατά
1300 257 1366 300 τὸν
1385 257 1638 303 ἀποστολικὸν
1655 261 1791 318 λόγον,
1823 262 1883 304 ὅτι

359 325 381 368 ὁ
402 324 498 374 θεὸς
520 324 666 380 ἤγειρε,
706 327 772 367 καὶ
794 325 1050 368 συνεκάθισεν
1076 329 1114 369 ἐν
1136 333 1218 376 τοῖς
1241 328 1504 381 ἐπουρανίοις·
1546 327 1598 377 ὥς
1619 335 1882 386 μαρτυροῦσιν

359 395 399 435 οἵ
428 392 500 434 δύο
532 395 572 434 οἷ
596 395 637 435 ἐν
663 396 800 447 ἐσθῆτι
823 400 979 452 λαμπρᾷ
1004 393 1192 447 ὀφθέντες
1217 393 1463 446 ἀποστόλοις,
1495 393 1548 444 αἷς
1570 398 1761 451 λέγουσιν,
1789 397 1880 440 ’'Av-

359 465 446 517 δρες
468 467 675 513 Γαλιλαῖοι,
702 465 738 504 τί
761 461 942 516 ἑστήκατε
965 461 1192 513 ἀτενίζοντες
1215 465 1268 512 εἰς
1291 461 1358 504 τόν
1380 461 1569 518 οὐρανόν,
1604 460 1746 515 3οῦτος
1769 464 1791 508 ὁ
1811 465 1882 520 Ἰη-

360 535 453 579 σοῦς
475 528 497 572 ὁ
521 528 588 582 ἀφ’
609 528 720 584 ὑμῶν
745 528 988 584 ἀναληφθεὶς
1011 533 1064 580 εἰς
1088 529 1155 573 τόν
1180 530 1349 587 οὐρανὸν
1373 530 1498 581 οὕτως
1518 531 1705 574 ἐλεύσεται
1729 533 1774 575 ὃν
1793 533 1880 590 τρό-

359 615 434 641 πον
464 597 684 640 ἐθεάσασθε
715 597 834 641 αὐτόν
862 598 1242 653 ἀναλαμβανόμενον.

473 668 551 708 Καὶ
568 669 634 708 ἵνα
656 666 709 721 μὴ
728 667 842 709 πάλιν
861 670 966 725 δοθῇ
984 682 1044 709 σοι
1061 667 1258 722 πρόφασις
1276 670 1466 722 πονηρίας
1482 666 1580 709 κατά
1599 672 1668 721 τῆς
1686 666 1882 721 ἀληθείας,

360 733 452 787 μετά
481 734 622 789 χρόνον
652 735 776 779 πολύν
806 741 875 789 τῆς
903 740 971 777 τοῦ
997 741 1170 791 σωτῆρος
1200 734 1311 789 ἡμῶν
1336 735 1587 789 ἀναλήψεως,
1629 737 1832 788 Στέφανος
1862 735 1884 778 ὁ

360 802 468 858 ἅγιος
498 808 569 845 τοῦ
597 809 696 846 θεοῦ
732 802 910 858 1μάρτυρ
936 803 1188 856 λιθαζόμενος
1218 802 1295 846 find
1327 809 1402 846 τῶν
1427 802 1625 846 Ἰουδαίων
1655 803 1884 860 ἀπεκρίνατο

357 873 497 926 λέγων,
525 870 647 923 Ἰδού,
678 871 758 927 ὁρῶ
779 870 845 914 τόν
866 870 1034 926 οὐρανὸν
1060 871 1322 930 ἀνεῳγμένον,
1355 873 1420 913 καὶ
1443 871 1510 914 τόν
1532 872 1619 914 υἷόν
1640 878 1710 916 τοῦ
1729 871 1886 927 ἀνθρώ-

360 956 439 981 που
466 940 609 981 ἕστῶτα
639 942 680 982 ἐκ
706 943 840 990 δεξιῶν
867 945 936 982 τοῦ
961 940 1124 996 πατρός·
1164 943 1228 982 ἵνα
1258 943 1362 998 δείξῃ
1393 938 1487 982 αύτό
1518 940 1560 983 τὸ
1591 946 1702 995 σῶμα
1733 943 1772 983 ἐν
1797 940 1885 994 ἀλη-

359 1011 450 1065 θείᾳ
472 1010 525 1057 εἰς
545 1008 806 1062 πνευματικόν
831 1007 1031 1050 2ἀναστάν
1054 1008 1125 1050 σύν
1145 1007 1304 1062 θεότητι
1326 1013 1396 1050 τοῦ
1423 1014 1676 1064 μονογενοῦς,
1717 1009 1807 1052 ὅλον
1833 1011 1887 1058 εἰς

361 1075 622 1130 πνευματικόν
653 1077 798 1119 ἕνωθὲν
827 1078 892 1118 καὶ
924 1079 978 1126 εἰς
999 1076 1168 1130 θεότητα
1194 1078 1476 1131 συνηνωμένον.
1525 1076 1633 1119 ’Ἀνω
1658 1078 1699 1120 δὲ
1725 1076 1819 1119 αύτό
1842 1076 1884 1120 τὸ

361 1144 471 1200 ἅγιον
494 1151 603 1199 σῶμα
626 1145 696 1187 σύν
717 1149 763 1203 τῇ
784 1144 943 1199 θεότητι
965 1145 1052 1194 ὅλος
1076 1144 1191 1196 θεὸς,
1223 1144 1279 1194 εἷς
1300 1144 1386 1194 υίὸς
1408 1143 1430 1187 ὁ
1453 1145 1561 1200 ἕίγιος
1581 1150 1649 1188 τοῦ
1670 1151 1788 1196 θεοῦ,
1818 1163 1885 1187 κα-

361 1213 570 1267 θεζόμενος
590 1215 630 1256 ἐν
650 1216 755 1270 δεξιᾷ
775 1219 845 1255 τοῦ
865 1212 1031 1267 πατρὸς,
1064 1211 1117 1262 ὥς
1138 1215 1209 1266 ἔχει
1231 1215 1296 1255 καὶ
1317 1212 1360 1255 τό
1384 1218 1452 1255 τοῦ
1473 1213 1647 1269 Μάρκου
1669 1212 1887 1269 εὐαγγέλιον

361 1283 428 1324 καὶ
450 1287 527 1323 τῶν
550 1280 672 1324 ἄλλων
699 1281 991 1337 εύαγγελιστῶν,
1031 1283 1111 1323 Καὶ
1135 1280 1305 1335 ἀνῆλθεν
1330 1282 1382 1329 εἰς
1407 1279 1620 1338 οὐρανούς,
1664 1284 1730 1325 καὶ
1753 1283 1886 1324 ἐκάθι-

362 1365 426 1391 σεν
453 1351 493 1392 ἐν
523 1352 627 1406 δεξιᾷ
657 1354 725 1392 τοῦ
755 1349 912 1405 πατρός.
974 1351 1053 1391 Καὶ
1078 1348 1323 1404 πανταχόθεν
1349 1352 1583 1393 διαπεσεῖταί
1612 1365 1685 1392 σου
1715 1351 1781 1393 καὶ
1809 1354 1888 1393 τῶν

362 1416 440 1460 ind
471 1423 543 1460 σοῦ
572 1419 877 1472 πεπλανημένων
908 1416 931 1460 ὁ
960 1417 1128 1474 ἀγύρτης
1155 1417 1278 1474 λόγος.

475 1487 555 1528 Καὶ
581 1488 669 1542 περὶ
693 1492 842 1542 νεκρῶν
868 1485 1109 1536 ἀναστάσεως
1134 1485 1252 1529 ἄκουε
1277 1493 1346 1530 τοῦ
1371 1485 1589 1529 ἀποστόλου
1613 1488 1788 1542 λέγοντος
1812 1485 1884 1538 ὅτι,

363 1560 438 1596 Δεῖ
463 1554 505 1597 τὸ
537 1554 721 1610 φθαρτόν
750 1560 864 1597 τοῦτο
889 1554 1128 1597 ἐνδύσασθαι
1151 1554 1401 1611 ἀφθαρσίαν,
1439 1557 1505 1597 καὶ
1535 1554 1577 1597 τὸ
1601 1555 1748 1609 θνητόν
1771 1559 1884 1597 τοῦτο

363 1622 602 1666 ἐνδύσασθαι
621 1622 852 1665 ἀθανασίαν.
915 1625 968 1664 Εἰ
985 1623 1037 1677 μὴ
1058 1622 1129 1679 γάρ
1149 1626 1273 1677 ἔμελλε
1293 1623 1334 1666 τὸ
1356 1622 1503 1678 θνητόν
1524 1622 1765 1665 ἐνδύσασθαι
1786 1621 1885 1665 ἀθα-

361 1695 518 1743 νασίαν,
555 1693 623 1734 καὶ
644 1691 686 1735 τὸ
709 1690 889 1747 φθαρτόν
914 1690 1154 1734 ἐνδύσασθαι
1177 1690 1429 1748 ἀφθαρσίαν,
1472 1690 1543 1734 ούκ
1567 1690 1615 1733 ἂν
1641 1690 1663 1733 ὁ
1688 1691 1888 1741 ἀθάνατος

366 1767 506 1802 θανεῖν
528 1755 647 1814 ἦλθεν
668 1762 733 1802 ἰ’να
756 1762 797 1803 ἐν
819 1758 921 1818 αὐτῷ
943 1759 1081 1818 πάθῃ,
1121 1762 1187 1802 καὶ
1208 1763 1414 1815 κοιμηθεὶς
1435 1759 1477 1802 τὸ
1499 1759 1703 1815 τριήμερον
1727 1759 1887 1818 ἀναστῇ,

363 1830 428 1870 καὶ
448 1829 704 1886 συνανενέγκῃ
727 1830 766 1870 ἐν
797 1829 943 1886 3ἕαυτῷ
967 1833 1012 1886 τῇ
1038 1827 1197 1882 θεότητι
1217 1830 1284 1870 καὶ
1309 1835 1354 1887 τῇ
1374 1828 1494 1871 αὐτοῦ
1521 1828 1636 1886 δόξῃ,
1667 1831 1732 1871 ἵνα
1755 1831 1799 1871 ἐκ
1819 1833 1889 1882 τῆς

365 1895 485 1938 αὐτοῦ
517 1894 671 1952 ἀγαθῆς
700 1895 799 1951 πρὸς
827 1895 931 1949 ’ἡμᾶς
953 1899 1138 1950 ἐνδημίας
1167 1896 1236 1951 τὴν
1259 1902 1387 1940 πᾶσαν
1412 1899 1546 1939 ἐλπίδα
1571 1895 1818 1951 κατάσχωμεν
1847 1898 1888 1938 ἐν

364 1963 546 2022 ἀληθείᾳ,
588 1962 822 2013 ύποδεικνὺς
844 1963 983 2007 ἑαυτόν
1006 1964 1130 2007 τύπον
1153 1963 1246 2019 ἡμῖν
1266 1968 1332 2008 καὶ
1354 1964 1565 2021 ἀρραβῶνα
1586 1966 1639 2014 εἰς
1665 1967 1799 2007 ἐλπίδα
1819 1969 1888 2018 τῆς

363 2032 491 2087 πάσης
519 2037 619 2087 ζωῆς
647 2035 916 2089 πραγματείας.

488 2239 644 2280 Τούτων
678 2238 718 2280 δὲ
747 2237 872 2287 οὕτως
902 2237 1066 2291 ἐχόντων
1094 2240 1160 2280 καὶ
1184 2240 1406 2293 ῥηθέντων,
1448 2241 1503 2288 τίς
1525 2240 1580 2280 ἔτι
1599 2255 1662 2291 μοι
1682 2240 1787 2292 χρεία
1809 2237 1887 2278 ἐστὶ

367 2310 669 2361 κατατρίβεσθαι
696 2307 786 2361 περὶ
814 2305 952 2348 τούτου
982 2312 1052 2348 τοῦ
1080 2307 1263 2362 ζωπύρου
1290 2310 1459 2360 σφηκίου
1490 2307 1556 2348 καὶ
1587 2304 1745 2354 οὐδενὸς
1774 2303 1887 2353 ὄντος

369 2373 590 2430 ἀνατροπῆς
618 2376 748 2425 ἕνεκα,
791 2373 817 2427 ἢ
848 2373 961 2427 ἄλλης
993 2374 1097 2424 τινός
1124 2379 1404 2431 πραγματείας,
1453 2372 1538 2425 Ἀφ’
1568 2375 1709 2416 ἑαυτοῦ
1738 2371 1810 2428 γάρ
1843 2371 1884 2414 τό

369 2444 529 2498 κέντρον
549 2441 732 2494 ἀπώλεσε,
763 2443 830 2483 καὶ
851 2440 1142 2497 ἀπαράλλακτον
1160 2443 1281 2486 αὐτοῦ
1299 2442 1342 2485 τὸ
1366 2447 1433 2497 τῆς
1452 2441 1598 2496 πλάνης
1619 2459 1887 2498 παραπεποιη-

370 2513 485 2564 μένον
516 2510 641 2566 δόγμα
669 2512 733 2552 καὶ
767 2509 984 2566 ἀγυρτῶδες
1013 2513 1210 2554 δέδεικται.
1274 2513 1379 2553 Φασὶ
1403 2509 1475 2566 γάρ
1501 2509 1543 2553 τὸ
1569 2509 1762 2567 ὀδυνηρὸν
1787 2524 1885 2563 σφη-

369 2582 476 2630 κίον,
518 2579 541 2621 ὃ
562 2578 740 2634 ζώπυρόν
761 2596 858 2628 τινες
881 2578 1132 2632 κεκλήκασιν,
1171 2583 1266 2634 ἔχειν
1289 2581 1357 2633 μὲν
1379 2580 1552 2635 κέντριον
1573 2578 1727 2632 ἰοβόλον
1749 2576 1884 2634 βραχῦ,

369 2650 627 2702 περιωδυνίαν
659 2646 804 2701 πολλὴν
838 2645 886 2689 ού
914 2649 1170 2701 κεκτημένον,
1213 2647 1304 2690 ἀλλά
1338 2647 1436 2690 κατά
1466 2646 1536 2701 τὴν
1570 2646 1691 2689 αὐτοῦ
1722 2645 1886 2700 δύναμιν

371 2715 525 2769 ἰοβόλον
550 2713 606 2758 ὅν.
663 2714 783 2757 Έπάν
808 2717 850 2757 δέ
873 2733 929 2765 τις
952 2715 1192 2771 διερχόμενος
1216 2715 1283 2759 τὸν
1305 2714 1425 2758 αὐτοῦ
1445 2714 1595 2768 φωλεὸν
1618 2714 1645 2769 ἢ
1663 2713 1798 2757 καλιάν
1817 2732 1885 2756 κα-

714 2783 721 2797 1

368 2784 497 2835 θέλοι,
526 2811 582 2816 -
612 2785 653 2826 ἐν
676 2803 747 2840 γαρ
776 2789 789 2813 1
805 2783 975 2838 θάμνοις
996 2787 1172 2838 βοτανῶν
1194 2791 1360 2827 ποιεῖται
1383 2785 1449 2827 καὶ
1469 2787 1608 2840 κηρίου
1630 2786 1741 2837 δίκην
1761 2783 1886 2841 ἑαυτῷ

412 2910 443 2943 3.
468 2913 565 2943 Verba
586 2904 678 2949 οὗτος
707 2909 724 2946 ὁ
746 2907 881 2954 Ἰησοῦς
914 2909 931 2946 ὁ
960 2907 1019 2954 ἀφ’
1043 2908 1135 2955 ὑμῶν
1159 2909 1364 2956 ἀναληφὲεὶς
1388 2913 1470 2952 (cod.
1501 2914 1592 2944 Vaiic.
1616 2907 1811 2953 ἀναλαφεὶς)
1837 2908 1884 2948 εἰς

367 2954 422 2990 τὸν
446 2954 599 2998 ου’ρανᾶν,
624 2967 701 2997 quae
724 2959 814 2998 vulgo
838 2959 1067 2997 desiderantur,
1090 2959 1188 2990 adieci
1211 2968 1248 2990 ex
1271 2960 1449 2990 auctoritate
1471 2959 1537 2989 cod.
1557 2958 1705 2989 Vaticani.

415 3001 490 3033 CAP.
512 3003 566 3034 VI.
592 3021 631 3026 -
660 3005 687 3035 1.
713 3001 837 3045 μάρτυς
860 3004 930 3035 edit.
949 3005 1046 3043 princ.
