2034 3267
479 177 655 209 PANAau
680 178 760 209 Lis.
784 179 806 210 1.
831 178 935 210 ToM.
955 179 993 210 n.
1032 178 1159 209 HAER.
1183 177 1317 209 xxxi.
1573 168 1647 208 381

146 258 293 308 omnia,
336 270 431 311 quae
460 257 608 311 quidem
638 257 710 312 ipsi
740 257 910 298 subiecta
942 264 1053 307 sunt,
1098 256 1327 297 dominatum
1354 270 1398 296 ac
1426 262 1651 310 potestatem

147 326 327 366 tribuunt.
392 322 488 366 Cum
519 325 589 365 hoc
626 333 664 365 et
694 325 805 366 alium
837 325 1059 379 productum
1091 338 1177 365 esse
1207 324 1402 364 sinistrum
1435 322 1651 377 Principem

146 393 348 434 arbitratus
380 400 459 444 est,
502 393 657 447 perinde
694 400 732 433 ut
764 392 937 433 Gnostici
969 392 1045 442 illi,
1091 392 1183 432 falso
1211 392 1262 432 ita
1289 392 1401 442 dicti,
1447 392 1491 432 de
1517 390 1652 445 quibus

144 468 277 516 postea
305 461 487 502 dicemus.
549 459 675 501 lesum
706 474 819 515 porro
848 473 1115 513 nonnunquam
1148 474 1167 499 a
1195 458 1357 500 Tlieleto
1388 459 1452 499 illo
1483 458 1651 512 genitum

144 529 322 580 affirmat,
369 530 430 583 qui
456 528 500 568 ab
525 529 693 583 ipsorum
721 526 848 568 Matre
873 534 1092 567 contractus
1122 541 1268 580 unaque
1295 541 1378 566 cum
1404 526 1653 567 universitate

143 597 320 651 profusus
345 604 424 646 est,
459 597 644 637 interdum
668 595 713 635 ab
738 609 806 645 e0,
840 595 901 648 qui
926 609 967 634 se
990 595 1034 635 ad
1057 593 1235 634 Pleroma
1260 595 1473 648 receperit,
1507 594 1654 634 scilicet

145 661 315 705 Christo,
369 664 476 705 Alias
498 679 518 704 a
543 662 696 705 Christo
721 669 756 703 et
778 661 970 702 Ecclesia.
1020 660 1203 716 Spiritum
1227 662 1388 715 denique
1412 669 1583 702 sanctum
1606 662 1652 702 ab

143 730 320 773 Ecclesia
344 733 528 786 originem
556 731 722 772 traxisse
750 736 876 784 putat,
919 737 957 770 et
982 729 1027 769 ad
1051 730 1327 770 examinandos
1352 745 1396 770 ae
1425 729 1653 770 fecunditate

143 799 339 840 donandos
364 801 520 840 Aeonas
549 799 686 840 editum
703 830 712 848 ,
753 812 836 838 cum
862 797 900 836 iu
923 797 1009 837 illos
1034 797 1085 837 ita
1110 797 1313 847 subiisset,
1348 805 1386 837 ut
1410 797 1527 851 aspici
1551 797 1652 837 nullo

143 868 254 908 modo
285 875 435 923 posset,
477 867 584 908 cuius
614 867 707 907 adeo
738 865 807 920 ipsi
839 864 1026 905 beneficio
1056 865 1229 905 veritatis
1261 864 1399 919 stirpes
1431 865 1621 905 emittunt.

361 957 594 990 HACTENUS
622 956 839 988 IRENAEUS
865 955 1039 987 CONTRA
1065 955 1434 988 VALENTINIANOS.

252 1069 359 1110 Haec
380 1077 492 1124 atque
515 1069 573 1110 his
596 1068 732 1110 similia
757 1069 918 1124 optimus
944 1068 1006 1109 ille
1031 1082 1155 1109 senex
1180 1067 1364 1110 lrenaeus
1389 1069 1543 1109 totidem
1564 1082 1652 1109 ver-

143 1138 199 1177 bis
230 1138 275 1178 de
300 1137 518 1178 vanissimis
540 1138 690 1178 illorum
717 1137 958 1192 opinionibus
985 1137 1185 1186 disseruit,
1231 1137 1291 1177 vir
1315 1137 1469 1177 omnino
1495 1137 1651 1191 spiritus

143 1205 263 1246 sancti
288 1205 397 1246 donis
422 1204 762 1256 instructissimus,
810 1219 854 1245 ac
885 1213 1061 1259 tanquam
1093 1205 1202 1245 fortis
1228 1205 1367 1246 athleta
1395 1205 1600 1260 productus
1632 1219 1653 1245 a

143 1272 316 1324 domino,
361 1281 398 1314 ct
430 1274 659 1314 coelestibus
693 1274 949 1324 ornamentis,
994 1280 1032 1313 ut
1065 1274 1115 1313 ita
1150 1273 1334 1324 dixerim,
1378 1274 1422 1313 ad
1459 1281 1652 1314 certamen

140 1348 367 1395 perunctus,
413 1342 474 1396 qui
506 1343 680 1382 sincerae
712 1341 796 1382 fidei
827 1356 871 1382 ac
902 1341 1086 1382 scientiae
1116 1341 1317 1396 praesidiis
1349 1341 1472 1382 onmia
1501 1342 1651 1383 illorum

139 1409 346 1463 prostravit
371 1409 584 1464 evertitque
609 1409 821 1450 mendacia.
884 1407 995 1462 Quod
1026 1408 1065 1448 in
1093 1409 1260 1449 secundo
1291 1409 1387 1450 libro
1418 1423 1460 1449 ac
1488 1423 1652 1464 sequen-

140 1476 240 1517 tibus
271 1477 355 1517 aliis
386 1477 621 1532 potissimum
653 1477 835 1532 perfecit,
880 1475 942 1516 ubi
973 1477 1058 1517 illos
1086 1476 1265 1517 uberiore
1294 1477 1394 1532 stylo
1422 1478 1649 1529 confutavit,

141 1558 224 1584 cum
247 1544 351 1585 velut
371 1545 471 1585 humi
494 1545 680 1586 abiectum
705 1559 749 1585 ac
769 1551 986 1599 superatum
1007 1544 1268 1586 adversarium
1291 1545 1458 1596 trahere,
1493 1560 1536 1586 ac
1560 1560 1652 1601 quo-

141 1612 338 1653 dammodo
361 1613 590 1668 triumphare
611 1612 716 1654 visus
741 1619 799 1653 est
818 1613 939 1662 velle,
973 1619 1011 1653 et
1034 1613 1218 1668 profligati
1242 1613 1437 1668 nugatoris
1455 1614 1651 1669 impuden-

142 1686 216 1720 tem
250 1680 370 1735 magis
407 1695 517 1735 quam
548 1682 682 1721 fortem
715 1680 760 1721 ad
791 1681 1073 1735 provocandum
1101 1681 1296 1721 audaciam
1328 1682 1449 1736 palam
1478 1681 1652 1722 omnibus

140 1747 336 1802 detegere.
397 1747 483 1789 Nos
508 1756 633 1789 autem
660 1748 795 1803 partim
818 1748 887 1799 iis,
921 1761 1015 1802 quae
1042 1762 1062 1788 a
1087 1748 1196 1789 nobis
1222 1748 1393 1789 breviter
1416 1757 1504 1790 sunt
1526 1750 1652 1804 dispu-

140 1822 238 1866 tata,
284 1816 417 1871 partim
450 1831 545 1871 quae
577 1816 622 1857 ab
654 1816 738 1856 aliis
763 1815 925 1856 sinceris
947 1816 982 1855 id
1009 1830 1130 1870 genus
1155 1816 1406 1871 scriptoribus
1431 1817 1651 1858 elucubrata

141 1891 250 1935 suut,
294 1885 487 1935 contenti,
534 1899 617 1924 cum
642 1883 843 1924 nonnullos
867 1898 1015 1938 quoque
1040 1884 1236 1925 videamus
1261 1885 1306 1925 de
1330 1885 1401 1925 hoc
1425 1892 1651 1939 argumento

140 1951 358 2006 scripsisse,
379 1952 678 2007 praesertimque
700 1949 952 2003 Clementem,
975 1950 1175 1993 Irenaeum
1196 1959 1234 1993 et
1254 1951 1516 2008 Hippolytum,
1537 1953 1651 1994 alios-

141 2032 212 2074 que
239 2020 474 2075 complures,
519 2020 579 2074 qui
606 2019 813 2060 admirabili
836 2020 994 2074 quadam
1020 2021 1198 2061 facultate
1220 2021 1368 2061 illorum
1391 2022 1568 2075 dogmata
1590 2034 1651 2061 re-

141 2088 331 2138 futarunt,
377 2103 452 2129 non
483 2088 638 2129 multum
668 2087 707 2127 in
734 2101 801 2138 ec,
846 2095 885 2128 ut
909 2088 1048 2129 dietum
1073 2095 1152 2139 est,
1197 2089 1396 2129 elaborare
1421 2089 1647 2139 studuimus,

139 2154 233 2195 satis
258 2169 445 2211 superque
466 2156 614 2197 illorum
642 2168 757 2210 opera
784 2156 920 2196 factum
947 2157 1142 2208 arbitrati,
1175 2156 1287 2211 idque
1312 2158 1434 2212 ipsum
1459 2159 1555 2211 apud
1579 2171 1649 2197 nos

140 2222 430 2275 existimantes,
465 2224 654 2265 neminem
682 2237 768 2264 esse
793 2224 982 2278 paululum
1010 2224 1285 2279 intelligentem
1312 2225 1372 2265 cui
1397 2225 1458 2265 vel
1482 2239 1531 2266 ex
1557 2225 1649 2280 ipsis

140 2290 289 2331 illorum
312 2291 418 2332 libris
444 2305 486 2332 ac
507 2291 744 2345 dogmatibus
771 2306 844 2333 non
867 2306 912 2333 ea
937 2292 1044 2334 facile
1068 2302 1271 2334 occurrant
1296 2306 1391 2347 quae
1415 2293 1459 2333 ad
1483 2293 1568 2333 illos
1590 2306 1651 2333 re-

140 2357 324 2399 fellendos
353 2359 490 2400 idonea
520 2361 610 2400 sint.

249 2424 438 2482 Imprimis
474 2428 571 2481 quod
606 2427 822 2482 opinionum
862 2443 884 2469 a
914 2443 956 2469 se
989 2429 1152 2470 invicem
1186 2428 1371 2470 varietate
1406 2429 1646 2480 dissentiant,

142 2493 312 2548 alterque
336 2495 492 2535 alterius
515 2495 667 2536 decreta
689 2496 905 2537 convellere
928 2511 1015 2538 sese
1038 2497 1282 2552 profiteatur:
1313 2497 1447 2537 deiude
1471 2498 1568 2551 quod
1594 2504 1648 2537 ta·

141 2560 197 2602 les
221 2561 298 2602 sint
321 2562 471 2603 illorum
495 2563 664 2613 fabulae,
708 2571 748 2604 ut
772 2565 979 2606 cohaerere
1005 2565 1106 2605 nullo
1132 2566 1242 2605 modo
1266 2565 1432 2620 possint,
1475 2580 1559 2606 cum
1586 2578 1651 2605 ne-

143 2642 214 2683 que
236 2629 274 2669 in
297 2631 418 2671 sacris
442 2631 584 2681 literis,
619 2645 688 2671 nec
710 2631 748 2671 in
769 2630 893 2673 Mosis
916 2634 1022 2687 lege,
1055 2647 1178 2687 neque
1205 2633 1301 2687 apud
1323 2631 1435 2673 Mose
1458 2633 1647 2674 recentio-

143 2709 203 2736 res
227 2698 428 2752 prophetas
449 2698 598 2739 illarum
621 2705 729 2739 extet
749 2700 820 2740 ulla
846 2702 1003 2753 mentio,
1037 2714 1160 2755 neque
1180 2714 1202 2740 a
1222 2700 1414 2741 salvatore
1434 2701 1647 2756 quicquam,

142 2764 203 2804 vel
231 2764 313 2806 eius
343 2767 613 2821 evangelistis,
659 2773 723 2807 aut
751 2767 912 2822 denique
941 2769 1123 2824 apostolis
1161 2769 1206 2809 de
1237 2768 1331 2809 iisce
1367 2769 1416 2809 sit
1443 2769 1645 2824 proditum.

187 2865 235 2898 10.
265 2866 491 2910 Πεπλήρωται
520 2867 561 2903 τὰ
592 2868 648 2902 τοῦ
681 2867 869 2911 Εἰρηναίου.
961 2871 1037 2903 Cn.
1049 2871 1210 2903 XXXVI.
1227 2889 1269 2895 —
1288 2871 1316 2904 1.
1332 2870 1388 2904 τοῦ
1405 2873 1550 2904 petavius
1564 2873 1648 2903 adie-

144 2908 211 2943 Καὶ
233 2915 296 2944 cett.
319 2915 385 2946 cod.
411 2915 480 2946 Ven.
916 2918 955 2949 cit
978 2926 1014 2949 ex
1037 2918 1102 2949 cod.
1126 2917 1219 2948 Vatic.

1711 1078 1788 1120 Cap.

1675 1123 1819 1154 XXXV.

1715 2436 1791 2479 Cap.

1673 2481 1834 2513 XXXVI.
