2034 3267
482 171 658 203 PANAnu
683 172 764 204 Lm.
784 174 808 204 1.
830 172 936 205 ToM.
957 152 997 204 Π.
1022 173 1151 204 HAER.
1172 173 1330 206 xxvm.
1587 167 1668 206 219

149 251 282 292 eodem
307 249 443 291 relicto
465 247 591 290 Iesum
614 251 835 291 revolasse:
880 250 1007 291 Iesum
1032 266 1146 306 porro
1178 259 1216 291 et
1236 251 1378 292 obiisse
1401 258 1561 292 mortem
1577 283 1588 303 ,
1631 260 1669 293 et

147 319 193 359 ad
226 319 342 359 vitam
375 317 582 357 excitatum
617 332 726 358 esse:
771 316 967 358 Christum
1006 333 1099 358 vero
1141 320 1202 373 qui
1234 319 1487 360 descenderat
1520 334 1667 374 poenae

145 385 268 426 omnis
289 392 487 440 expertem
512 398 558 424 eo
584 385 681 425 unde
707 394 868 425 venerat
891 399 1115 436 reversum,
1149 387 1210 440 qui
1236 387 1334 427 idem
1359 388 1421 428 ille
1442 394 1501 428 est
1521 388 1583 441 qui
1602 401 1668 427 co-

144 453 294 493 lumbae
326 452 454 507 specie
486 452 663 507 delapsus
695 453 842 501 fuerat3
874 452 926 491 ita
956 450 1084 492 Iesum
1116 454 1271 494 minime
1302 468 1389 494 esse
1420 452 1634 495 Christum.

254 518 400 560 Verum
428 526 466 559 et
489 519 547 559 hic
572 534 645 559 non
669 518 792 558 minus
813 533 922 572 quam
946 519 1082 572 reliqui
1103 534 1235 560 omnes
1260 521 1425 572 excidit,
1459 530 1499 562 ut
1520 522 1660 563 intueri
1697 525 1774 568 Cap.
1796 527 1837 558 H·

145 587 255 627 facile
276 587 435 641 potestis
459 587 683 640 quicumque
702 585 877 625 veritatis
898 599 1030 625 amore
1051 586 1249 627 tenemini.
1310 587 1410 628 Nam
1436 603 1520 629 eum
1545 603 1565 629 a
1592 604 1665 644 quo

144 654 210 694 lex
241 655 377 694 tradita
410 655 459 694 sit
488 654 625 693 bonum
657 659 771 705 negat
793 665 903 702 esse,
949 652 1057 692 cuius
1083 660 1211 693 tamen
1235 655 1309 708 legi
1335 656 1464 709 utique
1489 664 1665 710 tanquam

142 721 268 762 honae
299 722 563 776 obtemperare
593 719 760 759 videtur.
823 717 899 771 Qui
931 733 1025 759 vero
1058 720 1262 771 convenit,
1304 729 1345 762 ut
1376 723 1439 776 qui
1467 724 1587 764 malus
1615 724 1666 765 sit

145 789 281 829 bonam
306 790 426 842 legem
451 785 769 841 praescripserit?
827 784 870 826 Si
895 786 995 825 enim
1019 801 1095 826 non
1118 788 1347 839 adulterari,
1381 789 1443 829 vel
1466 804 1541 829 non
1562 791 1664 831 occi-

145 857 234 896 dere
257 863 316 896 est
339 856 562 903 honestum,
595 859 735 906 quanto
760 852 897 892 melior
918 853 951 892 is
975 860 1035 893 est
1056 854 1118 907 qui
1142 854 1215 894 ista
1238 856 1456 910 praecepit,
1489 857 1521 896 si
1543 858 1575 897 is
1600 858 1663 911 qui

143 937 188 963 ea
212 937 286 963 non
308 921 497 963 commisit
517 919 762 960 confessione
783 920 950 960 omnium
973 920 1095 961 bonus
1119 921 1296 962 habetur.
1352 921 1529 976 Quonam
1553 933 1662 978 pacto

142 991 231 1030 mali
252 990 441 1030 cuiusdam
466 987 645 1027 facinoris
667 987 842 1027 accusari
864 995 991 1042 potest
1012 988 1073 1042 qui
1095 988 1194 1029 bona
1219 990 1399 1040 consulit,
1432 1004 1477 1030 ac
1500 998 1576 1030 tam
1595 991 1663 1031 ho-

144 1072 230 1098 nam
261 1057 382 1109 legem
413 1053 627 1094 hominibus
661 1055 891 1109 descripsit?
949 1054 1160 1096 Enimvero
1186 1057 1354 1097 furiosus
1386 1065 1424 1098 et
1447 1071 1580 1098 amens
1604 1066 1664 1098 est

144 1125 205 1179 qui
227 1137 271 1163 ea
293 1123 435 1162 iactare
459 1136 535 1161 non
557 1128 617 1161 est
638 1122 799 1162 veritus.
861 1123 990 1176 Atque
1011 1123 1110 1163 idem
1131 1124 1209 1175 ille,
1240 1124 1446 1175 carissimi,
1480 1125 1565 1176 fuit,
1600 1126 1663 1179 qui

143 1190 396 1247 apostolorum
421 1195 590 1243 tempore
612 1190 812 1229 tumultum
835 1190 939 1230 illum
963 1192 1173 1241 excitavit,
1207 1206 1290 1232 cum
1313 1191 1477 1232 lacobus
1500 1193 1664 1233 caeteri-

141 1272 211 1313 que
238 1256 398 1311 apostoli
423 1256 553 1296 literas
578 1256 824 1297 Antiochiam
851 1259 1091 1312 scripserunt
1114 1258 1172 1298 his
1196 1260 1349 1300 verbis:
1394 1263 1570 1310 Quoniam
1602 1275 1662 1299 co-
1680 1270 1744 1297 Act.
1760 1270 1802 1305 15,
1819 1270 1860 1297 24.

137 1328 350 1378 gnovimuS,
394 1327 567 1375 quosdam
590 1338 613 1363 a
633 1326 737 1364 nobis
759 1328 809 1364 ad
829 1340 892 1364 vos
914 1341 991 1364 esse
1005 1328 1214 1378 profectos,
1260 1331 1409 1379 suisque
1432 1343 1494 1366 vos
1510 1336 1661 1379 pertur-

139 1395 242 1432 basse
264 1392 493 1430 sermonibus
502 1422 512 1439 ,
556 1394 687 1443 quibus
710 1407 782 1431 non
807 1396 1057 1431 mandavimus
1081 1400 1156 1433 etc.
1218 1392 1322 1434 ldem
1352 1409 1500 1448 quoque
1527 1409 1658 1435 eorum
1678 1405 1741 1432 Act.
1760 1405 1802 1431 10.

137 1474 235 1501 unus
259 1466 318 1499 est
339 1458 401 1512 qui
423 1472 465 1498 se
486 1457 604 1499 Petro
628 1467 910 1514 opposuerant,
943 1475 1026 1500 cum
1051 1461 1096 1500 ad
1120 1468 1292 1501 sanctum
1317 1459 1541 1502 Cornelium
1565 1461 1660 1502 ivis-

136 1534 218 1579 set,
260 1541 281 1567 a
310 1541 383 1581 quo
413 1534 497 1581 post
525 1527 690 1566 oblatum
722 1541 790 1581 per
818 1528 943 1567 visum
972 1528 1150 1582 angelum
1177 1536 1259 1568 erat
1284 1529 1508 1569 arcessitus.
1571 1528 1658 1582 Quo

136 1603 309 1649 tempore
334 1594 528 1634 dubitante
554 1592 672 1634 Petro
698 1595 855 1635 linteum
880 1595 970 1635 illud
997 1610 1083 1635 cum
1110 1596 1156 1635 iis
1184 1611 1279 1650 quae
1307 1596 1528 1636 continebat
1553 1596 1659 1637 obie—

137 1669 236 1702 ctum
261 1668 342 1713 est,
375 1669 414 1701 et
436 1676 457 1702 a
480 1662 633 1701 domino
655 1662 754 1702 istud
774 1663 895 1716 ipsum
919 1663 1057 1713 audiit,
1100 1677 1148 1703 ne
1171 1664 1257 1717 quid
1280 1678 1480 1704 commune
1503 1664 1567 1704 vel
1587 1664 1658 1704 im-

136 1743 269 1784 purum
294 1729 515 1784 appellaret.
579 1727 702 1783 Igitur
720 1727 930 1770 Cerinthus
954 1729 1266 1770 circumcisorum
1286 1745 1443 1785 gregem
1469 1731 1657 1772 adversus

136 1795 292 1837 Petrum
318 1803 576 1837 revertentem
602 1797 807 1837 commovit
832 1796 1138 1852 Hierosolymis,
1181 1798 1334 1838 dicens:
1378 1802 1577 1850 Ingressus
1600 1807 1657 1838 est
1673 1810 1734 1836 Act.
1754 1809 1795 1843 11,
1814 1810 1840 1836 a.

135 1867 185 1903 ad
203 1869 301 1903 viros
320 1868 555 1916 praeputium
575 1866 760 1903 habentes.
824 1863 936 1917 Quod
961 1864 1111 1919 quidem
1132 1865 1178 1905 ab
1202 1879 1248 1906 eo
1269 1867 1408 1907 factum
1433 1873 1513 1916 est,
1548 1873 1656 1906 ante-

135 1945 243 1986 quam
268 1946 376 1972 suum
399 1932 438 1971 in
459 1931 556 1971 Asia
581 1932 717 1986 dogma
741 1932 1001 1986 praedicaret,
1044 1946 1161 1987 seque
1184 1933 1223 1973 in
1246 1934 1357 1974 exitii
1382 1933 1442 1974 sui
1464 1934 1655 1989 gurgitem

133 1999 358 2053 profundius
384 1999 620 2039 immitteret.
682 1998 781 2039 Nam
805 2013 890 2039 cum
913 1998 1162 2041 circumcisus
1187 2001 1246 2041 hic
1269 2008 1396 2053 esset,
1439 2009 1479 2041 ut
1502 2015 1568 2041 eos
1592 2001 1656 2055 qui

133 2073 285 2107 retento
312 2067 509 2121 praeputio
533 2067 662 2107 fideles
690 2074 799 2107 erant
825 2067 1100 2119 ulcisceretur,
1143 2069 1387 2110 occasionem
1412 2082 1434 2109 e
1456 2069 1657 2109 circumci-

134 2134 243 2175 sione
274 2141 410 2174 nactus
441 2141 516 2174 est.

244 2199 323 2242 Sed
348 2216 431 2242 cum
458 2202 630 2241 dominus
653 2201 806 2242 humani
833 2203 987 2256 generis
1014 2218 1141 2244 euram
1168 2210 1351 2259 perpetuo
1374 2211 1508 2257 gerat,
1550 2211 1588 2244 et
1611 2204 1650 2244 in
1677 2207 1755 2251 Cap.
1773 2209 1830 2240 III·

133 2269 308 2310 veritatis
330 2270 543 2310 amantibus
565 2270 650 2309 filiis
671 2277 810 2310 certam
830 2285 873 2310 ac
894 2278 1134 2311 constantem
1155 2271 1256 2311 illius
1282 2272 1391 2311 fidem
1418 2271 1589 2311 stabilire
1608 2286 1653 2312 ac

132 2337 359 2377 confirmare
388 2338 533 2386 soleat,
580 2352 664 2377 cum
691 2338 933 2378 sanctissimo
959 2339 1133 2394 apostolo
1158 2337 1276 2379 Petro
1303 2338 1524 2378 confutandi
1549 2338 1651 2380 illius

132 2404 352 2445 facultatem
388 2419 432 2445 ac
466 2405 655 2445 rationem
691 2405 880 2456 dedisset,
927 2406 1130 2447 manifeste
1166 2406 1341 2446 omnibus
1379 2413 1438 2446 est
1472 2404 1650 2447 Cerinthi

133 2479 330 2526 comperta
348 2472 552 2513 stoliditas.
593 2470 650 2512 lta
672 2472 772 2512 enim
791 2474 986 2528 apostolus
1006 2474 1156 2514 locutus
1177 2481 1258 2514 est:
1285 2477 1368 2525 Ego
1385 2489 1484 2514 eram
1503 2478 1540 2513 in
1561 2478 1650 2513 civi·
1668 2480 1792 2549 ΑΜΒ-(ἒ,
1814 2480 1829 2507 5

133 2546 207 2578 tate
222 2543 332 2592 Ioppe
343 2557 355 2579 .·
385 2548 421 2579 et
435 2542 512 2579 vidi
527 2542 643 2578 media
663 2542 743 2578 luce
760 2543 860 2580 cirea
879 2544 1005 2580 horam
1023 2550 1164 2581 seoetam
1184 2544 1332 2580 linteum
1356 2549 1516 2593 quatuor·
1533 2545 1650 2581 initiz‘s

133 2610 314 2646 summitti
339 2611 383 2646 de
411 2610 532 2654 coelo,
578 2610 615 2646 in
649 2622 720 2659 quo
749 2616 858 2647 erant
883 2612 1003 2648 omnia
1032 2612 1282 2661 quadrupedia
1312 2617 1348 2648 el
1375 2611 1537 2660 reptilia.
1599 2612 1653 2648 Et

131 2676 229 2713 dz'aru
253 2677 361 2722 mihi,
408 2678 538 2714 Occide
566 2682 604 2713 et
625 2677 814 2715 manduca.
873 2679 969 2716 Dz‘aez'
990 2685 1131 2725 autem,
1174 2680 1436 2729 Nequaquam,
1481 2679 1646 2725 domine,-

133 2745 218 2791 quia
241 2745 339 2781 nillil
361 2757 518 2795 unquam
539 2757 724 2781 commzme
748 2745 807 2781 vel
829 2746 1048 2783 immundum
1073 2748 1242 2784 introivit
1263 2748 1300 2783 iu
1323 2759 1362 2783 os
1387 2759 1516 2783 meum.
1580 2747 1647 2783 Re-

132 2813 279 2859 spondit
296 2818 416 2849 autem
445 2813 537 2849 milti
559 2825 630 2849 voa*
654 2812 698 2848 de
723 2812 845 2858 coelo,
881 2814 980 2862 Quae
1004 2815 1092 2851 deus
1116 2815 1322 2859 mundavit,
1358 2819 1397 2850 lu
1423 2827 1468 2851 ne
1489 2827 1647 2851 commu-

133 2879 193 2914 nia
215 2880 368 2918 dederis.
433 2881 483 2917 Et
505 2880 692 2932 conse-slim
721 2892 802 2918 ecce
825 2881 894 2918 duo
919 2883 994 2919 viri
1014 2883 1214 2920 astiterunt
1237 2883 1273 2919 iu
1298 2883 1415 2919 domo.
1478 2883 1529 2919 Et
1552 2882 1648 2919 deiri!
