2034 3267
454 159 630 191 PANAnu
653 159 734 190 Lm.
754 160 777 191 ι.
802 160 906 191 ΤοΜ.
927 161 980 191 m.
1003 160 1254 191 HAER.XL11.
1531 152 1605 192 561

102 247 184 285 tur,
217 241 294 277 m‘sz'
310 241 419 290 prius
443 241 635 277 moriatur.
698 237 782 292 Qua
815 253 866 279 ex
897 239 1107 292 scripturae
1131 238 1357 278 auctoritate
1385 238 1495 293 plane
1522 238 1610 279 illud

101 305 362 360 intelligimus,
396 319 516 359 grano
538 305 589 345 illi
614 307 710 359 quod
736 306 887 357 cecidit,
921 306 991 346 hoc
1013 314 1072 346 est
1093 307 1316 361 consepulto
1336 306 1502 361 corpori,
1537 321 1613 347 non

103 374 269 424 animae,
302 373 625 414 resurrectionem
650 387 737 414 esse
761 374 1039 414 vindicandam.
1101 373 1252 414 Etenim
1277 376 1464 427 quomodo
1489 375 1615 416 anima

103 441 183 482 sola
205 440 370 491 veniret,
405 448 470 481 aut
490 455 652 495 regnare
671 441 750 481 sola
775 448 918 495 posset,
952 455 1048 495 quae
1070 456 1153 481 cum
1176 455 1336 496 corpore
1356 442 1453 495 quod
1476 442 1614 483 iustum

105 509 165 549 vel
191 509 327 549 malum
353 516 410 549 est
435 510 688 549 communiter
712 509 911 548 exercuit?
968 507 1086 549 Esset
1110 509 1245 563 quippe
1270 509 1437 550 iustitiae
1461 510 1614 550 minime

103 584 401 617 consentaneum
435 584 472 617 et
501 577 681 617 alienum.

212 643 314 685 Nam
342 645 482 699 triplex
505 645 592 685 illud
620 642 832 683 Marcionis
856 642 1087 698 Principium
1121 644 1327 684 cohaerere
1359 660 1431 699 quo
1464 645 1612 686 demum
1638 653 1715 697 Cap.
1737 654 1791 687 VI.

105 720 213 769 pacto
237 713 401 767 poterit?
461 711 535 765 Qui
560 719 683 752 autem
710 711 790 751 lieri
815 718 961 765 potest,
997 712 1118 765 utqui
1142 712 1262 752 bonus
1285 712 1357 762 sit,
1390 712 1428 752 in
1452 713 1616 753 deterio-

104 782 156 821 ris
183 781 350 836 partibus
373 794 466 835 opus
493 780 668 820 moliatur
692 779 828 829 ullum,
873 779 970 832 quod
1002 780 1047 818 ad
1071 779 1230 820 salutem
1264 787 1302 819 et
1331 779 1365 820 id
1397 794 1518 834 genus
1543 782 1615 822 alia

106 849 319 904 pertineat?
379 847 420 889 Si
447 848 544 888 enim
570 861 644 886 nou
669 846 788 900 ipsius
812 846 1014 900 peculiaris
1038 854 1097 887 est
1120 848 1302 897 mundus,
1338 848 1431 888 etin
1456 850 1617 890 eundem

106 917 307 971 unigenam
333 929 440 956 suum
465 915 707 955 nihilominus
731 914 908 964 immisit,
941 922 983 955 ut
1009 929 1059 955 ex
1083 915 1209 955 alieno
1231 916 1391 966 mundo,
1427 917 1524 970 quod
1549 931 1618 957 nec

106 990 259 1025 severat
283 997 352 1023 nec
379 984 544 1032 fecerat,
578 983 767 1032 auferret,
801 996 960 1023 necesse
987 990 1044 1023 est
1069 983 1171 1023 illum
1195 984 1256 1024 vel
1279 984 1491 1024 alienorum
1515 984 1619 1039 cupi-

107 1052 222 1092 ditate
245 1051 304 1092 vel
325 1051 481 1105 penuria
506 1050 705 1099 laborare,
739 1057 779 1090 ut
799 1065 881 1090 cum
907 1051 1069 1106 propriis
1092 1059 1245 1102 careat,
1279 1052 1316 1092 in
1341 1066 1385 1092 ea
1409 1065 1504 1106 quae
1527 1053 1620 1092 alle-

107 1120 186 1160 rius
209 1126 312 1170 sunt,
345 1132 478 1158 manus
502 1118 692 1168 immittat,
726 1133 798 1171 quo
822 1119 891 1159 sibi
916 1133 1011 1173 quae
1032 1126 1143 1159 antea
1168 1134 1241 1159 non
1266 1120 1426 1160 habebat
1448 1127 1617 1175 usurpet.

109 1185 296 1230 Conditor
315 1201 428 1241 porro
448 1187 636 1240 quomodo
655 1188 756 1226 inter
774 1193 956 1241 utrosque
978 1187 1170 1237 iudicabit,
1204 1194 1269 1228 aut
1287 1203 1445 1242 quorum
1467 1189 1621 1229 omnino

109 1269 281 1296 caussam
307 1254 558 1309 disceptabit?
617 1252 661 1295 Si
687 1254 786 1294 enim
812 1255 855 1295 dc
878 1255 945 1305 iis,
980 1269 1074 1309 quae
1097 1255 1133 1295 in
1156 1256 1322 1310 supremi
1345 1257 1446 1296 illius
1469 1270 1621 1312 posses-

107 1324 215 1364 sione
241 1330 354 1373 sunt,
395 1322 573 1362 iudicium
600 1329 806 1372 exerceat,
849 1323 922 1363 erit
944 1337 1121 1378 supremo
1146 1323 1210 1364 illo
1236 1324 1449 1378 potentior,
1493 1332 1620 1379 utpote

107 1392 168 1446 qui
200 1405 296 1446 quae
327 1391 409 1431 eius
440 1397 528 1431 sunt
558 1404 667 1430 suum
693 1390 737 1429 ad
766 1389 927 1430 tribunal
954 1391 1283 1446 cognitionemque
1310 1393 1539 1443 transferat,
1581 1399 1622 1433 ut

108 1459 257 1514 quidem
282 1457 473 1499 Marcioni
500 1457 665 1498 videtur.
728 1456 839 1510 Quod
862 1458 893 1498 si
920 1459 1035 1499 iudex
1059 1466 1138 1509 est,
1172 1459 1326 1500 omnino
1348 1461 1470 1500 iustus
1493 1460 1621 1500 itidem

107 1528 157 1567 sit
180 1533 344 1582 oportet.
407 1526 523 1581 Atqui
548 1540 597 1566 ex
622 1526 704 1580 ipso
729 1526 817 1566 iusti
841 1526 993 1566 nomine
1018 1527 1157 1567 bonum
1178 1542 1223 1568 ac
1248 1527 1386 1568 iustum
1409 1528 1508 1568 idem
1535 1542 1621 1568 esse

109 1595 470 1635 demonstrabimus.
533 1592 721 1647 Quicquid
756 1594 855 1633 enim
885 1594 1022 1634 iustum
1056 1601 1136 1645 est,
1181 1595 1215 1635 id
1241 1596 1353 1636 etiam
1382 1602 1442 1636 est
1463 1596 1619 1636 honum.

109 1661 174 1703 Ex
206 1676 252 1703 eo
283 1663 419 1717 quippe
450 1662 549 1716 quod
581 1661 720 1701 bonum
750 1661 820 1712 sit,
865 1662 935 1702 hoc
966 1661 1098 1712 habet,
1144 1669 1183 1703 ut
1209 1665 1244 1703 ei
1273 1664 1334 1718 qui
1361 1664 1457 1704 bona
1488 1664 1623 1704 fecerit

108 1730 207 1771 iuste
233 1744 278 1770 ac
303 1731 429 1785 reipsa
454 1729 593 1769 bonum
619 1729 816 1783 rependat.
878 1727 1009 1782 Quare
1036 1730 1134 1784 quod
1160 1731 1298 1771 bonum
1325 1739 1384 1772 est
1407 1731 1506 1772 bono
1530 1746 1621 1772 con-

110 1799 266 1839 trarium
294 1812 367 1838 non
394 1798 488 1848 erit,
522 1796 612 1837 illud
638 1796 806 1847 scilicet,
840 1799 937 1851 quod
962 1805 1000 1838 et
1025 1798 1123 1838 bono
1147 1799 1285 1839 bonum
1311 1813 1362 1840 ex
1386 1799 1531 1840 iustitia
1557 1801 1622 1840 tri-

110 1866 216 1917 buat,
251 1873 289 1907 et
309 1866 405 1906 malo
431 1865 577 1905 debitas
602 1878 744 1919 poenas
768 1879 812 1905 ae
835 1865 1016 1920 supplicia
1041 1867 1262 1907 constituat.
1324 1866 1505 1908 Vicissim
1528 1881 1622 1908 vero

111 1948 182 1975 nec
211 1934 275 1974 ille
309 1933 432 1973 bonus
463 1932 536 1973 erit
565 1933 625 1986 qui
658 1947 741 1973 eum
775 1933 836 1987 qui
867 1934 987 1974 malus
1018 1934 1068 1974 sit
1100 1935 1137 1974 in
1172 1935 1246 1975 fine
1280 1936 1459 1990 praemiis
1492 1935 1620 1985 afficit,

112 2002 185 2042 nisi
211 2002 307 2042 forte
332 2000 557 2054 resipuerit,
601 2001 772 2054 quamvis
795 2002 906 2042 modo
928 2017 1038 2055 super
1060 2004 1170 2042 bonos
1193 2018 1238 2042 ac
1260 2005 1374 2042 malos
1397 2007 1495 2044 orire·
1511 2006 1622 2043 solem
1636 2016 1821 2055 Matth‚5‚45.

112 2085 215 2110 suum
228 2072 374 2124 saciat,
409 2077 518 2121 atque
540 2069 687 2108 imbrem
709 2084 813 2108 suum
839 2072 1047 2121 largiatur,-
1083 2078 1236 2126 propter
1259 2085 1339 2111 cam
1364 2085 1460 2125 quae
1485 2071 1522 2111 in
1546 2085 1623 2111 ma-

112 2138 159 2179 lis
190 2137 346 2193 perinde
377 2152 420 2177 ac
450 2136 560 2176 bonis
587 2136 756 2177 cernitur
780 2137 926 2178 arbitrii
949 2138 1179 2179 libertatem.
1238 2137 1377 2193 Neque
1401 2139 1500 2179 enim
1523 2139 1623 2179 bona

116 2206 198 2247 eius
223 2219 310 2246 esse
337 2211 471 2245 natura
498 2212 646 2259 potest,
690 2205 751 2258 qui
773 2205 810 2245 iu
834 2206 957 2246 futuro
978 2207 1109 2248 seculo
1133 2207 1321 2247 scelerato
1343 2207 1501 2261 cuipiam
1525 2222 1623 2248 mer-

116 2274 245 2314 cedem
277 2273 410 2314 salutis
442 2273 635 2322 conferat,
682 2287 752 2313 nec
782 2273 955 2328 quicquid
987 2275 1122 2315 malum
1153 2282 1212 2315 est
1242 2275 1366 2328 potius
1399 2282 1620 2316 execretur.

115 2340 214 2382 Nam
239 2341 372 2382 tertius
397 2340 482 2391 ille,
515 2340 575 2394 qui
601 2354 621 2380 a
646 2338 845 2381 Marcione
867 2342 1018 2396 ponitur
1039 2341 1189 2392 Malus,
1223 2342 1254 2382 si
1277 2343 1373 2383 male
1398 2343 1533 2397 agendi
1558 2358 1624 2398 po-

116 2416 254 2450 testate
280 2409 474 2464 praeditus
498 2414 579 2457 est,
612 2414 724 2461 atque
749 2421 814 2449 eos
839 2409 899 2463 qui
920 2410 958 2450 in
985 2410 1122 2451 mundo
1148 2417 1257 2460 suut,
1297 2417 1361 2450 aut
1383 2424 1404 2450 e
1430 2410 1537 2451 coelo
1561 2411 1624 2450 de-

116 2477 211 2532 lapsi
233 2484 345 2527 sunt,
378 2477 521 2526 bonos,
555 2482 620 2516 aut
642 2476 868 2516 mediocrem
894 2475 1037 2518 Iustum
1058 2492 1279 2533 expugnare
1300 2485 1445 2533 potest,
1479 2478 1624 2519 duobus

118 2545 273 2598 reliquis
297 2545 367 2585 diis
390 2545 463 2585 erit
487 2543 699 2599 potentior,
743 2544 876 2600 quippe
901 2545 962 2599 qui
984 2546 1105 2586 aliena
1129 2560 1195 2601 per
1218 2545 1293 2586 vim
1314 2545 1434 2600 possit
1457 2546 1621 2600 eripere.

119 2611 189 2653 lsti
211 2627 318 2663 vero,
351 2612 382 2653 si
406 2627 489 2652 cum
508 2611 573 2651 illo
593 2619 872 2665 comparentur,
904 2613 1032 2667 ignavi
1055 2621 1092 2654 ει
1111 2613 1317 2654 imbecilles
1338 2613 1498 2653 habendi
1519 2620 1621 2665 sunt,

121 2680 182 2733 qui
207 2680 357 2734 quidem
383 2679 564 2720 resistcre
590 2686 800 2732 nequeant,
848 2694 990 2735 suaque
1018 2682 1063 2721 ab
1089 2681 1188 2722 illius
1213 2681 1274 2735 qui
1300 2695 1343 2722 ea
1364 2681 1487 2736 rapiat
1508 2688 1546 2722 et
1568 2681 1625 2722 in—

123 2748 196 2788 sita
226 2748 297 2788 sibi
328 2747 516 2803 pravitate
547 2753 786 2801 corrumpat,
817 2747 955 2789 iniuria
984 2749 1192 2790 vindicare.

232 2814 378 2856 Verum
405 2822 445 2856 ut
473 2813 632 2870 improbi
663 2814 863 2856 nebulonis
892 2815 1025 2858 inanes
1056 2831 1100 2858 ac
1127 2816 1308 2857 ridiculas
1330 2817 1475 2858 fabulas
1502 2816 1624 2872 magis
1650 2831 1805 2875 CapNH.

125 2913 282 2959 στάμενος
303 2919 350 2948 ed.
368 2919 465 2957 princ.
511 2919 557 2949 lta
577 2914 695 2960 χλεύην
714 2913 852 2959 ὁφίστα-
942 2917 972 2952 3.
995 2914 1018 2961 ἦ
1042 2918 1106 2952 τῶν
1132 2920 1195 2952 τῶν
1219 2914 1344 2953 {ai-amnem
1367 2920 1433 2952 cod.
1454 2920 1548 2952 Vatic.

126 2961 204 2994 σὶταν.
225 2963 415 3002 Epiphanius
438 2963 516 2993 dixit
538 2963 620 2994 haer.
636 2960 690 3001 65,
715 2962 766 2996 54.
940 2962 971 2997 4.
995 2960 1085 3008 αὗτῷ
1109 2966 1174 2997 cod.
1197 2965 1289 2997 Vatic.

193 3015 307 3051 Corpus
326 3015 501 3044 Haereseol.
520 3015 557 3043 11.
1310 3024 1361 3066 3ss
