2034 3267
224 1981 290 2007 pag.
310 1972 351 1998 353.

358 127 434 166 155
913 129 1072 160 SANCTI
1096 129 1315 160 EPJPHANH

355 212 522 262 μίζοντες
542 207 584 248 vd
609 205 731 257 ὄνομα
748 202 790 244 τὸ
805 201 987 255 Σαβαώθ
1010 201 1175 255 ἄρχοντά
1194 220 1279 243 τινα
1299 201 1409 254 εἶναι,
1430 202 1501 245 οὐκ
1524 203 1666 252 εἰδότες
1687 202 1746 244 ὅτι
1766 201 1867 244 ὅπου

355 278 474 329 λέγει,
511 274 609 314 Τάδε
629 272 726 324 λέγει
749 269 886 324 κύριος
906 268 1098 320 Σαβαώθ,
1130 267 1202 310 οὐκ
1226 268 1349 322 ὄνομά
1368 287 1474 324 τινοςμ
1489 270 1607 322 εἶπεν,
1638 268 1713 312 ἄλλ’
1742 268 1868 321 ὄνομα

356 344 574 394 δοξολογίας
595 343 662 390 τῆς
680 335 882 389 θεότητος.
941 335 1121 389 Σαβαώθ
1152 335 1223 390 γάρ
1252 334 1495 389 ἑρμηνεύεται
1524 337 1600 380 άπὸ
1625 342 1694 390 τῆς
1716 335 1867 390 Ἑβραϊ-

357 415 428 460 κῆς
455 407 655 448 διαλέκτου
678 403 828 457 Κύριος
858 408 935 445 τῶν
958 404 1173 455 δυνάμεων.
1220 401 1354 444 ι’Όπου
1374 400 1447 457 γάρ
1472 405 1514 444 ἐν
1537 409 1585 461 τῇ
1613 408 1755 460 παλαιᾷ
1786 406 1866 443 δια-

355 474 466 531 θήκῃ
490 472 532 514 τό
557 471 738 525 Σαβαώθ
759 470 884 524 ὄνομά
913 472 992 512 ε’στι
1015 471 1295 525 γεγραμμένον,
1327 468 1490 522 δύναμιν
1512 468 1742 523 ὑποφαίνει,
1772 469 1870 511 ὅθεν

356 541 378 584 ό
407 539 568 589 Ἀκύλας
600 543 798 592 πανταχοῦ
832 537 874 580 τό
904 536 1075 578 Ἀδωναῒ
1098 535 1279 590 Σαβαώθ
1310 535 1509 591 ἒρμηνεύει
1539 538 1679 591 λέγων,
1720 537 1869 589 Κύριος

355 613 552 663 στρατιῶν.
615 602 733 648 Οὗτοι
757 606 798 647 δὲ
818 604 916 647 κατά
937 604 1063 646 πάντα
1092 603 1236 659 τρόπον
1258 605 1488 657 ἔμμανέντες
1514 603 1611 645 κατὰ
1639 609 1709 645 τοῦ
1742 604 1871 645 αὐτῶν

357 674 547 718 δεσπότου
571 674 638 716 τόν
663 672 715 727 μή
739 672 832 715 ὅντα
851 678 1025 726 ζητοῦσι,
1055 673 1122 714 καὶ
1145 670 1212 713 τόν
1235 670 1328 714 ὄντα
1350 670 1631 722 ἀπολωλέκασι,
1662 676 1801 724 μᾶλλον
1831 670 1871 711 δὲ

356 742 519 792 ἑαυτούς
548 741 758 784 ἀπώλεσαν.

457 945 578 987 ’Ἁλλα
608 945 649 987 δὲ
673 943 745 986 ὅσα
773 947 1042 997 1φλυαροῦσιν
1065 943 1107 984 ἐν
1137 939 1198 990 οἷς
1218 946 1439 996 περικακεῖν
1471 942 1548 982 ἐστι
1575 938 1622 981 τά
1654 945 1722 993 τῆς
1747 937 1875 981 αὐτῶν

361 1017 498 1067 μανίας
522 1015 651 1068 λέγειν.
718 1011 824 1059 Τινὲς
849 1011 889 1052 δὲ
911 1012 949 1059 ἐξ
973 1008 1100 1051 αὐτῶν
1122 1010 1272 1064 γυναιξὶ
1294 1007 1346 1061 μή
1369 1007 1636 1060 πλησιάζοντες
1657 1013 1742 1056 ταῖς
1762 1009 1876 1055 ἰδίαις

360 1083 464 1136 χερσὶ
489 1079 617 1122 αὐτῶν
646 1079 809 1127 ἕαυτοῦς
833 1080 1064 1132 φθείρουσι,
1101 1075 1172 1130 τήν
1200 1076 1242 1117 δὲ
1270 1075 1397 1117 αὐτῶν
1424 1074 1583 1129 φθοράν
1611 1074 1876 1128 λαμβάνουσιν

361 1152 415 1199 εἰς
438 1148 507 1197 τάς
529 1154 675 1202 χεῖρας,
706 1148 770 1188 καὶ
798 1145 922 1194 οὕτως
945 1147 1142 1195 ἐσθίουσι,
1173 1142 1361 1197 χρώμενοι
1388 1144 1756 1199 σεσυκοφαντημένη
1781 1159 1873 1196 μαρ-

360 1219 494 1273 τυρίᾳ,
527 1220 547 1244 ²
561 1220 634 1272 τῷ,
664 1217 722 1255 Αἰ
737 1220 857 1268 χεῖρες
879 1208 993 1253 αὗται
1013 1211 1230 1264 ἐπήρκεσαν
1251 1208 1299 1252 ου’
1322 1208 1443 1262 μόνον
1463 1211 1562 1261 ἐμοὶ,
1593 1208 1685 1250 άλλά
1709 1211 1774 1251 καὶ
1793 1215 1877 1257 τοῖς

360 1284 431 1326 σύν
455 1284 554 1336 ἐμοὶ,
584 1284 652 1323 καὶ
678 1286 762 1337 3τῷ
784 1279 921 1329 πάλιν,
952 1283 973 1306 4
990 1276 1259 1331 Ἐργαζόμενοι
1279 1282 1364 1324 ταῖς
1387 1278 1502 1325 ἰδίαις
1520 1278 1659 1331 χερσὶν,
1689 1279 1754 1318 ἵνα
1778 1282 1795 1304 5
1810 1276 1876 1318 δύ-

361 1358 484 1404 νησθε
513 1351 579 1390 καὶ
604 1355 685 1397 τοῖς
717 1346 770 1400 μὴ
795 1349 923 1399 ἔχουσι
952 1347 1194 1398 μεταδοῦναι.
1249 1341 1319 1392 Ὡς
1342 1345 1408 1384 καὶ
1440 1345 1528 1398 περὶ
1556 1343 1724 1395 τούτων,
1755 1342 1875 1397 οἶμαι,

362 1418 528 1471 ἐκινήθη
550 1415 592 1458 τὸ
617 1416 729 1470 ἅγιον
754 1419 905 1466 πνεῦμα
934 1415 975 1455 ἐν
998 1416 1050 1469 τῷ
1073 1409 1274 1467 οἷποστόλῳ
1292 1409 1443 1467 Ἰούδᾳ,
1484 1412 1579 1465 λέγω
1603 1410 1651 1464 δὴ
1674 1413 1714 1453 ἐν
1735 1416 1781 1469 τῇ
1811 1409 1876 1451 ’ὑπ’

363 1485 483 1527 αὐτοῦ
504 1487 692 1540 γραφείσῃ
712 1486 905 1538 καθολικῇ
929 1483 1118 1536 ἐπιστολῇ.
1174 1477 1325 1527 Ἰούδας
1343 1479 1386 1519 δέ
1404 1480 1505 1520 ἐστιν
1530 1473 1646 1526 οὗτος
1666 1477 1688 1520 ὁ
1713 1477 1878 1530 άδελφὸς

360 1551 547 1605 Ἰακώβου
566 1553 633 1592 καὶ
654 1554 792 1605 κυρίου
816 1548 1030 1603 λεγόμενος.
1079 1545 1276 1596 ρΤπέδειξε
1298 1545 1369 1601 γάρ
1396 1544 1538 1595 αὐτούς
1560 1544 1602 1587 τὸ
1629 1545 1742 1601 ἅγιον
1765 1551 1878 1587 πνεῦ-

364 1640 416 1675 μα
439 1620 504 1662 διὰ
524 1624 594 1672 τῆς
616 1623 752 1671 φωνῆς
777 1623 847 1659 τοῦ
866 1615 996 1658 Ἰούδα
1024 1613 1121 1656 κατά
1151 1613 1198 1655 τά
1222 1613 1340 1667 κτήνη
1364 1614 1653 1667 φθειρομένους
1673 1614 1739 1655 καὶ
1766 1616 1880 1665 φθεί-

365 1705 522 1743 ροντας,
563 1685 615 1734 ὥς
634 1687 730 1741 λέγει
755 1684 835 1735 ὅτι,
866 1683 969 1725 ’Ὀσα
995 1683 1063 1736 μὲν
1095 1680 1166 1723 οὐκ
1190 1684 1360 1732 οἴδασιν,
1392 1679 1622 1735 άγνοοῦντες
1645 1679 1879 1729 άλίσκονται,

364 1757 437 1799 ὅσα
462 1756 502 1796 δὲ
523 1757 694 1804 οἷ’δασιν,
726 1751 779 1801 ὥς
803 1750 849 1793 τά
874 1750 992 1806 ἄλογα
1022 1755 1098 1800 ζῶα
1124 1752 1366 1803 φθείρονται.
1425 1752 1568 1789 Κυνῶν
1588 1746 1660 1803 γάρ
1684 1750 1795 1801 δίκην
1814 1749 1878 1789 καὶ

365 1827 504 1878 χοίρων
528 1821 597 1874 τήν
621 1819 684 1862 ἄπ’
709 1819 837 1862 αὐτῶν
858 1816 1020 1873 φθοράν
1041 1819 1287 1859 ἐπιτελοῦσιν.
1351 1817 1402 1857 Οἱ
1422 1815 1534 1864 κύνες
1558 1814 1629 1870 γάρ
1653 1817 1717 1856 καὶ
1738 1818 1779 1856 οἱ
1801 1821 1879 1868 χοῖ-

368 1909 450 1946 ροι,
481 1888 528 1932 οὕ
550 1889 625 1942 μὴν
648 1887 740 1930 άλλοὶ
767 1889 833 1929 καὶ
859 1886 951 1927 ἄλλα
974 1890 1071 1936 ζῶα,
1100 1884 1226 1933 οὕτως
1248 1887 1496 1936 φθείρονται,
1525 1884 1591 1924 καὶ
1613 1881 1682 1935 τὴν
1709 1881 1879 1937 άπόρρυ-

371 1974 433 2001 σιν
453 1958 522 2011 τήν
545 1955 622 1998 άπὸ
643 1961 719 1997 τῶν
741 1953 929 2008 σωμάτων
950 1951 1078 1994 αὐτῶν
1101 1954 1287 1994 ἐσθίουσι.
1329 1952 1408 1992 Καὶ
1430 1949 1500 2006 γάρ
1522 1949 1679 2002 άληθῶς
1702 1951 1881 1991 ἐνυπνια-

369 2026 520 2079 ζόμενοι
546 2023 669 2078 σάρκα
701 2026 917 2076 μιαίνουσι,
953 2020 1160 2075 κυριότητα
1192 2020 1233 2061 δὲ
1256 2018 1459 2069 άθετοῦσι,
1499 2017 1613 2067 δόξας
1645 2018 1685 2059 δὲ
1709 2020 1882 2070 βλασφη-

371 2099 503 2147 μοῦσι·
546 2090 706 2145 Μιχαὴλ
738 2091 780 2132 δὲ
809 2088 831 2132 ὁ
859 2087 1085 2143 ἀρχάγγελος
1118 2086 1384 2142 διαλεγόμενος
1414 2090 1466 2143 τῷ
1497 2084 1664 2141 διαβόλῳ
1696 2086 1783 2139 περὶ
1811 2089 1881 2126 τοῦ

372 2162 577 2209 Μωϋσέως
605 2159 780 2212 σώματος
804 2155 876 2198 οὐκ
897 2155 1030 2210 ἤνεγκε
1049 2154 1162 2210 λόγον
1184 2156 1449 2208 βλασφημίας,
1480 2151 1570 2194 ἄλλα
1595 2150 1714 2204 εἶπεν,
1742 2151 1882 2194 Ἐπιτι-

372 2229 489 2282 μήσαι
511 2243 571 2270 σοι
592 2225 614 2269 ὁ
633 2225 787 2280 κύριος·
820 2219 927 2266 οὗτοι
947 2224 988 2265 δὲ
1008 2222 1081 2265 ὅσα
1103 2221 1176 2264 οὐκ
1198 2225 1345 2273 οἴδασι,
1377 2225 1553 2273 φυσικῶς
1571 2223 1880 2273 βλασφημοῦσιν,

372 2296 431 2338 ὅτι
456 2295 501 2337 τά
529 2295 618 2350 ἅγια
641 2299 718 2335 τῶν
744 2291 864 2347 ἁγίων
888 2290 934 2332 τά
964 2289 1055 2343 μετά
1084 2288 1274 2344 άγιασμοῦ
1298 2287 1390 2342 ἡμῖν
1413 2288 1687 2342 παραδοθέντα
1710 2289 1882 2339 βλασφη-

374 2369 530 2417 μοῦσιν,
561 2365 614 2411 εἰς
635 2360 864 2415 αἰσχρότητα
887 2357 997 2400 αὐτοὶ
1020 2357 1347 2411 μεταβαλλόμενοι.
1408 2357 1486 2397 Καὶ
1507 2353 1628 2396 ταῦτά
1650 2356 1750 2396 ἐστιν
1772 2353 1882 2396 ἅτινα

374 2429 471 2472 κατά
497 2435 572 2472 τῶν
608 2428 834 2471 ἀποστόλων
866 2425 1076 2479 ἐτόλμησαν
1105 2426 1245 2480 λέγειν,
1287 2422 1340 2473 ὥς
1363 2425 1429 2465 καὶ
1460 2421 1482 2465 ὁ
1505 2421 1692 2476 μακάριος
1725 2422 1882 2471 Παῦλός

376 2513 515 2551 φησιν,
544 2496 622 2546 Γ’.Ως
648 2498 688 2538 τέ
721 2513 828 2544 τινας
849 2498 994 2547 τολμᾶν
1018 2491 1120 2545 ἡμᾶς
1147 2494 1285 2547 λέγειν,
1331 2490 1564 2544 Ποιήσωμεν
1584 2488 1631 2531 τά
1655 2487 1777 2539 κακοὶ,
1818 2492 1882 2530 ἵνα

376 2568 471 2623 ἔλθῃ
493 2563 553 2618 ἐφ’
574 2564 676 2618 ἡμᾶς
696 2563 743 2605 τοὶ
765 2561 917 2619 άγαθά,
950 2556 1006 2602 ὧν
1026 2559 1067 2601 τό
1090 2563 1207 2614 κρίμα
1229 2558 1380 2601 ἔνδικόν
1404 2561 1492 2600 ἐστι.
1552 2556 1688 2605 Πόσας
1708 2556 1748 2597 δὲ
1771 2554 1884 2605 ἄλλας

377 2632 558 2688 ἀγάγοιμι
580 2635 790 2688 μαρτυρίας
808 2629 906 2673 κατα
929 2633 1006 2671 τῶν
1031 2626 1293 2681 βλασφήμωνς
1338 2621 1457 2668 Οὗτοι
1487 2624 1559 2681 γάρ
1588 2626 1628 2667 οἱ
1654 2629 1738 2672 ταῖς
1768 2626 1884 2672 ἰδίαις

424 2759 498 2790 CAP.
519 2760 578 2791 XI.
604 2778 643 2782 -
671 2758 697 2791 1.
722 2756 919 2800 φλυαροῦσιν
941 2765 1001 2787 non
1023 2755 1110 2786 habet
1196 2755 1228 2788 3.
1252 2755 1335 2784 Libri
1358 2755 1448 2792 vulgo
1470 2749 1518 2784 τὸ.

379 2805 444 2835 cod.
469 2805 562 2835 Yatic.
1197 2797 1227 2831 4.
1254 2795 1470 2840 ἐργαζόμενος
1492 2797 1579 2828 codd.
1604 2797 1696 2827 ratic.
1720 2796 1845 2835 Rhediy.

423 2850 454 2880 2.
481 2849 563 2880 Libri
585 2851 675 2889 vulgo
697 2846 745 2882 τὸ.
1198 2845 1228 2876 5.
1254 2841 1391 2885 δύνηται
1413 2843 1479 2874 cod.
1504 2842 1597 2872 Vatic.
