2034 3267
195 915 282 959 Κεφ.
305 915 346 959 γ’.

215 1753 278 1780 pag.
299 1745 355 1772 393.

376 214 454 253 712
934 217 1095 250 SANCTI
1117 217 1340 250 EP1PHAN11

1502 293 1512 309 3
1549 294 1568 310 5!

375 302 453 338 σῶν
486 294 785 351 εὑρεθήσονται,
829 296 895 337 καὶ
933 293 1061 336 οὐκέτι
1093 296 1228 337 πολλαὶ
1258 293 1394 350 ἁρχαὶ,
1437 293 1502 336 ἄλλ
1541 313 1568 348 η
1600 298 1667 350 μία
1695 295 1722 350 ἦ
1751 295 1899 339 τούτων

376 367 478 406 αἰτία
504 370 705 419 γεγονυῖα,
747 364 814 405 καὶ
840 361 1099 416 ἀναχθήσεται
1124 362 1250 405 πάντα
1282 364 1334 412 εἷς
1358 362 1428 416 τὴν
1451 365 1540 416 μίαν
1565 367 1794 418 μοναρχίαν,
1832 366 1899 406 καὶ

375 433 545 474 διέπεσεν
570 430 596 485 ἦ
619 437 689 474 τοῦ
711 430 892 473 τοιούτου
914 434 1197 486 πιθανολογία,
1228 432 1295 472 καὶ
1322 429 1394 472 οὐκ
1420 429 1605 484 ἄλήθεια,
1634 430 1721 473 οὔτε
1742 431 1812 486 τὴν
1837 450 1897 474 πι-

374 503 609 555 θανολογίαν
633 500 829 553 δυναμένη
852 500 959 552 ἔχειν.
1019 498 1174 554 Μωρὸν
1197 497 1268 554 γάρ
1292 497 1334 540 τό
1357 498 1448 540 ὅλον
1472 498 1663 553 κήρυγμα.
1724 502 1802 541 Καὶ
1824 503 1858 541 εἰ
1878 498 1899 542 ὁ

373 567 493 621 Ἀδάμ
519 566 566 610 οὐ
587 567 762 618 σώζεται,
797 566 871 609 2τὸ
897 566 1081 622 φύραμα,
1113 564 1205 608 οὐδέ
1228 585 1263 608 τι
1281 571 1351 608 τοῦ
1373 565 1603 622 φυράματος
1623 565 1788 616 σώζεται.
1848 570 1902 609 Εἰ

374 636 447 692 γάρ
472 634 495 678 ό
516 635 815 691 πρωτόπλαστος
837 636 902 677 καὶ
929 636 967 684 ἐξ
991 633 1158 676 οἷθίκτου
1182 640 1253 690 γῆς
1273 633 1476 690 γενόμενος
1498 637 1689 690 σωτηρίας
1715 633 1762 676 οὗ
1788 637 1899 688 μεθέ-

376 708 448 757 ξει,
478 708 563 752 πῶς
592 702 638 745 τά
669 705 708 753 ἐξ
738 702 858 745 αὐτοῦ
888 704 1121 759 γεγενημένα
1151 704 1303 756 μεθέξει
1333 705 1540 758 σωτηρίας,

487 907 599 949 Κατά
622 907 693 963 γάρ
718 907 789 949 δύο
814 906 986 963 τρόπους
1013 905 1264 962 εὑρεθήσεται
1283 905 1375 948 καθ’
1401 908 1540 949 ἑαυτοῦ
1562 908 1691 963 λέγων.
1756 905 1905 949 Φάσκει

375 976 445 1031 γάρ
469 974 536 1018 τόν
560 976 685 1032 γάμον
711 974 808 1017 εἶναι
832 974 905 1017 οὐκ
931 977 973 1017 ἐν,
996 979 1066 1017 τοῦ
1093 978 1213 1026 θεοῦ,
1256 973 1348 1016 ἄλλα
1370 978 1554 1031 πορνείας
1578 973 1674 1017 εἶναι
1698 973 1817 1017 αὐτόν
1839 976 1905 1017 καὶ

376 1049 518 1097 μῦσος,
560 1046 626 1085 καὶ
652 1043 790 1086 ἑαυτὸν
811 1043 940 1099 γάμου
965 1042 1211 1099 ὑπάρχοντα,
1255 1045 1321 1085 καὶ
1345 1045 1386 1085 ἐκ
1409 1042 1594 1098 γυναικός
1614 1044 1904 1099 γεγεννημένον,

374 1114 442 1153 καὶ
465 1114 506 1154 ἐκ
531 1117 683 1167 σπορᾶς
707 1111 858 1167 ἀνδρῶν
879 1111 1024 1167 ἡγεῖται
1050 1111 1250 1162 σώζεσθαι.
1297 1110 1401 1167 ’Ἆρα
1425 1106 1497 1153 οὖν
1520 1110 1635 1153 πάλιν
1660 1109 1815 1153 άνέλυσε
1837 1110 1906 1165 τήν

375 1179 497 1222 αὐτοῦ
519 1180 618 1221 κατά
638 1185 708 1222 τοῦ
730 1180 858 1235 γάμου
881 1183 1142 1233 βλασφημίαν.
1203 1181 1257 1220 Εἰ
1275 1179 1346 1234 γάρ
1368 1174 1483 1228 οὗτος
1504 1181 1546 1222 ἐκ
1563 1178 1697 1234 γάμων
1720 1178 1906 1235 ὑπάρχων

376 1252 569 1303 σωτηρίαν
594 1250 686 1299 ἕξει,
719 1247 794 1301 ἄρα
814 1247 860 1289 οὐ
884 1249 1077 1303 βδέλυγμα
1100 1246 1122 1289 ὁ
1146 1247 1284 1302 γάμος,
1315 1244 1337 1289 ὅ
1358 1252 1501 1302 γεννῶν
1522 1246 1613 1297 τους
1632 1253 1700 1301 τῆς
1718 1251 1906 1303 σωτηρίας

376 1318 610 1370 μετέχοντας,
643 1319 714 1373 οἵῳ
736 1315 768 1357 δ’
789 1315 836 1357 ἂν
857 1317 963 1357 θέλοι
985 1315 1116 1373 τρόπῳ
1139 1316 1272 1371 λέγειν.
1334 1317 1389 1356 Εἰ
1407 1315 1447 1357 δὲ
1466 1319 1623 1369 συσταίη
1646 1315 1728 1357 κατ’
1758 1321 1770 1344 ¹
1788 1314 1906 1358 αὐτόν

374 1385 506 1440 λόγος,
549 1384 607 1426 ὅτι
638 1383 825 1437 ἄθέμιτός
857 1384 958 1425 ἐστιν
981 1381 1002 1425 ὁ
1027 1383 1171 1438 γάμος,
1214 1382 1290 1438 ἄρα
1314 1388 1456 1436 μᾶλλον
1482 1381 1504 1425 ό
1526 1382 1648 1437 Ἀδάμ
1670 1384 1904 1438 σωθήσεται,

374 1452 426 1506 μή
456 1451 532 1494 ἀπὸ
561 1454 688 1508 γάμου
716 1450 960 1506 ὁρμώμενος,
1005 1450 1080 1493 ἄλλ’
1114 1454 1155 1493 ἐν
1182 1453 1274 1506 χειρὶ
1307 1450 1454 1506 πατρός
1483 1453 1549 1493 καὶ
1579 1454 1668 1495 υῖοῦ
1698 1454 1764 1494 καὶ
1793 1451 1905 1508 άγίου

374 1520 594 1574 πνεύματος
616 1522 900 1573 πεπλασμένος,
931 1519 1029 1561 κατά
1050 1520 1092 1561 τό
1120 1525 1139 1549 ‘2
1153 1522 1354 1575 εἰρημένον
1377 1517 1442 1561 ὑπ’
1464 1518 1586 1562 αὐτοῦ
1609 1525 1677 1563 τοῦ
1700 1519 1812 1576 άγίου
1833 1538 1904 1562 πα·

374 1589 464 1644 τρὸς
492 1588 592 1643 πρός
617 1587 684 1630 τόν
716 1587 802 1630 υἱόν
828 1587 907 1638 ὅτι,
954 1587 1191 1641 Ποιήσωμεν
1216 1587 1434 1642 ἄνθρωπον
1463 1586 1544 1629 κατ’
1569 1588 1698 1630 εἰκόνα
1719 1586 1906 1645 ἡμετέραν

376 1659 440 1700 καὶ
460 1656 552 1700 καθ’
576 1655 773 1710 ὁμοίωσιν.
837 1661 932 1705 Πῶς
955 1657 995 1697 δὲ
1018 1654 1066 1698 οὕ
1085 1655 1239 1707 σώζεται
1266 1655 1288 1697 ό
1308 1654 1428 1710 Ἀδοὶμ
1451 1654 1473 1698 ὁ
1494 1655 1601 1712 παρα
1626 1659 1686 1699 σοὶ
1707 1655 1908 1708 άπελπιζό-

378 1744 511 1781 μενος,
545 1723 661 1767 ὁπότε
683 1723 801 1774 αὐτὸς
823 1723 845 1766 ό
869 1724 1005 1780 κύριος
1027 1723 1140 1778 ήμῶν
1164 1723 1312 1778 Ἰησοῦς
1338 1723 1505 1780 Χριστός
1527 1723 1654 1767 ἐλθών
1676 1727 1729 1774 εἰς
1754 1724 1820 1766 τόν
1843 1724 1908 1767 κό-

375 1810 472 1848 σμον
498 1792 660 1849 νεκροὺς
686 1792 779 1846 μετά
809 1792 878 1846 τήν
903 1791 1079 1846 τελευτὴν
1109 1795 1240 1848 ἐγείρει
1271 1795 1310 1835 ἐν
1337 1791 1442 1850 αὐτῷ
1472 1798 1525 1851 τῷ
1551 1793 1720 1847 σώματι,
1764 1792 1817 1842 ὦς
1840 1793 1907 1836 τόν

374 1863 579 1917 Λάζαρον,
610 1863 677 1903 καὶ
696 1860 785 1903 υἷὸν
805 1865 872 1914 τῆς
896 1860 1053 1915 Χήρας,
1085 1863 1149 1903 καὶ
1173 1860 1242 1915 τήν
1263 1863 1462 1917 θυγατέρα
1485 1867 1556 1903 τοῦ
1575 1860 1905 1917 ἀρχισυναγώγου.

380 1933 457 1973 Καὶ
476 1932 510 1972 εἰ
530 1928 646 1978 αὐτὸς
666 1927 737 1971 οὐκ
760 1923 810 1982 ἦν
832 1927 854 1970 ό
875 1928 942 1971 τόν
960 1927 1083 1982 Ἀδάμ
1109 1928 1258 1978 πλάσας
1279 1932 1321 1972 ἐκ
1340 1929 1430 1983 χοός
1451 1928 1515 1971 ἄπ’
1538 1928 1676 1985 ἀρχῆς,
1707 1935 1793 1979 πῶς
1813 1929 1906 1971 πτύ-

376 2015 444 2049 σας
465 2000 583 2054 χαμαὶ
609 2000 766 2051 ἐποίησε
788 1996 912 2050 πηλόν
933 1998 999 2038 καὶ
1023 1999 1184 2039 ἐπέθετο
1207 2000 1271 2039 ἐπὶ
1292 1997 1384 2047 τούς
1409 1996 1643 2051 ὀφθαλμούς
1665 2003 1735 2040 τοῦ
1757 2003 1907 2050 τυφλοῦ

375 2073 445 2110 τοῦ
469 2070 510 2110 ἐκ
532 2071 705 2122 γενετῆς,
745 2067 810 2107 καὶ
837 2066 1017 2118 ἐποίησεν
1042 2064 1161 2107 αὐτόν
1181 2067 1353 2118 βλέπειν,
1401 2072 1416 2095 3
1432 2068 1466 2107 εἰ
1485 2065 1537 2119 μή
1557 2068 1622 2107 ἵνα
1643 2068 1748 2124 δείξῃ
1769 2065 1908 2108 ἑαυτὸν

376 2137 444 2190 μὲν
475 2133 571 2177 εἶναι
601 2133 669 2176 τόν
699 2133 870 2187 πλάστην
900 2132 971 2174 σύν
1000 2138 1053 2191 τῷ
1084 2135 1199 2189 πατρὶ
1232 2136 1294 2176 καὶ
1327 2139 1379 2192 τῷ
1406 2132 1501 2192 ἁγίῳ
1525 2135 1733 2187 πνεύματι,
1774 2132 1906 2176 καὶτὸ

377 2205 525 2253 ἐλλιπὲς
551 2205 667 2259 μέρος
698 2205 738 2245 ἐν
768 2206 820 2260 τῷ
851 2200 927 2243 οΞπὸ
959 2206 1111 2256 γενετῆς
1134 2203 1394 2260 γεγεννημένῳ
1426 2207 1558 2259 τυφλῷ
1589 2201 1654 2244 διὰ
1684 2206 1753 2244 τοῦ
1779 2207 1906 2255 πηλοῦ

377 2273 602 2329 προςτιθεὶς
631 2275 683 2328 τῷ
715 2273 881 2312 λείποντι
910 2268 1039 2327 τόπῳ,-
1083 2270 1349 2326 Διορθώσεως
1372 2269 1446 2325 γάρ
1469 2271 1596 2312 ἕνεκεν
1615 2275 1685 2312 τοῦ
1707 2273 1907 2319 λείποντος

378 2343 519 2396 μέρους
541 2343 719 2394 φαίνεται
741 2343 854 2381 τοῦτο
876 2339 1139 2391 πεποιηκέναι.
1201 2341 1256 2379 Εἰ
1274 2339 1315 2380 δὲ
1334 2337 1449 2380 πάλιν
1472 2336 1590 2388 αὐτός
1610 2340 1711 2380 ἐστιν
1731 2338 1752 2381 ὁ
1772 2338 1907 2394 κύριος

376 2409 497 2463 Ἀδάμ
519 2408 689 2459 πλάσας,
719 2408 786 2449 καὶ
808 2404 928 2448 αὐτόν
949 2405 1016 2447 τόν
1038 2406 1340 2462 πρωτόπλαστον
1363 2406 1563 2457 ἀπολλύει,
1594 2405 1685 2455 τούς
1707 2407 1748 2448 δὲ
1768 2405 1907 2456 ἅλλους

377 2477 505 2528 σώζει,
538 2472 569 2518 ὦ
591 2475 710 2529 πολλή
733 2490 805 2518 σου
827 2474 1145 2530 ματαιοφροσύνη
1177 2476 1349 2517 Τατιανέ.
1406 2474 1644 2527 Ἀδυναμίαν
1664 2473 1737 2530 γάρ
1761 2479 1814 2532 τῷ
1838 2493 1904 2517 κυ-

378 2549 446 2603 ρίῳ
471 2544 568 2586 κατὰ
592 2543 758 2597 δύναμιν
779 2544 1035 2598 προςάπτεις,
1066 2548 1118 2600 τῷ
1143 2545 1344 2601 δυναμένῳ
1370 2542 1437 2586 τόν
1460 2542 1763 2598 πρωτόπλαστον
1785 2541 1906 2585 αὐτοῦ

378 2613 441 2655 διά
464 2617 554 2667 μίαν
576 2611 782 2667 παρακοήν
805 2612 1083 2665 ἐκβεβλημένον
1105 2617 1173 2653 τοῦ
1204 2615 1454 2666 Παραδείσου
1478 2613 1545 2653 καὶ
1568 2613 1746 2660 παιδείας
1767 2609 1815 2653 οὗ
1837 2616 1906 2664 τῆς

378 2680 568 2734 τυχούσης
591 2679 843 2734 μετασχόντα,
885 2681 924 2721 ἐν
949 2682 1083 2734 ἱδρῶτι
1103 2681 1168 2721 καὶ
1189 2679 1349 2738 καμάτῳ
1370 2678 1672 2730 διατετελεκότα,
1711 2680 1777 2721 καὶ
1798 2680 1903 2721 κατέ-

422 2808 452 2840 2.
479 2808 606 2845 „Deest
628 2807 803 2850 repetitum
826 2804 863 2841 οὐ
888 2803 1042 2846 σώζεται,
1067 2806 1117 2838 vel
1211 2807 1286 2839 CAP.
1311 2808 1367 2838 ΠΙ.
1393 2825 1434 2831 -
1472 2807 1499 2839 1.
1536 2807 1661 2839 correxi
1692 2800 1814 2846 αὐτὸν,
1847 2816 1904 2846 pro

377 2853 439 2895 leg.
461 2850 537 2887 056}
560 2851 596 2886 τὸ
618 2851 812 2896 φυράματος
835 2851 999 2892 σώζεταϋ*
1020 2862 1117 2883 anno·
1162 2863 1220 2892 qno
1240 2854 1331 2893 vulgo
1355 2849 1483 2891 αὐτῶν,
1506 2855 1628 2892 praeter
1645 2852 1833 2882 sententiam.
1869 2853 1905 2882 Et

377 2901 454 2929 tavit
470 2900 615 2930 Petam-ius
635 2901 667 2930 in
688 2909 787 2938 mary.
806 2908 879 2930 suae
900 2899 970 2929 edit.
1004 2899 1036 2928 T.
1054 2900 1116 2928 Ga·
1164 2899 1332 2930 Carnarius
1351 2900 1414 2929 iam
1433 2900 1542 2929 vertit.-
1566 2896 1599 2927 si
1620 2907 1697 2927 vero
1719 2895 1906 2927 constiterit

375 2945 752 2987 taheroAdversAEIisce-ll.
767 2941 1022 2983 cap.36.p.t509.
1037 2944 1116 2982 Opp.
1161 2941 1261 2983 ipsius
1285 2954 1402 2974 sermo.
1453 2944 1590 2974 Ceterum
1614 2943 1736 2973 mallem
1762 2940 1902 2983 συσταίη

381 2991 453 3020 Crit.
476 2990 593 3027 placuit
615 2984 672 3030 ἀφ’
693 2988 729 3021 0=5
750 2986 786 3022 τὸ
808 2986 946 3031 φύραμα
966 2991 1030 3019 cett.
1063 2989 1116 3019 Ni—
1163 2984 1180 3019 ὁ
1205 2984 1277 3020 κατ’
1302 2983 1401 3021 αὐτὸν
1426 2985 1532 3029 λόγος.

378 3035 421 3065 hil
442 3037 535 3064 muto.
1206 3032 1235 3064 ἱ).
1266 3034 1351 3064 Libri
1373 3031 1618 3075 γεγραμμένον,
1654 3032 1735 3072 quod
1761 3033 1902 3064 (lornarii
