2034 3267
506 189 682 222 PANARII
706 190 788 221 Lm.
804 190 829 221 1.
855 190 961 221 ΤοΜ.
982 191 1020 222 u.
1044 190 1173 222 HAER.
1190 190 1306 222 xxx.
1582 185 1662 224 255

150 282 194 309 re
212 266 365 321 cognita
385 266 513 308 omnia
533 282 616 308 cum
639 266 802 323 Iosepho
823 269 1092 309 communicat.
1146 270 1206 310 Ac
1227 269 1386 323 primum
1407 268 1662 311 calamitatem

150 349 257 375 suam
283 335 509 389 deplorans,
553 339 582 374 0
601 351 687 383 nos,
720 338 872 389 frater,
915 340 1087 383 miseros,
1132 336 1275 390 iuquit,
1317 351 1362 375 ac
1384 351 1470 376 vasa
1488 341 1664 389 perdita!

148 406 295 441 cm‘nam
316 406 478 454 appositi
495 406 663 442 custodes
683 418 808 442 sumus
821 407 839 441 ?
897 400 997 454 Quid
1018 403 1072 442 rei
1099 411 1203 443 esset
1223 404 1438 444 sciscitatus
1462 402 1662 460 Iosephus,

150 469 242 509 nihil
269 476 358 509 ante
386 470 516 510 verbis
546 470 592 510 ab
624 484 669 510 eo
695 469 825 509 didicit
845 483 954 522 quam
979 483 1093 509 manu
1116 470 1344 523 prehensum
1367 485 1489 512 senex
1515 473 1553 512 in
1578 486 1663 513 eum

149 537 273 576 locum
300 537 454 586 eduxit,
498 537 560 576 ubi
584 551 667 576 cum
690 536 935 576 adolescente
960 536 1106 575 nefaria
1130 537 1192 576 illa
1216 552 1349 577 manus
1372 539 1473 579 iuter
1497 547 1665 579 mortuo·

148 617 231 643 rum
255 604 363 643 busta
387 604 560 644 maleficii
583 617 719 643 caussa
742 609 993 642 convenerat.
1054 601 1161 655 Ergo
1186 603 1237 643 illi
1262 605 1354 644 l'oris
1380 607 1424 644 ad
1451 606 1664 659 ingressum

147 678 295 711 stantes
318 672 445 711 omnia
466 685 562 725 quae
586 670 630 710 ab
652 670 699 708 iis
726 670 860 708 liereut
880 669 1106 719 exaudiunt,
1139 669 1349 724 iisdemque
1373 672 1600 714 abeuntibus
1622 688 1664 714 se

147 738 376 779 subducunt.
429 737 568 791 Neque
588 736 687 777 enim
713 737 914 775 admodum
936 737 1296 789 advesperascebat,
1325 738 1407 787 sed,
1441 747 1570 793 utpote
1595 742 1664 781 sub

147 819 324 845 occasum
345 805 453 854 solis,
479 804 590 844 dubia
610 803 694 843 luce
716 802 884 842 discerni
906 803 1027 842 adhuc
1049 803 1169 843 oculis
1193 804 1331 857 aliquid
1355 812 1519 858 poterat.
1564 806 1663 847 Mox

147 873 346 912 sceleratis
371 872 444 911 illis
471 885 492 910 a
519 870 695 924 sepulcro
724 870 909 923 digressis
938 885 1021 909 cum
1048 871 1194 924 collega
1221 869 1408 925 Iosephus
1433 872 1661 926 ingreditur.

146 938 204 979 lbi
232 939 498 979 maleficiorum
525 937 776 977 iustrumenta
801 937 998 990 reperiunt
1021 937 1060 977 in
1085 937 1237 978 humum
1265 938 1436 989 abiecta,
1470 954 1589 993 quae,
1624 948 1665 980 ut

145 1007 288 1058 aiebat,
321 1007 482 1045 humano
506 1010 595 1058 potu
616 1018 660 1043 ac
680 1003 868 1057 sanguine
891 1018 1062 1058 aspersa,
1095 1005 1262 1046 immisto
1286 1007 1443 1059 pulvere
1465 1007 1664 1046 disceden-

145 1081 204 1114 tes
230 1073 476 1126 reliquerant.
537 1069 635 1110 Tum
669 1085 763 1111 vero
793 1079 1015 1126 compertae
1043 1072 1192 1112 illorum
1221 1073 1406 1124 insidiae,
1451 1075 1663 1127 cognitum-

144 1155 218 1195 que
239 1140 345 1180 cuius
366 1139 459 1178 haec
479 1137 649 1178 mulieris
672 1152 808 1178 caussa
830 1139 1072 1189 molirentur,
1099 1140 1227 1193 itaque
1249 1149 1428 1194 quantum
1453 1149 1556 1181 artes
1577 1141 1663 1181 illae

143 1213 299 1262 possent
323 1205 594 1259 expectabant.
656 1203 752 1246 Cum
783 1206 875 1246 nihil
900 1207 1062 1247 venefici
1096 1207 1159 1247 isti
1191 1209 1497 1261 promovissent,
1541 1223 1584 1249 ac
1619 1223 1661 1249 se

144 1274 278 1315 mulier
307 1280 345 1312 et
370 1270 516 1313 Christi
539 1272 650 1326 signo
681 1281 719 1313 et
747 1274 833 1314 fidei
865 1275 1056 1328 praesidio
1078 1275 1322 1325 defenderet,
1367 1276 1558 1329 cognitum
1586 1283 1661 1326 est,

141 1341 425 1382 adolescentem
448 1347 527 1381 tres
550 1341 721 1394 integras
748 1347 881 1381 noctes
904 1342 1004 1381 illius
1027 1342 1253 1382 alliciendae
1275 1343 1398 1396 gratia
1424 1343 1659 1393 substitisse,

139 1423 186 1450 ac
210 1409 359 1449 demum
392 1422 459 1462 spe
489 1422 559 1448 sua
589 1409 809 1448 frustratum
835 1422 920 1448 cum
948 1408 1222 1463 impostoribus
1243 1409 1368 1463 iurgio
1397 1411 1659 1451 contendisse.

143 1476 320 1517 Tertium
344 1476 415 1516 hoc
436 1474 623 1530 Iosephus
643 1476 909 1516 documentum
929 1473 1176 1517 Christianae
1198 1476 1396 1531 religionis
1421 1477 1562 1529 habuit,
1587 1493 1660 1532 quo

140 1544 233 1584 nihil
257 1545 445 1585 adversus
467 1540 612 1583 Christi
636 1557 774 1583 nomen
797 1543 998 1597 crucisque
1019 1544 1170 1598 signum
1194 1545 1324 1585 valere
1350 1545 1536 1585 maleficia
1557 1559 1661 1586 eom-

142 1611 258 1666 petit,
291 1624 413 1664 neque
445 1617 648 1664 propterea
680 1607 923 1650 Christianus
953 1618 994 1651 ut
1024 1618 1129 1651 esset
1159 1612 1196 1651 iu
1228 1611 1393 1652 animum
1425 1611 1592 1654 induxit.

251 1676 470 1719 Secundum
498 1678 591 1718 haec
614 1676 792 1718 Christus
818 1678 853 1718 ei
877 1691 919 1718 se
940 1677 978 1717 in
1002 1678 1148 1718 somnis
1170 1678 1322 1720 obiicit:
1355 1678 1431 1729 Et,
1463 1683 1569 1731 Ego,
1602 1681 1660 1721 iu-

139 1746 243 1800 quit,
275 1761 354 1785 sum
378 1749 504 1793 Iesus,
539 1761 640 1797 quem
668 1749 823 1785 mazbres
847 1749 905 1784 tui
923 1749 960 1784 in
983 1760 1127 1785 crucem
1152 1755 1330 1797 egerunt:
1364 1750 1524 1798 proinde
1546 1751 1582 1787 in
1605 1763 1659 1787 me

137 1817 289 1854 credito.
334 1813 390 1854 At
408 1811 594 1867 Iosephus
617 1826 664 1853 ue
682 1813 733 1852 ita
751 1813 898 1866 quidem
917 1814 1117 1867 perpulsus
1136 1814 1403 1854 vehementem
1425 1814 1463 1854 in
1484 1815 1657 1855 morbum

139 1895 183 1921 ac
201 1882 444 1935 desperatum
462 1881 609 1921 incidit.
656 1879 755 1920 Tum
779 1880 952 1920 dominus
973 1881 1006 1920 ei
1027 1895 1161 1921 rursus
1183 1895 1372 1936 apparens
1392 1889 1433 1922 ut
1455 1881 1492 1921 iu
1512 1896 1553 1923 se
1576 1897 1658 1923 cre-

138 1949 248 1989 deret
271 1948 468 1997 hortatur,
511 1949 562 1989 ita
590 1948 818 1988 valetudinis
843 1954 1056 2002 compotem
1083 1949 1266 1989 futurum.
1328 1948 1413 1990 Hoc
1445 1949 1507 1990 ubi
1539 1951 1656 1991 factu-

137 2031 221 2056 rum
246 2017 393 2070 recepit
417 2030 460 2056 ac
484 2022 641 2070 repente
667 2015 882 2066 convaluit,
924 2015 961 2055 in
987 2016 1120 2055 eadem
1145 2015 1261 2056 animi
1287 2017 1544 2059 obstinatione
1569 2033 1656 2074 per-

137 2083 249 2124 stitit.
310 2082 442 2137 Quare
467 2084 636 2123 secuudo
658 2081 695 2121 in
721 2082 893 2122 morbum
919 2083 1118 2137 delapsus,
1160 2097 1203 2123 ac
1230 2083 1386 2138 perinde
1411 2085 1651 2141 desperatus,

137 2166 224 2191 cum
254 2150 326 2191 iam
360 2151 506 2191 instare
537 2157 685 2203 tempus
716 2156 930 2189 extremum
958 2148 1087 2190 Iudaei
1120 2150 1220 2190 illius
1251 2151 1405 2204 cognati
1432 2153 1651 2203 crederent,

138 2219 236 2272 quod
268 2218 315 2258 ab
347 2217 395 2258 iis
425 2225 577 2258 secreto
608 2217 689 2256 lieri
715 2217 813 2256 solet
836 2217 1058 2272 mysterium
1086 2231 1201 2271 aeger
1228 2219 1359 2258 audiit.
1420 2218 1574 2260 Etenim
1602 2235 1653 2262 ex

136 2286 366 2341 legisperitis
389 2286 538 2340 quidam
562 2291 654 2324 natu
676 2283 831 2336 grandis
852 2285 1040 2325 accedens
1061 2285 1161 2325 illius
1185 2285 1277 2326 haec
1300 2286 1454 2326 auribus
1478 2287 1650 2328 insusur-

135 2354 266 2394 rabat:
303 2356 431 2400 Crede,
457 2352 593 2405 inquit,
618 2354 736 2390 lesam
757 2353 824 2390 sub
845 2355 973 2392 Pontio
993 2355 1113 2391 Pilato
1134 2356 1242 2391 cruci
1257 2355 1414 2405 affiaezcm
1434 2357 1645 2406 dez‘file'zcm,

136 2429 176 2460 et
193 2437 241 2460 ew
259 2423 385 2459 Maria
400 2428 530 2472 postea
547 2422 728 2470 genitum,
755 2421 938 2459 Christum
958 2435 1036 2459 esse
1055 2423 1126 2467 dei,
1160 2428 1198 2458 et
1216 2435 1238 2458 α
1258 2424 1412 2460 mortuis
1430 2425 1644 2470 eoecz‘latum,

134 2496 173 2527 et
191 2491 242 2527 ad
265 2496 427 2527 mortuos
454 2491 621 2538 vivosque
644 2488 857 2525 iudicandos
879 2502 956 2526 esse
984 2496 1188 2526 venturum.
1251 2484 1365 2527 Omni
1393 2502 1464 2542 ego
1491 2503 1648 2530 asseve-

134 2556 284 2595 ratione
309 2555 491 2594 confirmo
517 2553 609 2593 haec
633 2552 723 2592 mihi
749 2551 949 2607 Iosephum
975 2555 1094 2610 ipsum
1121 2555 1159 2594 iu
1185 2555 1240 2594 rei
1265 2562 1397 2607 gestae
1420 2558 1648 2610 exponenda

134 2622 236 2663 serie
261 2635 458 2662 narrasse.
519 2618 631 2673 Quod
656 2620 813 2675 insuper
836 2621 880 2662 ab
905 2622 979 2662 alio
1003 2623 1178 2676 quopiam
1203 2622 1355 2676 accepi,
1399 2623 1461 2676 qui
1485 2622 1647 2665 Iudaeus

135 2690 256 2730 adhuc
281 2690 327 2729 ob
349 2689 498 2729 illorum
520 2694 658 2728 metum
682 2694 777 2738 erat,
811 2696 923 2742 atque
941 2689 1040 2729 inter
1061 2687 1304 2730 Christianos
1327 2703 1510 2745 persaepe
1532 2692 1647 2744 dege-

133 2756 219 2808 bat,
264 2770 408 2811 eosque
439 2763 477 2796 et
508 2754 738 2796 observabat
770 2756 970 2810 plurimum
1004 2764 1042 2796 et
1071 2757 1245 2807 amabat,
1287 2757 1349 2810 qui
1381 2771 1448 2812 per
1475 2756 1646 2799 Bethelis

179 2924 208 2956 3.
240 2927 290 2956 Sic
313 2928 418 2957 Petav.
442 2934 478 2956 ex
502 2926 680 2956 auctoritate
702 2925 768 2956 cod.
788 2925 883 2965 Regii.
931 2927 964 2957 ln
986 2927 1056 2958 edit.
1081 2927 1180 2964 princ.
1209 2927 1289 2957 enim
1316 2929 1397 2957 extat
1423 2923 1643 2969 ὑπολειφῇεὶς,

135 2971 208 3000 vitio
230 2972 304 3002 satis
325 2972 456 3009 vulgari.

1687 1685 1763 1729 Cap.
1783 1690 1844 1721 IX.
