2034 3267
493 159 668 191 PANARlI
694 160 774 191 LIB.
799 161 820 191 Ι.
844 161 1006 192 TOM.11.
1031 162 1159 193 HAER.
1181 162 1305 194 XXVI.
1575 157 1650 194 199

244 237 344 290 Quid
370 238 443 278 iam
467 237 565 277 aliud
589 237 767 293 deinceps
790 239 972 292 eloquar?
1010 246 1074 279 aut
1097 240 1285 293 quomodo
1310 253 1514 281 coenosam
1546 242 1642 281 hanc
1659 251 1842 294 CapXVH.

139 305 432 359 disputationem
455 304 656 344 abiiciam?
696 319 778 344 cnm
804 313 841 345 et
864 306 977 346 velim
1003 313 1041 345 et
1067 307 1182 346 nolim
1205 321 1279 347 uua
1302 308 1452 358 dicere,
1486 323 1529 349 ac
1554 323 1645 363 qua-

132 374 216 413 dam
243 372 390 412 dicendi
416 372 647 412 necessitate
669 373 936 424 constringar,
969 387 1015 413 ne
1046 374 1132 427 quid
1157 387 1288 414 eorum
1313 388 1408 428 quae
1431 375 1560 416 insunt
1585 390 1644 416 re-

131 454 224 479 vera
256 439 517 479 dissimulasse
543 439 699 489 videar,
733 446 770 478 et
802 439 890 478 illud
928 454 1066 479 verear
1088 448 1237 491 tamen,
1281 455 1328 481 ne
1358 442 1506 483 illorum
1539 444 1644 484 dete-

130 507 276 547 standis
306 507 457 560 flagitiis
487 505 684 560 patefactis
710 519 932 558 quemquam
962 515 1026 545 aut
1051 507 1215 547 inficiam
1239 515 1301 548 aut
1327 509 1573 561 exfimulem,
1606 518 1644 550 et

130 575 176 614 ad
201 574 261 613 illa
288 574 477 613 curiosius
502 572 713 625 indaganda
738 573 842 611 faces
865 571 911 611 iis
934 573 1130 612 subiiciam
1157 574 1217 627 qui
1245 575 1477 629 voluptatum
1511 592 1554 618 ac
1578 592 1642 618 cu-

131 641 328 695 piditatum
354 641 543 680 illecebris
570 639 821 678 abducuntur.
885 637 962 678 Sed
989 640 1231 679 nihilominus
1262 641 1307 680 ab
1336 643 1519 683 eiusmodi
1553 645 1642 685 dae-

128 708 252 748 monis
275 715 360 747 satu
385 715 423 748 et
443 705 682 761 improbitate
705 712 777 744 tam
799 718 871 757 ego
895 719 1003 759 quam
1029 715 1184 746 sanctae
1208 715 1320 761 atque
1345 709 1553 751 catholicae
1577 726 1640 751 ec-

127 776 269 815 clcsiae
302 789 388 828 spes
424 774 568 821 omnis,
602 785 645 811 ac
671 771 840 824 quisquis
872 772 911 811 in
937 773 1008 812 hoc
1039 780 1209 813 nostrum
1237 789 1329 828 opus
1354 776 1549 828 inciderit,
1582 779 1639 818 in-

129 850 238 896 teger
257 842 535 893 inviolatusque
561 845 753 878 servetur.
804 836 914 891 Quod
939 840 969 879 si
994 847 1148 879 caetera
1174 855 1270 894 quac
1296 842 1341 880 ab
1368 842 1441 882 illis
1465 843 1639 885 dicuntur

128 917 191 949 aut
216 910 307 949 tiunt
329 914 465 961 quanta
491 912 603 954 sunt,
638 911 750 958 atque
774 906 959 946 eiusmodi
988 907 1112 960 qualia
1140 908 1213 947 iam
1239 910 1634 961 commemoravimus,

127 984 194 1016 aut
216 977 262 1016 iis
292 976 403 1015 etiam
435 972 579 1012 maiora
600 973 662 1012 vel
687 972 836 1013 minora
869 974 1068 1028 complecti
1102 975 1284 1025 voluero,
1323 984 1361 1015 et.
1391 977 1434 1016 ad
1467 978 1635 1031 singulas

129 1057 246 1084 voces
272 1041 422 1082 salubre
456 1040 639 1093 quoddam
666 1041 981 1080 medicamentum
1008 1041 1111 1082 velut
1142 1042 1351 1096 depellendi
1385 1045 1471 1084 mali
1503 1059 1637 1085 caussa

129 1115 383 1164 comparatum
415 1107 623 1146 remedium
656 1107 888 1157 adhibuero,
929 1108 967 1148 in
998 1108 1221 1149 immensam
1254 1110 1389 1149 molem
1421 1119 1636 1165 susceptum

128 1191 222 1231 opus
252 1180 448 1215 excurret.
509 1172 610 1213 Nam
639 1181 675 1214 et
701 1189 792 1226 nos,
827 1175 1036 1226 carissimi,
1070 1176 1107 1215 in
1138 1176 1239 1216 illam
1270 1176 1446 1217 haeresin
1473 1179 1637 1218 incurri-

126 1258 222 1292 mus,
256 1249 293 1282 et
315 1255 364 1280 ex
385 1240 550 1295 ipsomet
567 1255 714 1290 eorum,
750 1243 810 1296 qui
835 1243 931 1283 hanc
952 1243 1101 1297 proprie
1126 1250 1163 1283 et
1184 1257 1234 1284 ex
1257 1244 1429 1285 instituto
1454 1252 1633 1297 tractant,

125 1324 190 1350 ore
218 1323 261 1349 ac
285 1309 508 1362 magisterio
537 1307 751 1350 didicimus.
810 1311 870 1350 Ad
907 1311 941 1350 id
978 1324 1069 1351 vero
1103 1318 1345 1365 comparatae
1377 1313 1635 1368 deceptaeque

121 1377 300 1417 mulieres
322 1390 397 1416 non
427 1376 548 1416 solum
575 1375 788 1416 istiusmodi
813 1377 922 1417 nobis
947 1391 1145 1418 sermones
1169 1378 1406 1430 iniecerunt,
1440 1381 1507 1420 sed
1529 1381 1634 1421 insu-

120 1457 188 1498 per
209 1443 428 1498 Aegyptiae
451 1443 552 1483 illius
586 1443 754 1497 perditae
787 1458 830 1484 ac
860 1445 1116 1498 nequissimae
1148 1445 1319 1485 mulieris
1348 1446 1492 1497 instar,
1536 1462 1631 1501 quae
1651 1458 1784 1486 Gen.39,

119 1525 328 1565 coquorum
356 1510 536 1565 principis
560 1525 661 1550 uxor
687 1519 794 1561 erat,
828 1512 1009 1566 petulanti
1035 1526 1105 1552 nos
1134 1520 1272 1553 conatu
1306 1513 1506 1554 detrahere
1537 1521 1629 1565 tum,

123 1593 206 1618 cum
230 1579 380 1618 florenti
407 1578 528 1618 adhuc
559 1585 682 1618 aetate
706 1592 902 1629 essemus,
937 1593 1146 1633 aggressae
1167 1587 1270 1620 sunt.
1332 1579 1476 1621 Verum
1507 1581 1540 1622 is
1571 1582 1632 1636 qui

120 1646 362 1686 sanctissimo
381 1644 546 1699 loseplio
568 1652 644 1685 tum
665 1646 824 1696 adstitit,
853 1646 962 1686 nobis
985 1661 1134 1700 quoque
1156 1648 1287 1698 adfuit,
1316 1655 1353 1687 et
1373 1648 1471 1688 hunc
1491 1649 1628 1703 ipsum,

121 1713 183 1766 qui
208 1713 310 1752 illum
338 1726 385 1752 eo
406 1712 577 1767 periculo
601 1712 779 1752 liberavit
801 1714 1063 1768 implorantes,
1096 1715 1185 1754 licet
1207 1715 1350 1769 indigni
1371 1729 1414 1755 ac
1438 1723 1543 1756 tanto
1566 1717 1628 1757 be-

121 1780 256 1820 neficio
281 1779 447 1835 impares
472 1793 667 1830 essemus,
701 1780 869 1820 eiusdem
890 1781 1127 1835 benignitate
1150 1796 1193 1822 ac
1218 1782 1479 1823 misericordia
1504 1784 1631 1838 perni-

120 1848 245 1888 ciosas
276 1848 424 1887 illarum
461 1862 596 1888 manus
629 1848 855 1900 effugimus,
890 1861 933 1888 ac
962 1849 1205 1889 sanctissimo
1236 1851 1306 1890 deo
1337 1851 1628 1904 gratulatorium

119 1928 273 1954 carmen
306 1915 537 1965 cecinimus,
572 1923 611 1955 ut
634 1915 669 1954 id
696 1929 880 1969 usurpare
912 1918 1047 1956 merito
1076 1931 1298 1971 possemus:
1344 1920 1536 1958 Cantemus
1566 1922 1629 1958 do·
1647 1931 1789 1965 Ex‹·d.15‚
1805 1932 1828 1959 1.

117 1985 237 2030 mino5
267 1985 432 2033 gloriose
459 1986 552 2021 enim
577 1984 836 2034 magnficatns
858 1991 934 2023 «πί,-
966 1999 1095 2036 equum
1119 1992 1158 2023 et
1175 1999 1403 2024 ascensorem
1434 1989 1565 2025 deiecit
1592 1989 1628 2025 in

117 2064 231 2088 more.
293 2048 434 2103 Neque
458 2050 557 2090 enim
580 2050 754 2089 similiter
777 2057 816 2090 ut
841 2049 902 2090 ille
929 2051 1144 2104 patriarcha
1168 2052 1205 2092 vi
1230 2053 1389 2106 quadam
1414 2053 1565 2093 virtutis
1588 2067 1630 2092 ac

118 2116 287 2157 iustitiae
312 2124 490 2168 nostrae,
524 2117 590 2157 sed
618 2118 702 2156 suso
732 2117 777 2156 ad
808 2118 916 2157 deum
949 2119 1092 2172 gemitu
1119 2119 1201 2159 eius
1225 2134 1356 2161 sumus
1382 2120 1629 2160 miseratione

118 2184 278 2224 servati.
342 2181 439 2224 Cum
474 2185 585 2225 etiam
619 2184 706 2224 mihi
742 2191 869 2238 pestes
896 2185 983 2226 illae
1006 2200 1073 2241 per
1097 2187 1297 2227 ludibrium
1328 2187 1625 2242 exprobrarent,

116 2264 161 2290 ac
187 2265 316 2291 secum
340 2251 503 2292 invicem
526 2251 728 2291 illudentes
752 2251 803 2291 ita
826 2253 1097 2306 loquerentur:
1132 2253 1245 2294 Hunc
1267 2255 1442 2295 iuvenem
1469 2268 1626 2295 servare

117 2331 192 2357 non
217 2319 424 2372 potuimus,
459 2320 524 2359 sed
549 2320 585 2358 in
609 2319 781 2358 manibus
801 2317 989 2375 Principis
1011 2321 1135 2375 perire
1163 2321 1337 2361 sivimus.
1397 2321 1499 2361 Nam
1531 2336 1627 2375 quae

117 2386 237 2426 forma
258 2386 360 2425 inter
383 2386 468 2426 illas
497 2386 714 2426 liberaliore
739 2394 819 2436 est,
852 2389 1095 2442 semetipsam
1119 2388 1224 2428 velut
1246 2401 1370 2428 escam
1399 2397 1511 2442 atque
1546 2390 1627 2429 ille-

117 2453 270 2493 cebram
299 2453 452 2503 obiicit,
487 2460 527 2492 ut
551 2467 645 2506 quos
674 2453 710 2492 iu
734 2455 901 2494 fraudem
930 2455 1010 2509 ipsa
1038 2456 1261 2509 pellexerit,
1296 2469 1371 2495 non
1402 2470 1469 2496 eos
1502 2456 1627 2510 profli-

116 2533 208 2573 gare
241 2534 285 2559 ac
317 2521 502 2574 perdere,
535 2520 601 2559 sed
629 2520 777 2574 eripere
799 2521 960 2562 dicatur.
1021 2521 1132 2563 Unde
1155 2529 1192 2562 et
1215 2522 1446 2563 deformibus
1473 2523 1626 2576 elegan-

116 2586 236 2627 tiores
257 2587 461 2626 identidem
484 2586 720 2641 exprobrare
739 2588 884 2629 solent:
918 2588 1004 2643 Ego
1023 2604 1122 2641 sum,
1148 2589 1337 2643 inquiunt,
1360 2604 1429 2630 vas
1446 2590 1622 2640 electum,

117 2667 213 2708 quae
236 2668 370 2695 errore
396 2654 680 2694 circumventos
706 2655 910 2696 extrahere
934 2671 1110 2711 possum,
1144 2656 1241 2710 quod
1270 2663 1309 2696 tu
1337 2657 1462 2697 facere
1494 2657 1626 2711 nequi-

116 2721 221 2761 visti.
282 2720 333 2761 Et
356 2727 466 2760 erant
488 2735 581 2761 sane
604 2735 699 2774 quae
723 2729 798 2762 tum
823 2723 880 2763 his
901 2724 1105 2765 verborum
1127 2724 1392 2764 blandimentis
1414 2738 1458 2764 ac
1482 2724 1625 2764 lenoci-

118 2788 190 2828 niis
211 2788 415 2829 utebantur
436 2788 609 2843 corporis
637 2803 709 2842 quo
733 2790 777 2829 ad
804 2792 1033 2844 peccandum
1062 2791 1315 2831 abutebantur
1336 2799 1497 2832 venusta
1522 2806 1625 2831 cum-

121 2855 251 2908 primis
278 2855 430 2910 speeie,
465 2856 531 2896 sed
564 2855 691 2895 animo
716 2870 825 2909 quem
858 2859 1159 2899 consceleratum
1189 2858 1375 2912 gerebant
1405 2859 1505 2899 omni
1536 2859 1624 2899 dae-

121 2921 242 2962 monis
273 2923 502 2978 turpitudine
526 2923 774 2964 deformatae.
835 2923 912 2966 Sed
941 2926 1160 2967 misericors
1184 2926 1275 2967 deus
1303 2926 1348 2967 ab
1377 2926 1523 2967 illarum
1555 2926 1624 2966 im-
