2034 3267
495 217 672 248 PANAnn
697 217 776 248 Lis.
799 218 823 248 1.
846 216 952 248 TOM.
976 216 1016 249 11.
1040 215 1169 247 mna.
1190 215 1335 246 xxxn.
1594 205 1673 245 389

159 311 246 338 num
267 296 305 337 id
327 309 415 337 esse
439 295 578 351 poterit
604 296 700 350 quod
726 296 759 335 ei
783 295 984 336 subiicitur
1008 296 1186 336 dextrum
1209 302 1275 335 aut
1300 294 1518 334 sinistrum:
1562 299 1673 347 atque

157 366 209 406 ita
233 365 278 405 ad
303 378 413 404 unam
442 364 628 418 quandam
655 370 827 404 naturam
853 363 1033 405 universa
1058 367 1298 419 referentur,
1342 384 1415 423 qua
1438 366 1531 410 nihil
1552 375 1675 417 neque

156 433 331 488 superius
355 432 406 472 sit
429 446 551 486 neque
575 432 736 472 inferius
760 431 1001 482 inlimumve,
1036 441 1301 488 praeterquam
1323 452 1419 491 quae
1445 437 1489 477 ab
1514 449 1560 476 eo
1583 446 1674 473 con-

156 501 233 541 dita
253 507 365 550 sunt,
399 500 546 554 eritque
569 499 743 539 veritatis
764 498 894 552 gnaris
918 499 1013 539 haud
1037 500 1264 553 obscurum,
1299 519 1411 545 unum
1435 505 1543 545 deum
1569 517 1671 553 esse,

156 575 326 624 patrem,
371 568 486 608 filium
515 574 552 607 et
575 567 747 621 spiritum
773 573 961 607 sanctum.
1025 566 1104 607 lam
1128 569 1159 608 si
1184 585 1280 610 unus
1306 571 1398 613 deus
1426 580 1506 622 est,
1553 586 1573 611 a
1601 585 1673 625 qno

157 643 248 676 sunt
270 636 412 686 omnia,
447 635 540 675 nihil
562 648 685 688 neque
704 633 918 684 sinistrum,
950 648 1072 688 neque
1096 636 1166 676 alia
1188 638 1337 679 ratione
1361 640 1543 680 deficiens
1562 638 1676 679 inerit

155 704 249 758 ipsi,
293 717 415 757 neque
446 702 607 742 inferius
640 709 792 756 praeter
821 701 882 741 illa
914 716 1009 756 quae
1041 705 1273 757 procreavit.
1337 704 1478 747 Cetera
1504 713 1589 761 post
1612 721 1675 761 pa-

157 780 251 813 trem
283 772 398 811 filium
430 770 677 824 spiritumque
702 775 876 809 sanctum
903 768 1102 823 praeclare
1127 771 1173 811 ab
1200 785 1245 812 eo
1270 774 1451 827 producta
1479 781 1589 825 sunt,
1634 788 1677 813 ac

158 840 250 880 citra
282 839 394 879 ullam
426 837 607 879 invidiam
640 836 794 890 egregie
826 837 1048 877 constituta.

270 905 382 960 Quod
407 906 438 946 si
466 904 652 945 eiusmodi
680 904 829 958 quidam
859 904 968 944 nobis
995 918 1014 944 e
1037 906 1195 946 latebris
1217 908 1375 948 eductus
1397 922 1559 963 serpens
1583 909 1676 949 obii-

157 977 232 1016 ciat
253 975 299 1015 ab
322 988 398 1014 uno
421 987 506 1013 esse
532 972 667 1012 dextra
690 971 834 1026 pariter
856 979 894 1011 et
912 972 1085 1023 sinistra,
1120 976 1218 1028 quod
1240 974 1361 1030 ipsum
1386 976 1424 1016 in
1445 989 1580 1016 eorum
1600 990 1678 1017 me-

157 1044 218 1084 dio
241 1049 439 1092 versetur,
472 1039 620 1094 sibique
643 1054 740 1094 quae
760 1040 896 1080 dextra
920 1048 1008 1080 sunt
1030 1042 1239 1094 adsciscat,
1273 1043 1396 1097 iisque
1422 1044 1609 1098 gaudeat,
1644 1051 1681 1084 et

157 1113 288 1153 eadem
318 1111 542 1150 dextrorum
575 1122 619 1148 ac
647 1108 799 1148 luminis
830 1108 994 1162 appellet
1019 1110 1196 1161 nomine,
1240 1118 1373 1151 contra
1401 1125 1494 1152 vero
1521 1111 1678 1152 sinistra

161 1188 336 1233 tanquam
360 1191 381 1217 a
403 1190 445 1217 se
468 1176 592 1216 aliena
616 1182 654 1215 et
671 1176 710 1215 in
730 1176 838 1216 laeva
863 1183 971 1230 parte
994 1177 1178 1218 collocata
1199 1179 1388 1233 repudiet,
1417 1178 1518 1219 dicat
1537 1193 1680 1233 quaeso

158 1248 256 1288 unde
284 1246 384 1286 illam
412 1243 662 1298 geometriam
691 1244 885 1294 hauserit,
932 1251 972 1284 ut
998 1245 1175 1286 dextram
1201 1247 1473 1301 sinistramque
1498 1247 1582 1287 sine
1609 1247 1681 1287 ulla

157 1313 366 1356 mutatione
397 1319 636 1353 constantem
670 1313 867 1352 commode
905 1313 1099 1353 metiatur.
1168 1313 1268 1354 Nam
1307 1316 1404 1369 apud
1438 1329 1509 1355 nos
1544 1316 1681 1356 dextra

156 1382 362 1423 sinistrave
393 1380 627 1435 quorundam
660 1380 809 1420 ratione
836 1381 1116 1432 membrorum,
1162 1396 1259 1436 quae
1287 1382 1363 1422 fixa
1387 1390 1500 1434 sunt,
1544 1383 1680 1424 merito

157 1457 368 1499 vocantur,
403 1463 500 1503 quae
525 1448 733 1503 permutari
758 1448 922 1488 invicem
950 1456 1159 1502 nequeunt.
1223 1448 1334 1503 Quae
1357 1464 1451 1491 vero
1473 1458 1583 1491 extra
1611 1466 1680 1491 nos

155 1527 265 1568 sunt,
302 1517 395 1558 alias
421 1517 557 1557 dextra
581 1516 695 1565 fiunt,
731 1515 825 1556 alias
848 1516 1020 1556 sinistra.
1082 1516 1236 1556 Etenim
1264 1518 1325 1571 qui
1351 1531 1393 1558 se
1420 1519 1464 1558 ad
1491 1519 1678 1559 orientem

155 1586 388 1635 obverterit,
433 1585 492 1624 hic
519 1584 565 1624 ad
593 1585 769 1624 dextram
792 1591 961 1624 austrum
985 1585 1068 1626 sive
1093 1585 1289 1625 meridiem
1317 1586 1493 1636 habehit,
1526 1594 1681 1641 septen-

157 1655 302 1695 triones
327 1654 373 1694 ad
395 1652 604 1693 sinistram.
668 1649 737 1692 Sin
762 1652 1000 1692 occidentem
1022 1666 1158 1693 versus
1183 1667 1270 1693 sese
1292 1655 1544 1703 converterit,
1573 1669 1681 1695 mun-

156 1723 192 1764 di
224 1723 276 1763 illi
310 1720 487 1762 cardines
523 1719 686 1760 diversis
720 1720 935 1760 nominibus
968 1721 1202 1771 afficientur,
1246 1736 1418 1775 quaeque
1449 1723 1560 1776 paulo
1591 1730 1679 1762 ante

156 1792 295 1831 dextra
325 1791 450 1830 fuerat
480 1787 682 1838 meridies,
727 1788 765 1827 in
791 1788 984 1828 sinistram
1015 1789 1242 1839 mutabitur,
1288 1803 1385 1844 quae
1413 1791 1457 1830 ad
1486 1790 1678 1830 sinistram

157 1872 319 1913 vergere
344 1857 542 1897 dicebatur
564 1856 727 1896 hominis
753 1855 988 1910 aquilonaris
1012 1857 1144 1910 regio,
1179 1857 1223 1897 ad
1248 1858 1448 1898 dexteram
1472 1872 1557 1899 esse
1580 1859 1681 1899 dice-

158 1934 233 1967 tur.
294 1923 456 1967 Ubinam
482 1938 575 1977 ergo
601 1931 798 1964 veterator
822 1924 893 1964 iste
919 1938 1024 1983 suam
1049 1925 1151 1965 illam
1179 1926 1410 1966 modulando
1433 1927 1504 1966 deo
1527 1941 1682 1980 geome-

157 1995 266 2035 triam
290 1993 459 2048 reperit?
510 1989 543 2032 Ο
567 1991 829 2032 incredibilem
853 1992 1067 2033 futilitatem
1089 2001 1201 2048 atque
1225 1994 1406 2034 universa
1429 1995 1676 2035 miscentem!

157 2061 271 2116 Quod
295 2075 387 2102 vero
411 2067 497 2115 post
521 2060 676 2113 triginta
699 2060 785 2100 illos
807 2060 966 2100 Aeonas
986 2061 1176 2101 defectum
1200 2062 1379 2102 extitisse
1402 2070 1557 2114 narrat,
1589 2063 1682 2103 libet

156 2131 202 2170 de
228 2144 274 2170 eo
298 2128 503 2169 sciscitari.
565 2127 672 2167 Heus
699 2128 760 2167 tu!
822 2126 940 2168 Potes
969 2129 1096 2169 dicere
1124 2130 1223 2170 unde
1248 2130 1348 2170 illius
1376 2131 1546 2171 defectus
1571 2138 1681 2171 natu-

156 2213 238 2239 ram
264 2211 308 2238 ac
331 2197 610 2236 desciscentem
634 2193 828 2236 Virtutem
856 2198 1113 2250 cognoveris?
1173 2195 1216 2238 Si
1243 2197 1342 2237 enim
1369 2212 1388 2237 a
1417 2198 1679 2253 superioribus

156 2265 360 2322 pullulasse
385 2265 511 2314 dicas,
546 2277 621 2303 non
646 2271 838 2315 creatam,
871 2265 937 2305 scd
959 2266 1142 2319 genitam,
1177 2280 1260 2306 cum
1284 2280 1334 2306 ex
1359 2273 1420 2306 tua
1441 2280 1485 2306 ae
1508 2266 1681 2321 magistri

159 2335 211 2375 tui
236 2333 426 2375 sententia
454 2345 551 2386 quae
578 2331 731 2371 condita
758 2339 847 2372 sunt
874 2347 948 2373 non
977 2341 1106 2374 creata
1135 2335 1301 2385 fuerint,
1345 2334 1411 2374 sed
1439 2334 1593 2388 genita,
1637 2349 1681 2375 ac

160 2402 319 2458 quaevis
345 2408 482 2442 natura
504 2400 662 2454 quadam
685 2399 731 2439 ab
755 2400 875 2441 altera
897 2402 1241 2443 communicatione
1262 2403 1497 2443 transfusum
1521 2402 1558 2441 id
1582 2403 1680 2456 quod

159 2470 273 2511 habet
298 2468 493 2524 acceperit
518 2475 631 2521 atque
659 2467 696 2507 in
728 2468 849 2508 lu‘eem
878 2469 1084 2523 prodierit,
1124 2471 1200 2510 iam
1230 2471 1311 2525 ipse
1339 2469 1586 2510 confessione
1618 2478 1680 2511 tua

159 2537 330 2579 induaris
357 2543 523 2591 oportet.
585 2534 739 2575 Etenim
769 2535 801 2576 si
827 2550 848 2575 a
873 2538 1137 2592 superioribus
1165 2539 1356 2593 posterior
1381 2538 1445 2578 illa
1471 2536 1607 2578 Virtus
1636 2553 1680 2578 ac

159 2606 333 2647 delectus
357 2604 555 2655 extiterit,
587 2604 766 2658 indeque,
798 2612 838 2644 ut
861 2605 912 2646 ita
935 2606 1084 2660 loquar,
1119 2606 1326 2661 pullularit,
1359 2605 1433 2646 erit
1455 2605 1568 2660 plane
1592 2620 1680 2647 coe-

159 2673 310 2714 lestium
331 2679 643 2713 ornamentorum
664 2671 870 2727 particeps,
894 2674 1197 2728 quandoquidem
1218 2687 1418 2714 commune
1437 2673 1577 2728 aliquid
1596 2689 1679 2715 cum

157 2740 376 2783 Pleromate
407 2740 519 2780 habet
548 2740 612 2780 illa
637 2740 850 2794 posterior,
893 2749 931 2781 et
960 2756 1042 2782 cum
1072 2743 1286 2797 posteriore
1310 2740 1512 2792 Pleroma,
1557 2756 1679 2796 neque

159 2807 259 2849 aliud
282 2809 327 2849 ab
350 2808 472 2849 altero
495 2808 708 2858 dissidebit,
742 2822 824 2849 eum
849 2816 1012 2864 utraque
1034 2810 1296 2850 communibus
1320 2809 1482 2850 invicem
1507 2811 1679 2850 terminis

162 2931 284 2971 Αἰῶνος
307 2933 518 2976 γεγενῆσὲαι..
569 2935 615 2973 Cf.
639 2943 735 2973 supra
757 2943 826 2974 cap.
846 2933 874 2965 1.
944 2937 1107 2974 Petavius,
1132 2945 1168 2966 ex
1195 2937 1335 2967 Vaticani
1358 2936 1470 2966 codicis
1492 2937 1680 2967 auctoritate.

203 2977 234 3009 4.
257 2980 314 3018 lta,
336 2984 498 3018 praeeunte
521 2981 669 3011 Cornario
690 2978 758 3018 (qui
777 2981 898 3019 quidem
943 2983 1037 3012 Antea
1058 2982 1139 3012 enim
1158 2982 1272 3012 editum
1293 2982 1446 3020 legebatur
1467 2979 1524 3013 καὶ
1543 2978 1603 3018 τὰς
1623 2976 1680 3013 αὖ·

162 3024 248 3054 vertit
271 3030 384 3056 contra
408 3030 444 3055 te
465 3024 571 3066 ipsum
596 3023 744 3066 armaris)
772 3027 901 3057 correxit
943 3025 1000 3059 τοῦ
1027 3022 1155 3067 ὁπλίζη.

1712 912 1788 954 Cap.
1811 913 1851 943 Π.
