2034 3267
489 143 664 176 PANARH
689 144 769 175 Liss.
792 145 816 176 1.
842 145 948 177 ToM.
968 146 1022 177 111.
1047 145 1174 177 HAER.
1196 145 1301 176 xcii.
1579 135 1657 174 555

138 234 229 275 prae
259 234 302 261 se
335 222 464 262 serens
496 222 770 263 monachorum
800 224 971 264 instituta
1003 226 1200 278 professus
1233 231 1311 274 est,
1357 229 1516 278 parente
1549 230 1659 262 natus

137 288 345 328 catholicae
377 290 655 330 communionis
691 291 884 345 episcopo.
949 290 1088 331 Postea
1126 306 1208 331 cum
1245 291 1433 343 virginem
1468 291 1656 344 quandam

136 356 353 395 adamasset
376 371 419 396 ac
444 358 637 397 fraudibus
662 358 902 412 pellexisset,
936 360 980 398 ab
1008 373 1074 412 spe
1098 359 1199 398 vitae
1223 358 1402 398 coelestis
1427 358 1525 398 illam
1548 358 1658 397 iuxta

135 437 180 462 ac
211 423 456 478 semetipsum
490 426 642 465 deiecit.
707 424 766 466 Ob
800 426 897 465 linnc
929 426 1044 479 igitur
1080 427 1265 465 incestum
1299 425 1462 465 ecclesia
1495 425 1540 464 ab
1574 425 1657 479 ipso

136 497 293 544 parente
325 492 453 545 pulsus
479 500 559 541 est,
606 493 688 532 viro
717 493 935 546 cumprimis
963 493 1144 546 religioso
1172 507 1215 532 ac
1240 492 1413 533 veritatis
1438 506 1568 532 amore
1591 492 1658 531 fla-

135 558 397 611 grantissimo,
431 568 464 598 et
490 560 525 599 iu
550 560 617 599 liac
639 560 866 614 episcopalis
889 560 1056 599 muneris
1081 560 1408 599 administratione
1431 559 1655 613 praestanti.

136 623 209 665 Cui
241 640 323 665 cnm
350 625 500 666 Marcio
532 628 592 667 diu
619 628 851 680 multumque
879 627 1130 681 supplicasset.
1161 641 1205 666 ac
1233 627 1505 680 poenitentiam
1531 634 1659 681 postu-

135 693 267 742 lasset,
303 694 399 733 lianc
421 709 438 733 a
464 703 569 748 patre
591 694 766 748 precibus
792 695 903 734 nullis
927 695 1104 734 obtinuit.
1170 693 1445 733 Veliementem
1469 694 1656 747 siquidem

135 774 187 800 ex
210 775 252 800 ea
279 775 319 801 re
346 762 514 801 dolorem
539 762 702 816 optimus
725 775 848 801 senex
873 769 909 801 et
934 762 1136 816 episcopus
1162 768 1338 815 ceperat,
1374 762 1470 815 quod
1497 776 1573 801 non
1596 762 1658 801 ille

134 828 255 868 solum
289 829 520 878 excidisset,
569 830 634 868 sed
670 836 707 868 et
738 828 986 882 ignominiam
1022 830 1091 868 sibi
1125 844 1168 869 ac
1199 829 1363 868 dedecus
1395 829 1655 883 imposuisset.

135 894 241 949 Ergo
269 896 328 935 ubi
353 910 394 937 se
420 897 531 936 nullis
554 896 698 936 artibus
723 897 907 936 eblandiri
932 911 1045 950 posse
1070 898 1167 950 quod
1191 904 1349 951 cuperet
1372 897 1657 947 animadvertit,

136 964 370 1017 popularium
395 978 548 1003 suornm
575 963 712 1018 probra
745 979 789 1003 ac
813 964 972 1004 ludibria
1007 979 1080 1004 non
1106 964 1303 1004 sustinens
1331 964 1425 1004 clam
1449 965 1495 1004 ab
1522 964 1659 1019 oppido

135 1032 319 1080 secessit,
362 1046 405 1071 ac
430 1030 592 1071 Romam
620 1039 705 1085 post
729 1031 871 1086 Hygini
898 1047 1014 1086 papae
1040 1033 1182 1071 obitum
1207 1046 1294 1072 sese
1325 1032 1507 1082 contulit,
1550 1032 1611 1085 qui
1638 1046 1659 1071 a

135 1096 252 1138 Petro
281 1097 476 1152 Pauloque
502 1100 685 1153 apostolis
713 1114 837 1139 nonus
866 1100 1053 1140 ecclesiae
1079 1102 1309 1153 praefuerat.
1372 1099 1432 1139 Eo
1456 1099 1581 1139 statim
1615 1113 1659 1138 ac

134 1164 311 1206 Marcion
340 1168 537 1220 pervenit,
581 1168 624 1206 ad
653 1167 829 1207 seniores
854 1167 987 1207 adiens
1016 1169 1076 1221 qni
1105 1169 1150 1207 ab
1178 1168 1437 1222 apostolorum
1465 1167 1658 1221 discipulis

135 1233 259 1273 edocti
290 1233 410 1274 adbuc
437 1243 687 1289 supererant,
735 1242 773 1274 ut
806 1235 840 1274 in
866 1236 1172 1276 communionem
1199 1236 1488 1285 admitteretur,
1537 1235 1582 1275 ab
1615 1235 1660 1274 iis

136 1302 277 1341 l'rustra
304 1302 427 1354 petiit.
491 1301 749 1356 Quamobrem
782 1303 1050 1343 exstimulatus
1077 1303 1241 1353 invidia,
1285 1305 1383 1357 quod
1416 1318 1490 1343 non
1520 1302 1660 1357 princi-

134 1382 217 1422 pem
242 1368 319 1409 illic
343 1370 489 1420 locum,
524 1384 568 1410 ac
594 1384 639 1410 ne
665 1371 851 1410 ecclesiae
879 1371 1028 1424 quidem
1053 1372 1193 1411 aditum
1220 1371 1488 1425 impetrasset,
1522 1371 1566 1410 ad
1591 1371 1660 1410 im-

135 1437 301 1490 postoris
334 1435 525 1477 Cerdonis
557 1438 732 1478 haeresin
766 1440 976 1492 confugere
1008 1439 1044 1477 in
1078 1439 1242 1479 animum
1275 1439 1440 1478 induxit.

247 1504 347 1545 Tum
374 1506 419 1545 ab
448 1506 530 1559 ipso
557 1505 765 1560 principio,
800 1507 991 1561 ipsisque,
1025 1514 1066 1546 ut
1090 1507 1141 1546 ita
1169 1507 1356 1556 dixerim,
1391 1506 1656 1560 quaestionum
1694 1517 1770 1558 Cap.
1795 1517 1833 1547 Π.

135 1572 280 1613 foribus
309 1586 474 1613 exorsus
502 1574 740 1628 presbyteris
773 1574 833 1627 qui
867 1582 955 1614 tnnc
983 1574 1165 1629 temporis
1189 1582 1300 1615 crant
1326 1575 1452 1628 coepit
1478 1575 1548 1613 ista
1574 1588 1660 1627 pro-

135 1655 294 1695 ponere.
360 1644 469 1688 Cedo,
504 1641 639 1694 inquit,
673 1645 763 1693 quid
786 1644 854 1680 hoe
878 1644 952 1681 sibe·
971 1645 1072 1682 vult:
1104 1645 1189 1681 Non
1213 1646 1365 1682 mittunt
1385 1646 1504 1682 vinam
1528 1657 1658 1681 novum
1674 1649 1811 1682 Matthffl,
1821 1650 1861 1676 1¹1.

134 1712 170 1748 e'n
194 1717 295 1747 mres
320 1717 477 1756 veteres,
512 1724 627 1760 neque
650 1712 922 1748 commissuram
940 1714 1059 1762 panni
1078 1713 1182 1750 rudis
1209 1714 1245 1750 z'n
1269 1714 1517 1750 vestimentem
1539 1718 1655 1755 vetas,

133 1780 277 1829 alioqui
295 1776 395 1816 tollit
411 1779 696 1828 plenitudinem,
731 1792 846 1829 neque
868 1782 986 1816 veteri
1003 1787 1205 1830 congruet,-
1239 1782 1357 1818 maior
1378 1782 1470 1818 enim
1495 1781 1659 1816 scissura

121 1847 205 1897 fit?
235 1846 332 1898 quod
356 1845 502 1884 candidi
528 1845 577 1884 illi
604 1858 648 1884 ac
673 1844 903 1885 sanctissimi
929 1846 986 1885 dei
1012 1847 1200 1886 ecclesiae
1224 1846 1438 1901 presbyteri
1462 1860 1506 1886 ac
1530 1846 1660 1885 docto-

134 1926 197 1952 res
219 1913 418 1952 audientes
443 1912 541 1952 hunc
565 1913 602 1951 in
627 1913 775 1952 modum
800 1913 1106 1967 respondebant:
1152 1913 1248 1964 Fili,
1283 1921 1437 1954 veteres
1472 1914 1523 1953 illi
1554 1921 1659 1953 utres

135 1980 225 2020 nihil
253 1980 352 2020 aliud
378 1987 467 2020 sunt
491 1995 600 2033 qnam
625 1978 922 2020 Pharisaeorum
949 1980 1249 2036 Scribarumqne
1277 1983 1417 2032 corda,
1451 1995 1547 2036 quae
1573 1995 1659 2035 pec-

133 2049 227 2089 catis
251 2048 590 2096 inveteraverant,
636 2061 706 2087 nec
734 2049 922 2102 evangelii
946 2050 1157 2089 doctrinam
1183 2051 1430 2090 admiserant.
1492 2048 1660 2089 Eodem-

133 2130 204 2170 que
232 2123 342 2157 vetns
366 2117 454 2156 illud
480 2116 749 2155 vestimentum
778 2116 956 2170 pertinet.
1020 2115 1245 2158 Cuiusmodi
1272 2117 1386 2158 ludas
1413 2117 1563 2166 extitit,
1597 2115 1658 2170 qui

133 2184 170 2224 iu
202 2184 388 2224 avaritiae
420 2191 595 2237 tanquam
625 2190 816 2224 vetustate
844 2186 1003 2238 quadam
1030 2185 1297 2235 obsoleverat,
1342 2199 1464 2238 neque
1494 2185 1584 2225 novi
1615 2199 1659 2224 ac

133 2252 390 2302 sanctissimi,
438 2251 693 2305 coelestisque
727 2252 901 2306 mysterii
932 2254 1254 2308 praedicationem
1289 2254 1460 2307 accepit,
1508 2253 1657 2292 tametsi

133 2321 178 2360 ad
210 2320 385 2360 undecim
420 2319 614 2373 apostolos
647 2326 751 2359 esset
775 2330 1004 2374 aggregatus
1039 2329 1077 2361 et
1114 2322 1159 2360 ab
1188 2322 1269 2375 ipso
1299 2321 1450 2360 domino
1481 2328 1656 2369 vocatus,

133 2402 184 2428 ex
216 2402 290 2442 quo
316 2388 500 2427 maiorem
522 2387 730 2426 scissuram
755 2402 829 2427 non
858 2388 933 2428 alio
961 2404 1072 2442 quam
1098 2389 1262 2443 ipsomet
1286 2389 1358 2428 sibi
1384 2396 1541 2428 auctore
1567 2403 1658 2428 con-

132 2456 269 2505 scivit3
303 2462 506 2510 propterea
534 2455 631 2508 quod
658 2455 740 2495 eius
763 2456 911 2496 animus
933 2458 1087 2497 caducis
1112 2457 1169 2497 bis
1192 2457 1325 2510 opibus
1347 2472 1389 2495 ac
1416 2458 1516 2496 l'astu
1538 2457 1657 2496 [luxa-

133 2537 206 2577 que
231 2522 424 2563 hominum
450 2522 616 2562 amicitia
644 2536 688 2561 ac
713 2537 778 2576 spe
806 2524 1074 2579 voluptateque
1101 2525 1328 2578 contemptis
1354 2538 1592 2578 nequaquam
1617 2539 1657 2564 se

134 2591 340 2631 coelestem
365 2592 410 2631 ad
435 2604 538 2644 spem
563 2605 605 2629 ac
632 2591 842 2631 futurorum
870 2592 1053 2632 bonorum
1079 2592 1317 2632 vocationem
1343 2593 1658 2632 accommodave-

134 2667 206 2699 rat.
270 2659 324 2698 At
354 2658 447 2699 haec
479 2658 742 2698 contradicere
768 2657 969 2710 Marcion,
1012 2675 1055 2700 ae
1088 2661 1200 2714 longe
1231 2674 1344 2699 secus
1377 2660 1410 2699 id
1445 2660 1583 2700 habere
1615 2675 1657 2699 sc

134 2726 277 2777 dicere,
313 2741 378 2780 pro
405 2740 450 2765 eo
475 2726 571 2779 qnod
594 2726 795 2766 admittere
818 2741 904 2767 sese
930 2729 1226 2769 detrectassent.
1291 2725 1421 2780 Quare
1444 2727 1564 2781 palam
1589 2742 1657 2768 eos

134 2793 355 2847 alloquens,
399 2792 481 2834 Cur
507 2807 588 2842 me,
622 2793 765 2846 inquit,
799 2795 971 2850 recipere
999 2795 1204 2836 uoluistis?
1265 2795 1562 2850 Responderunt
1587 2796 1654 2845 illi,
