2034 3267
463 194 640 226 PANARu
664 194 745 226 Lm.
763 196 788 226 1.
811 194 916 226 ToM.
937 195 978 226 n.
1000 194 1131 226 HAER.
1148 195 1281 226 xxix.
1553 187 1630 225 231

113 288 188 314 non
214 274 262 313 sit
286 273 323 313 in
349 273 559 321 salvatore,
594 273 690 326 quod
715 273 760 313 ad
787 286 940 312 carnem
965 272 1144 325 pertinet,
1179 273 1381 326 aliquando
1404 274 1629 327 perfectum.

113 341 199 381 Hoc
221 341 320 381 enim
343 347 431 380 suut
454 342 514 393 qui
538 347 678 394 negent
700 340 895 393 impletum
920 340 1063 390 fuisse,
1098 355 1167 380 nos
1194 348 1317 380 tamen
1342 340 1451 394 plane
1470 339 1522 379 ita
1542 355 1633 380 con—

113 409 246 461 tigisse
282 408 594 448 monstrabimus.
656 406 776 447 Nulla
809 407 909 446 enim
945 408 1007 447 vel
1042 407 1196 447 minima
1233 408 1385 448 divinae
1420 407 1634 461 scripturae

113 476 228 516 dictio
260 484 384 530 potest
415 476 612 515 excidere.

225 543 417 596 Quocirca
443 544 603 582 thronus
635 542 696 581 ille
721 539 881 580 Davidis
910 555 954 580 ac
982 541 1113 593 regale
1143 542 1280 580 solium
1315 542 1406 582 niliil
1440 543 1539 582 aliud
1571 550 1631 583 est
1659 553 1736 593 Cap.
1754 553 1810 583 111.

112 625 224 664 quam
251 611 439 651 ecclesiae
464 616 621 650 sanctae
644 607 925 657 sacerdotium,
960 608 1056 661 quod
1084 608 1190 660 regia
1224 608 1336 648 simul
1370 624 1414 649 ac
1444 609 1634 662 pontificia

116 678 298 731 dignitate
329 679 364 717 in
392 692 507 717 unum
532 681 725 716 contracta
752 674 786 713 ei
810 674 985 713 dominus
1015 673 1207 723 attribuit,
1251 689 1294 714 ac
1320 674 1478 715 Davidis
1509 684 1633 717 aeter-

117 760 203 785 num
231 746 319 785 illud
348 759 469 798 neque
496 743 703 797 periturum
733 756 894 794 uuquam
922 741 1058 780 solium
1083 741 1120 780 in
1149 743 1307 780 eandem
1331 743 1505 783 contulit.
1551 742 1633 783 lllic

115 814 214 852 enim
238 811 424 853 Davidica
457 810 568 850 sedes
600 815 783 862 perpetua
815 809 1064 848 successione
1100 808 1144 847 ad
1171 805 1369 848 Christum
1397 823 1515 863 usque
1547 825 1631 863 per-

114 881 276 930 mansit,
308 894 390 919 cum
418 877 520 917 nullo
547 889 708 928 unquam
734 882 906 928 tempore
934 875 979 914 de
1010 874 1126 915 Iudae
1150 875 1252 915 tribu
1278 875 1470 930 principes
1496 877 1630 917 desiis—

115 954 215 995 sent,
249 947 369 986 donec
391 944 452 983 ille
479 942 585 982 venit
609 945 673 980 σαί
690 946 851 993 reposita
872 951 991 982 erant.
1054 946 1108 982 Et
1129 947 1218 994 ipse,
1254 943 1390 996 inquit,
1424 948 1771 995 expeclatcboei1.49‚
1789 960 1829 986 ιο.

111 1018 288 1064 gentium.
350 1010 503 1051 Etenim
537 1010 606 1049 sub
636 1011 842 1049 adventum
869 1007 1016 1049 Christi
1041 1009 1183 1050 domini
1214 1010 1328 1050 desiit
1361 1011 1406 1050 de
1441 1011 1540 1050 tribu
1569 1009 1629 1051 lu—

115 1084 182 1121 dac
209 1080 413 1134 principum
438 1078 501 1116 illa
527 1078 747 1127 successio,
792 1077 854 1131 qui
888 1078 933 1117 ad
965 1078 1001 1117 id
1030 1092 1151 1131 usque
1178 1085 1327 1132 tempus
1353 1077 1479 1132 populi
1513 1079 1629 1119 duces

115 1151 276 1188 fuerant.
335 1145 437 1185 Nam
461 1152 537 1184 tum
562 1145 624 1184 illa
645 1145 768 1184 series
791 1145 987 1185 intercidit
1016 1159 1061 1185 ac
1084 1159 1290 1199 suppressa
1315 1146 1465 1200 penitus
1497 1152 1578 1195 est,
1612 1160 1632 1184 a

112 1229 185 1269 quo
213 1213 389 1255 Christus
410 1211 646 1262 Betllleemi,
682 1212 780 1266 quod
807 1220 867 1253 est
892 1211 1057 1253 Iudaeae
1084 1213 1285 1267 oppidum,
1318 1213 1355 1252 in
1387 1213 1483 1253 lianc
1510 1213 1631 1253 lucem

112 1282 234 1322 editus
255 1287 329 1331 est,
361 1280 474 1333 idque
497 1280 592 1319 adeo
618 1280 688 1320 sub
712 1280 939 1320 Alexandro
963 1279 1139 1333 contigit,
1173 1279 1237 1334 qui
1258 1294 1279 1320 e
1303 1280 1546 1321 sacerdotum
1568 1295 1633 1335 pa-

110 1348 205 1389 riter
228 1362 272 1387 ac
296 1362 428 1401 regum
453 1347 571 1402 stirpe
596 1354 681 1387 erat
703 1347 903 1387 oriundus.
948 1346 1011 1387 Ab
1036 1347 1146 1387 huius
1174 1347 1292 1400 igitur
1317 1347 1535 1387 Alexandri
1562 1362 1633 1387 nec

112 1431 187 1456 non
218 1423 256 1456 et
279 1414 481 1465 Saalinae,
525 1429 620 1468 quae
647 1422 685 1454 et
706 1415 931 1454 Alexandra
960 1422 1098 1454 vocata
1125 1422 1207 1464 est,
1248 1421 1421 1468 tempore
1455 1429 1541 1455 sors
1573 1423 1633 1455 est

109 1483 170 1523 illa
192 1483 301 1537 regni
325 1483 568 1536 conditioque
595 1482 758 1529 sublata,
793 1496 878 1522 cum
902 1481 1080 1522 Herodes
1101 1481 1281 1532 Iudaeae,
1314 1483 1516 1536 Augustus
1537 1496 1631 1523 vero

109 1550 374 1592 Romanorum
400 1550 600 1603 imperium
625 1550 832 1590 obtineret.
894 1548 944 1589 Et
965 1549 1114 1603 quidem
1137 1550 1366 1590 Alexander
1386 1550 1449 1589 ille
1479 1563 1578 1590 unus
1611 1563 1631 1589 e

111 1616 380 1669 Christorum,
414 1619 484 1657 hoc
512 1625 568 1657 est
595 1625 818 1667 unctorum,
852 1617 1063 1671 ducumque
1090 1632 1250 1657 numero
1277 1618 1450 1657 diadema
1480 1618 1633 1657 sibimet

110 1685 306 1740 imposuit.
371 1684 467 1726 Cum
497 1685 595 1725 enim
622 1685 719 1724 duae
745 1684 910 1724 invicem
934 1685 1054 1724 tribus
1078 1685 1308 1724 coniunctae
1333 1684 1512 1734 fuissent,
1541 1699 1632 1738 qua-

111 1768 195 1793 rum
220 1754 340 1794 altera
366 1754 491 1806 regni,
522 1752 728 1793 sacerdotii
749 1752 869 1792 altera
896 1752 956 1792 ius
980 1752 1158 1803 habebat,
1188 1760 1347 1806 eratque
1371 1750 1487 1791 Iudae
1510 1752 1629 1805 prior,

112 1820 304 1876 posterior
329 1821 499 1861 Aaronis
535 1835 578 1860 ac
610 1818 812 1859 Leviticae
846 1820 973 1873 gentis
1004 1820 1232 1868 universae,
1279 1819 1367 1859 inde
1405 1820 1543 1859 factum
1575 1828 1633 1858 est

112 1889 226 1929 iidem
251 1896 290 1929 ut
310 1902 426 1942 reges
454 1903 498 1928 ac
522 1889 745 1928 sacerdotes
770 1893 914 1927 essent.
973 1885 1114 1941 Neque
1143 1887 1246 1928 enim
1272 1887 1388 1927 ullum
1417 1901 1468 1927 ex
1495 1887 1633 1926 obscu-

110 1956 165 1996 ris
188 1970 386 1996 sacrarum
411 1955 607 1996 literarum
636 1954 801 1995 oraculis
821 1954 986 2002 veritate
1007 1969 1077 1995 sua
1100 1954 1239 1996 caruit.
1292 1954 1396 1995 Tum
1415 1955 1531 2009 igitur
1554 1953 1634 1993 He-

111 2024 226 2064 rodes
260 2038 332 2064 rex
369 2024 585 2077 alienigena
618 2022 819 2062 summotis
853 2021 1015 2062 Davidis
1046 2022 1214 2077 posteris
1247 2023 1420 2063 diadema
1453 2021 1629 2076 sumpsit.

111 2092 242 2145 Atque
268 2091 415 2145 imperii
446 2092 595 2131 demum
628 2090 725 2129 solio
746 2090 988 2144 peregrinum
1013 2089 1052 2130 in
1079 2090 1270 2130 hominem
1294 2089 1483 2130 translato
1505 2104 1525 2129 a
1550 2103 1634 2129 car-

112 2159 209 2199 nalis
235 2157 351 2199 Iudae
378 2158 517 2199 familia
542 2172 586 2197 ac
613 2157 894 2212 Hierosolymis
919 2172 987 2212 per
1010 2156 1207 2199 Christum
1232 2157 1341 2211 regia
1364 2164 1423 2197 est
1446 2157 1485 2196 in
1509 2156 1633 2196 eccle-

112 2227 206 2266 siam
235 2227 428 2266 transfusa
451 2225 629 2279 dignitas.
682 2222 804 2265 Cuius
831 2226 943 2265 sedes
963 2226 1010 2266 ad
1030 2225 1197 2265 omnium
1223 2224 1515 2279 perpetuitatem
1538 2231 1634 2264 tem-

113 2308 247 2348 porum
272 2293 310 2333 in
337 2294 469 2333 eadem
494 2293 575 2347 ipsa
605 2292 833 2343 constituta,
866 2306 917 2332 ex
939 2293 1135 2333 ambarum
1159 2291 1406 2346 dignitatum,
1440 2291 1549 2345 regni
1576 2291 1633 2331 vi-

113 2362 252 2401 delicet
285 2377 330 2401 ac
361 2359 566 2402 sacerdotii
599 2359 842 2413 amplitudine
877 2361 1077 2401 coalescit.
1136 2358 1238 2400 Nam
1273 2360 1372 2413 quod
1407 2359 1453 2398 ad
1486 2359 1633 2413 regiam

113 2429 353 2469 maiestatem
386 2429 545 2477 attinet,
580 2441 662 2466 eam
687 2440 707 2466 a
737 2424 892 2467 Christo
922 2426 1011 2468 lesu
1037 2427 1190 2468 domino
1221 2433 1354 2467 nostro
1379 2426 1516 2481 duplici
1548 2426 1632 2465 iure

113 2497 429 2536 communicatam
451 2494 619 2549 accepit,
653 2495 750 2548 quod
773 2501 811 2534 et
835 2495 898 2536 ille
922 2502 1112 2549 quatenus
1136 2508 1252 2534 carne
1277 2500 1449 2543 constat,
1483 2494 1529 2532 de
1554 2491 1633 2533 Da-

112 2564 211 2604 vidis
236 2566 355 2618 stirpe
378 2569 607 2617 propagatus
632 2562 761 2612 suerit,
793 2570 831 2602 et
849 2577 923 2603 rex
944 2562 1154 2603 divinitatis
1176 2576 1287 2616 quam
1310 2561 1407 2600 idem
1435 2560 1550 2600 habet
1570 2573 1632 2598 ra-

114 2631 218 2671 tione
245 2632 358 2684 longe
378 2631 429 2670 sit
450 2629 613 2683 amplior
633 2635 672 2668 et
695 2636 892 2670 aeternus.
939 2628 1156 2671 Sacerdotii
1181 2643 1275 2669 vero
1299 2628 1520 2682 dignitatem
1546 2627 1631 2666 ideo

116 2698 275 2739 sortitus
298 2705 355 2738 est
379 2697 475 2751 quod
504 2704 540 2736 et
562 2696 738 2750 pontifex
760 2696 824 2747 sit,
854 2705 891 2737 et
911 2698 1129 2752 pontificum
1153 2696 1320 2736 omnium
1346 2696 1566 2735 moderator
1587 2708 1632 2733 ac

116 2766 306 2819 princeps.
369 2765 502 2818 Quare
528 2762 690 2803 lacobus
719 2764 805 2814 ille,
838 2765 899 2818 qui
921 2765 1063 2805 domiui
1094 2765 1213 2804 frater
1244 2763 1452 2817 appellatus
1475 2769 1558 2811 cst,
1595 2767 1634 2800 et

118 2830 286 2871 eiusdem
320 2832 541 2887 apostolus,
585 2831 727 2885 primus
761 2832 925 2872 omnium
953 2841 1011 2873 est
1042 2832 1243 2886 episcopus
1275 2829 1528 2879 constitutus3
1570 2828 1631 2881 qui

120 2911 202 2937 cum
232 2897 386 2954 losephi
418 2898 601 2939 naturalis
635 2905 739 2938 esset
761 2898 882 2951 filius,
916 2899 1059 2940 domini
1083 2901 1201 2938 frater
1232 2897 1279 2937 ob
1305 2897 1339 2937 id
1365 2904 1525 2937 vocatus
1556 2903 1630 2943 est,

120 2966 216 3017 quod
248 2967 285 3005 iu
317 2969 399 3007 eius
431 2966 608 3006 convictu
639 2980 683 3005 ac.
713 2968 989 3007 consuetudine
1021 2972 1258 3007 versaretur.
