2034 3267
501 171 678 204 PANARH
703 172 783 204 LlB.
804 174 826 204 Ι.
853 174 959 206 ΤΟΜ.
980 175 1018 205 Π.
1044 174 1172 205 HAER.
1195 175 1326 206 XXXI.
1595 167 1669 206 361

155 250 278 291 medio
302 251 340 290 in
364 251 448 291 loco
472 264 560 291 sese
584 252 821 292 contineant.
883 251 1094 294 Praeterea
1117 253 1280 294 Animas
1301 255 1437 295 iterum
1466 254 1537 295 hoc
1561 255 1672 294 modo

154 318 341 359 dividunt.
403 317 599 372 Quasdam
632 320 731 359 enim
766 327 900 361 natura
935 321 1078 371 bonas,
1120 322 1215 362 alias
1247 329 1382 362 natura
1413 323 1532 363 malas
1559 336 1669 363 csse:

153 385 273 425 bonas
298 387 482 427 eiusmodi
507 401 593 428 csse
617 402 712 441 quae
735 389 778 427 ad
803 388 1072 442 excipiendum
1100 403 1231 429 semen
1259 390 1422 431 idoneae
1449 391 1539 442 sint,
1574 391 1671 445 quod

154 454 274 494 malae
305 455 407 495 nullo
439 455 550 495 modo
583 462 743 510 possunt
773 456 987 510 percipere.

264 521 372 562 Haec
395 530 454 563 est
476 524 624 563 illorum
648 523 835 573 doctrina,
870 537 980 577 quam
1005 537 1129 577 neque
1154 525 1361 579 prophetae
1385 526 1668 580 praedicarunt,

154 603 276 644 neque
301 591 474 631 dominus
499 591 672 641 tradidit,
715 604 786 630 nec
812 590 972 644 apostoli
1000 591 1252 644 reliquerunt.
1314 592 1400 646 Qua
1428 595 1577 647 quidem
1602 594 1672 634 mi-

154 658 255 698 nime
276 659 414 713 scripta
438 673 489 699 ex
513 659 705 699 auditione
731 658 786 698 sic
811 665 987 712 arrepta,
1022 665 1062 698 ut
1081 659 1179 712 quod
1203 660 1239 698 in
1265 661 1468 715 proverbio
1491 669 1572 709 est,
1617 663 1673 702 fu-

155 740 240 766 nem
264 741 314 767 ex
341 741 459 767 arena
485 734 621 766 texere
646 732 855 777 conentur,
899 726 982 780 plus
1007 739 1048 766 se
1075 726 1216 766 ceteris
1241 727 1286 767 de
1313 727 1579 769 universorum
1607 744 1672 769 na-

157 801 238 835 tura
262 795 361 836 scire
381 795 609 849 gloriantur.
671 793 732 833 Ad
757 807 801 833 ea
825 807 917 833 vcro
940 807 1036 848 quae
1059 794 1226 834 diximus
1251 796 1530 850 comprobanda
1556 812 1672 851 quae-

153 863 236 903 dam
258 877 277 903 e
305 863 425 904 sacris
445 862 566 902 literis
590 862 899 911 accommodant3
933 861 1143 902 cuiusmodi
1169 869 1257 902 sunt
1280 870 1484 916 usurpatae
1508 878 1529 904 a
1552 865 1671 904 domi-

154 945 203 972 no
234 931 458 985 parabolae,
502 936 567 970 ant
598 928 843 984 propheticae
868 930 1107 980 sententiae,
1154 937 1219 970 aut
1246 932 1507 985 apostolorum
1537 933 1670 983 verba,

154 1013 201 1039 ne
241 999 423 1039 confictae
464 997 510 1037 ab
550 997 596 1036 iis
638 996 784 1037 fabulae
823 1012 981 1052 prorsus
1019 998 1241 1038 testimonio
1281 1013 1413 1039 carere
1449 999 1668 1040 videantur.

156 1065 391 1121 Quamquam
415 1064 628 1105 divinorum
651 1066 893 1106 oraculorum
916 1066 1089 1106 ordinem
1111 1067 1326 1121 seriemque
1349 1068 1594 1119 conturbant,
1628 1083 1672 1108 ae

154 1135 275 1189 quoad
297 1135 333 1174 in
356 1134 447 1188 ipsis
471 1133 584 1173 situm
608 1140 681 1183 est,
716 1134 905 1185 veritatis,
939 1141 980 1174 ut
999 1133 1054 1175 ita
1076 1134 1212 1185 dicam,
1247 1135 1415 1175 membra
1439 1137 1669 1177 dissolvunt.

151 1201 252 1243 Nam
283 1203 317 1242 in
349 1201 513 1242 alienum
541 1201 663 1241 locum
693 1201 875 1242 translata
907 1216 951 1242 ac
977 1210 1210 1243 commutata
1235 1203 1415 1258 pleraque
1447 1211 1485 1244 et
1515 1205 1587 1244 alia
1621 1219 1671 1244 ex

153 1271 234 1311 aliis
258 1271 354 1310 facta
378 1270 433 1310 sic
454 1270 675 1325 proferunt,
709 1277 749 1310 ut
772 1270 986 1311 divinarum
1010 1271 1305 1323 sententiarum,
1340 1286 1434 1326 quas
1456 1286 1672 1312 accommo-

151 1340 262 1390 dant,
295 1338 430 1378 callido
452 1338 612 1392 quodam
632 1337 916 1393 artificiosoque
940 1346 1126 1379 contextu
1146 1340 1286 1380 multos
1308 1341 1344 1380 in
1368 1354 1538 1380 errorem
1561 1341 1672 1380 indu-

151 1414 253 1447 cant.
315 1404 642 1459 Quemadmodum
667 1405 697 1445 si
726 1406 968 1461 imperatoris
989 1407 1116 1461 imago
1140 1407 1405 1463 pulcherrimis
1428 1422 1480 1448 ex
1502 1416 1672 1449 tesseru-

150 1474 195 1515 lis
226 1489 246 1514 a
272 1474 395 1529 perito
417 1474 578 1528 quodam
607 1474 751 1514 artifice
777 1474 892 1514 fuerit,
918 1475 1135 1525 elaborata,
1181 1490 1224 1515 ac
1251 1476 1460 1531 quispiam,
1507 1476 1671 1516 hominis

149 1542 271 1597 effigie
298 1542 505 1592 dissoluta,
539 1556 583 1582 ac
606 1542 848 1597 transpositis
875 1542 1060 1597 aliterque
1085 1544 1282 1584 collocatis
1307 1544 1530 1595 tesserulis,
1565 1544 1671 1585 canis

149 1618 213 1652 aut
235 1610 458 1666 vulpeculae
482 1610 647 1665 speciem
673 1611 884 1665 exprimat,
920 1625 967 1651 ne
990 1625 1073 1651 eam
1098 1612 1248 1666 quidem
1273 1619 1378 1652 recte
1403 1613 1668 1668 compositam,

150 1687 226 1719 tum
248 1680 408 1720 affirmet
429 1679 500 1718 hoc
520 1679 641 1732 ipsum
666 1692 752 1718 esse
773 1679 967 1733 egregium
990 1679 1234 1734 imperatoris
1255 1680 1498 1721 simulacrum
1520 1681 1565 1721 ab
1587 1682 1670 1721 exi-

149 1748 224 1787 mio
246 1747 391 1788 artifice
413 1746 557 1787 affabre
580 1747 733 1796 factum,
768 1747 947 1787 ostendat
967 1754 1005 1787 et
1028 1748 1111 1788 illas
1134 1748 1178 1788 ab
1203 1749 1335 1788 eodem
1358 1749 1402 1788 ad
1428 1750 1670 1790 referendam

149 1815 330 1870 principis
354 1815 510 1869 figuram
534 1821 822 1869 coagmentatas
843 1815 1075 1865 tesserulas,
1110 1830 1130 1856 a
1154 1829 1195 1856 se
1220 1830 1313 1857 vero
1340 1824 1472 1871 postea
1496 1817 1670 1858 caninam

147 1884 185 1924 in
219 1884 376 1923 formam
408 1883 635 1933 translatas,
682 1890 794 1937 atque
822 1883 1007 1923 eiusmodi
1035 1884 1309 1924 tesserularum
1333 1885 1462 1939 specie
1485 1886 1671 1941 imperitis

146 1951 300 2001 illudat,
336 1951 398 2006 qui
424 1951 602 2006 principis
627 1951 830 2004 imaginem
856 1952 1020 1992 nondum
1047 1953 1174 1992 animo
1201 1954 1469 2007 conceperint,
1513 1968 1671 2008 persua-

148 2020 310 2073 deatque
338 2034 449 2074 quam
479 2019 531 2059 illi
560 2019 689 2060 vident
714 2026 859 2072 turpem
884 2020 1009 2074 vulpis
1031 2021 1191 2074 effigiem
1215 2022 1450 2076 praeclaram
1477 2022 1578 2062 illam
1600 2022 1670 2062 im-

147 2087 337 2142 peratoris
363 2101 450 2127 esse
476 2094 660 2127 statuam:
695 2087 750 2127 sic
773 2087 836 2127 isti
861 2088 905 2127 ad
930 2089 1110 2130 ridiculas
1137 2089 1334 2144 anilesque
1361 2103 1454 2143 quas
1480 2098 1671 2131 consuunt

147 2169 268 2209 nugas
301 2162 504 2209 corrogata
535 2155 621 2195 hinc
653 2161 689 2194 et
720 2155 824 2195 illinc
855 2156 972 2196 verba
1003 2164 1041 2197 et
1068 2157 1267 2211 parabolas
1294 2157 1447 2198 trahunt
1472 2172 1516 2197 ac
1541 2159 1669 2199 divina

146 2237 333 2278 responsa
356 2223 492 2263 fabulis
516 2223 595 2263 suis
618 2223 768 2276 illigare
793 2225 1042 2265 contendunt.
1104 2224 1166 2265 Ex
1191 2225 1326 2279 quibus
1350 2239 1445 2279 quae
1466 2227 1509 2266 ad
1534 2225 1669 2267 Plero-

147 2305 206 2331 ma
234 2292 429 2346 pertinere
460 2291 637 2331 videntur
666 2291 776 2346 paulo
807 2299 895 2332 ante
926 2293 1141 2333 retulimus.

259 2357 370 2412 Quae
403 2373 495 2399 vero
528 2360 571 2399 ad
600 2373 644 2399 ea
668 2372 765 2412 quae
793 2367 902 2400 extra
922 2359 1100 2401 Pleroma
1124 2368 1214 2402 sunt
1237 2361 1359 2402 sacris
1383 2375 1433 2401 ex
1458 2361 1579 2403 literis
1603 2377 1666 2403 ac·

146 2428 402 2477 commodant,
432 2427 618 2468 eiusmodi
641 2428 720 2466 sere
742 2435 844 2467 sunt.
900 2426 1096 2470 Christum
1119 2429 1309 2469 dominum
1332 2430 1535 2484 postremis
1558 2446 1666 2471 mun-

147 2496 182 2535 di
207 2495 442 2550 temporibus
465 2494 631 2550 patiendi
655 2495 778 2548 gratia
801 2497 1007 2538 advenisse
1030 2497 1157 2538 dicunt
1173 2529 1182 2546 ,
1217 2497 1336 2537 ultimi
1366 2504 1405 2537 ut
1429 2497 1577 2538 Aeonis
1604 2512 1667 2539 ca-

146 2578 229 2604 sum
250 2578 294 2604 ac
315 2563 569 2604 calamitatem
592 2564 828 2615 ostenderet,
858 2579 901 2605 ac
921 2566 1036 2606 totius
1061 2565 1237 2606 Aeonum
1263 2566 1406 2619 negotii
1427 2565 1572 2606 exitum
1596 2580 1666 2607 suo

147 2668 294 2698 Grabium
306 2690 316 2706 ,
339 2670 366 2697 et
391 2667 451 2697 Vet-
472 2667 629 2705 Inlerytres-
973 2668 1004 2702 8.
1031 2666 1303 2706 &cuntant-aton
1320 2669 1486 2707 Ephraemi
1503 2670 1666 2700 cod.Bodl.

191 2709 221 2742 4.
242 2713 287 2743 Ιια
301 2713 389 2743 codd.
404 2713 473 2742 Ven.
488 2712 744 2751 Rhedi9.Paris.‚
760 2715 786 2742 et
803 2714 883 2745 Colb.
973 2713 1005 2745 9.
1030 2712 1182 2756 δευτέρου
1217 2715 1382 2753 Ephruemi
1410 2715 1499 2745 codd.
1523 2715 1610 2745 Bodl.
1640 2718 1666 2746 et

148 2757 321 2796 Ephraemt'.
364 2755 553 2798 μετενέγκει
573 2758 618 2787 ed.
639 2758 749 2795 princ„
772 2761 799 2788 et
817 2760 883 2790 cod.
931 2760 1014 2791 Colb.

147 2802 234 2832 Bodl.
253 2803 428 2840 Ephraemi.
476 2799 655 2843 μετενέγκῃ
681 2802 727 2832 ed.
748 2803 853 2834 Petav.
979 2804 1027 2836 10.
1051 2802 1106 2838 διά
1134 2816 1169 2837 τε
1195 2802 1350 2846 ῥημάτων
1381 2802 1438 2836 καὶ
1462 2802 1579 2843 λέξεων
1609 2803 1666 2838 καὶ

192 2847 221 2877 5.
245 2843 371 2888 ταύτης
404 2844 541 2888 φαύλως
569 2846 884 2890 κατεσκευασμένης
928 2849 1122 2894 παραβολῶν
1145 2851 1310 2889 Ephraemi
1329 2850 1418 2881 codd.
1435 2851 1523 2880 Bodl.
1540 2854 1567 2881 et
1583 2852 1664 2882 Colb.

148 2891 310 2930 Ephraemi
333 2893 421 2923 codd.
445 2893 526 2923 Colb.
550 2895 576 2922 et
596 2892 683 2922 Bodl-
976 2896 1026 2927 11.
1051 2893 1175 2927 ἑαυτῶν
1208 2895 1375 2934 Ephraemi
1405 2895 1495 2926 codd.
1519 2896 1607 2926 Bodl.
1640 2899 1666 2927 et

191 2934 221 2967 6.
244 2937 300 2969 τοῦ
325 2946 384 2968 om.
408 2937 473 2967 cod.
500 2938 569 2968 Ven.
933 2941 1016 2972 Colb.

192 2978 223 3011 7.
246 2978 372 3023 ἐκείνην
397 2978 508 3015 εἰκόνα
531 2984 620 3021 auget
644 2982 708 3013 cod.
735 2983 804 3015 Ven.
976 2985 1025 3018 12.
1050 2987 1096 3018 Ita
1119 2986 1183 3017 cod.
1207 2986 1276 3017 Ven.
1327 2987 1422 3027 Vulqo
1445 2983 1478 3019 ἐν
1501 2987 1579 3022 τοῖς.

1720 535 1798 577 Cup.

1695 581 1820 612 XXVl.

1725 2368 1803 2410 Cap.

1690 2413 1835 2445 XXVII.
