2034 3267
478 215 655 247 PANARH
681 216 761 248 [ΑΒ.
778 216 802 248 1.
825 216 930 248 ΤοΜ.
951 216 991 248 u.
1014 216 1141 248 HAER.
1157 216 1272 248 xxx.
1553 210 1632 248 257

120 291 390 346 Ephraimiquc
416 293 656 333 solitudinem
684 294 731 333 ab
757 294 849 334 urbe
875 293 1137 334 Hierichuntis
1161 296 1205 334 ad
1230 295 1411 335 montium
1437 295 1525 348 iuga
1551 303 1634 336 ten-

117 360 218 398 denti
250 360 339 399 mihi
371 361 546 400 comitem
581 375 622 400 se
654 361 802 400 itineris
829 361 1018 401 adiunxit.
1080 361 1179 401 Huic
1207 377 1279 414 ego
1303 376 1385 402 cum
1414 364 1459 402 de
1487 361 1633 403 Christi

115 427 255 466 domini
276 427 441 467 adventu
463 429 645 468 nonnulla
665 441 933 482 proponerem,
960 428 1061 467 nulla
1082 429 1118 467 in
1141 443 1183 468 re
1203 430 1506 470 contradicebat.
1546 428 1634 483 Qua

115 507 156 532 re
180 494 381 546 plurimum
404 496 628 545 admiratus,
663 494 748 548 quid
772 507 933 533 caussae
955 495 1106 533 taudem
1131 503 1236 534 esset
1256 496 1446 536 hominem
1468 498 1633 536 interro-

114 561 200 612 gavi
234 563 291 611 (et
316 570 398 600 erat
421 562 561 615 alioqui
588 561 683 614 legis
707 574 798 600 suae
822 561 990 614 peritus,
1037 575 1081 600 ac
1108 561 1320 615 disputandi
1345 577 1438 603 sane
1464 579 1539 603 uon
1564 578 1634 604 ex-

114 630 246 680 pers),
289 644 357 668 cur
383 629 535 682 inquam
563 628 651 668 mihi
681 627 773 666 nihil
798 628 1073 681 responderet,
1116 642 1160 667 ac
1188 631 1233 668 de
1262 628 1419 670 Christo
1448 629 1537 671 Iesu
1567 633 1633 671 do-

115 694 217 734 mino
250 704 382 735 nostro
414 696 502 735 mihi
532 694 782 734 consentiret.
844 694 905 733 Ad
937 708 1032 747 quae
1060 695 1113 733 illi
1139 695 1324 745 subiecit,
1367 698 1634 738 moribundum

115 775 156 800 se
181 764 407 816 quaudoque
430 777 452 802 a
477 761 628 801 Iudaeis
649 760 883 800 insusurrari
905 760 975 800 sibi
999 760 1036 800 iu
1058 774 1188 801 aurem
1212 762 1351 802 leviter
1374 765 1544 815 audisse,
1576 769 1633 804 Ie-

115 843 178 866 sns
203 832 371 868 Christus
396 830 600 880 crueg'fioeas
624 830 808 879 dez'filz'zcs
830 831 875 866 cle
898 836 932 866 te
955 830 1145 866 iudicabit.
1209 827 1286 869 Sed
1312 829 1406 869 haec
1431 831 1630 882 hacteuus,

116 897 212 948 quod
245 897 287 935 ad
317 910 396 936 rem
425 901 664 950 praesentem
696 895 850 943 attinet,
885 908 1022 934 revera
1055 902 1094 934 ut
1125 896 1343 949 accepimus
1371 897 1470 937 dicta
1501 906 1629 938 sunto.

226 963 359 1003 Redeo
383 963 455 1002 iam
480 962 526 1001 ad
550 960 770 1015 losephum.
834 960 870 1001 ls
897 976 979 1002 cum
1007 961 1045 1001 iu
1072 963 1206 1002 morbo
1232 964 1354 1003 adbuc
1379 971 1506 1014 esset,
1550 973 1587 1004 et
1612 981 1633 1006 a

116 1030 269 1069 seniore
293 1030 392 1069 inter
415 1029 485 1068 alia
511 1029 604 1068 haec
627 1042 722 1081 quae
745 1028 911 1069 diximus
934 1030 1170 1080 inaudissct,
1212 1033 1316 1069 Iesus
1341 1034 1511 1070 Christus
1533 1036 1577 1071 de
1601 1042 1635 1071 te

117 1099 313 1143 iudicabit,
360 1096 525 1135 animum
557 1095 801 1135 nihilominus
827 1096 1063 1136 obfirmabat.
1126 1095 1248 1151 igitur
1275 1099 1451 1138 domiuus
1484 1114 1550 1153 pro
1575 1101 1633 1140 iu-

115 1165 219 1217 genti
250 1177 316 1203 sua
347 1176 438 1215 erga
466 1163 638 1202 homines
666 1162 932 1204 misericordia
957 1164 1095 1203 iterum
1121 1165 1155 1204 ei
1180 1179 1222 1204 se
1249 1165 1285 1205 in
1311 1167 1456 1206 somnis
1483 1167 1629 1217 obiicit,

120 1235 246 1283 Teque,
276 1230 341 1280 ait,
366 1233 523 1268 sanitati
539 1233 717 1269 restituo:
749 1245 864 1281 surge
887 1234 990 1270 modo
1014 1240 1051 1270 et
1069 1247 1167 1271 nunc
1187 1235 1327 1272 demum
1349 1237 1503 1273 credito.
1554 1234 1632 1275 Ve-

115 1312 193 1338 rum
217 1297 279 1337 ubi
301 1297 510 1348 convaluit,
544 1311 592 1337 ne
615 1304 691 1336 tum
712 1298 861 1351 quidem
884 1299 1057 1338 credidit.
1120 1297 1264 1339 lterum
1288 1314 1381 1353 ergo
1403 1310 1630 1356 recuperata

88 1360 185 1405 ¹iam
209 1364 370 1404 sanitate
400 1378 468 1419 per
492 1366 617 1404 visum
645 1364 677 1404 ei
704 1365 877 1405 dominus
905 1366 1089 1417 offertur,
1131 1373 1170 1406 et
1194 1367 1292 1420 quod
1318 1369 1483 1408 nondum
1507 1371 1630 1409 credi-

111 1432 228 1471 disset
253 1439 425 1472 accusat.
488 1430 581 1472 Inde
606 1431 836 1485 amplissima
861 1434 1042 1486 quaedam
1070 1433 1296 1488 promittens
1321 1436 1376 1475 sic
1401 1436 1628 1489 alloquitur:

117 1502 165 1538 Ut
183 1500 262 1546 tibi,
297 1499 418 1553 inquit
432 1531 442 1550 ,
475 1503 519 1538 de
538 1502 733 1550 relegionis*
753 1514 852 1538 meae
860 1502 945 1551 fide
965 1509 1126 1548 constet,
1160 1505 1198 1540 .ςί
1215 1505 1313 1553 quod
1334 1506 1371 1541 in
1391 1507 1535 1542 nomine
1554 1519 1629 1543 meo

107 1569 319 1618 prodigium
341 1568 490 1620 efficere
512 1570 685 1614 volueris,
720 1570 892 1618 meipsum
912 1570 1053 1615 invoca,
1087 1583 1155 1619 ego
1178 1571 1248 1608 tibi
1258 1572 1470 1620 praeslabo.
1535 1570 1630 1611 Erat

110 1634 147 1673 in
168 1634 261 1674 urbe
285 1633 492 1674 Tiberiade
515 1635 682 1674 furiosus
704 1634 868 1687 quidam,
902 1635 1002 1674 nudo
1024 1649 1186 1689 corpore
1209 1636 1533 1688 circumcursans,
1567 1640 1630 1692 qui

109 1715 194 1740 cum
219 1702 372 1756 saepius
394 1701 638 1750 indueretur,
673 1708 713 1741 ut
735 1701 921 1741 eiusmodi
946 1701 1138 1742 hominum
1163 1717 1245 1743 mos
1271 1711 1352 1754 est,
1386 1713 1515 1745 vestes
1539 1720 1629 1746 suas

110 1768 316 1808 lacerabat.
360 1766 402 1808 ln
423 1782 468 1808 eo
490 1767 677 1822 losephus
697 1782 795 1821 quae
814 1782 882 1822 per
901 1768 1024 1810 visum
1043 1777 1245 1824 acceperat
1266 1770 1438 1824 experiri
1456 1773 1629 1826 gestiens

110 1836 281 1876 dubitare
315 1842 440 1875 tamen
467 1835 661 1885 nonnihil,
706 1850 750 1875 ac
776 1836 918 1889 pudore
945 1837 1149 1877 retardari.
1212 1835 1450 1879 Confirmato
1477 1841 1627 1880 taudem

109 1903 234 1942 animo
265 1903 365 1942 intra
396 1903 513 1943 aedes
543 1903 716 1952 adducit,
757 1909 795 1942 et
817 1903 982 1944 occlusis
1007 1904 1154 1945 foribus
1176 1919 1313 1958 aquam
1339 1906 1513 1947 manibus
1537 1907 1629 1948 hau-

108 1970 235 2020 riens,
280 1977 318 2010 et
343 1977 534 2010 amentem
557 1969 660 2010 illum
689 1984 803 2010 cruce
828 1971 1093 2025 consignatum
1119 1986 1354 2027 aspergens,
1397 1977 1440 2013 In
1465 1978 1622 2022 nomine,

108 2037 245 2091 iuquit,
277 2041 362 2076 Iesu
384 2040 583 2076 Nazarem'
599 2039 778 2088 creceffioez‘
795 2041 869 2085 exi,
903 2041 1068 2087 daemon,
1101 2041 1147 2078 ab
1167 2043 1235 2079 lzoe
1255 2043 1411 2088 homine,
1446 2045 1548 2093 isque
1565 2057 1626 2081 sa-

107 2119 175 2143 nus
194 2113 283 2143 esto.
341 2104 404 2144 Ad
423 2104 517 2144 haec
539 2104 603 2144 ille
625 2103 842 2145 vociferans
865 2112 903 2145 et
922 2105 1023 2145 humi
1047 2108 1317 2160 procumbens,
1351 2115 1464 2162 atque
1486 2123 1537 2149 ex
1558 2124 1625 2150 ore

107 2186 260 2226 spumas
281 2185 400 2225 agens
419 2185 582 2225 seseque
604 2171 790 2212 dilanians
811 2171 873 2212 diu
895 2174 1104 2227 permansit
1122 2174 1342 2224 immobilis,
1372 2182 1412 2214 ut
1433 2183 1623 2216 mortuum

108 2239 183 2278 iam
203 2253 290 2279 esse
308 2237 494 2293 Iosephus
513 2239 704 2289 crederet,
730 2239 850 2279 donec
868 2239 1070 2281 interiecto
1090 2241 1207 2281 horae
1227 2243 1351 2297 spatio
1371 2242 1514 2283 vultum
1538 2257 1623 2297 per-

108 2306 249 2346 fricans
273 2307 460 2347 surrexit.
523 2305 623 2346 Tum
648 2319 690 2346 se
718 2307 856 2346 nudum
882 2308 1192 2349 animadvertens
1218 2309 1412 2349 occultare
1438 2323 1482 2349 ac
1502 2311 1622 2350 mani-

106 2372 176 2413 bus
198 2373 371 2427 pudenda
392 2381 619 2428 protegere,
654 2386 699 2412 eo
724 2387 766 2413 se
788 2373 915 2415 habitu
936 2376 1110 2430 corporis
1131 2389 1218 2416 esse
1242 2375 1474 2430 permoleste
1500 2378 1617 2418 ferre.

108 2438 283 2494 Denique
307 2448 416 2481 veste
439 2441 486 2480 ab
509 2440 673 2494 losepho
697 2454 749 2480 ex
770 2440 817 2481 iis
839 2456 996 2495 quarum
1020 2443 1130 2497 copia
1153 2450 1237 2483 erat
1257 2443 1420 2494 iniecta,
1464 2444 1535 2484 sibi
1560 2459 1620 2485 re-

106 2507 259 2548 stitutus
280 2508 483 2561 animoque
505 2508 738 2561 compositus
761 2522 915 2563 magnas
931 2509 984 2549 illi
1006 2511 1213 2550 secundum
1233 2513 1337 2549 deum
1357 2511 1501 2562 gratias
1523 2512 1616 2566 egit,

107 2575 214 2614 cuius
239 2588 282 2614 se
307 2575 494 2615 beneficio
522 2574 722 2614 liberatum
748 2584 999 2628 agnosceret,
1043 2578 1280 2630 eundemque
1307 2584 1386 2617 tota
1415 2578 1509 2618 urbe
1534 2593 1618 2632 per-

106 2641 290 2695 vulgavit.
352 2641 411 2681 lta
435 2640 660 2682 ludaeorum
682 2642 848 2682 omnium
868 2643 930 2697 qui
948 2644 1034 2684 istic
1056 2652 1168 2684 erant
1185 2658 1299 2684 aures
1323 2644 1494 2685 miraculi
1516 2645 1617 2686 illius

108 2709 205 2748 sama
230 2709 414 2763 pervasit.
476 2708 541 2748 Ex
567 2723 640 2762 quo
667 2723 797 2749 rumor
819 2709 955 2764 ingens
978 2711 1236 2765 percrebruit,
1268 2712 1320 2752 ita
1342 2712 1416 2752 illis
1441 2712 1616 2753 iactanti-

108 2773 200 2815 bus:
235 2774 420 2830 Iosephus
443 2783 575 2830 aperto
595 2777 870 2831 gazophylacio
891 2779 1073 2833 scriptum
1098 2778 1158 2818 dei
1186 2792 1323 2818 nomen
1345 2778 1516 2830 invenit,
1549 2794 1616 2820 eo-

110 2855 181 2893 que
206 2842 303 2882 lecto
329 2843 485 2883 mirifica
509 2850 682 2897 portenta
707 2857 751 2883 ac
773 2845 943 2898 prodigia
965 2846 1067 2886 facit.
1128 2845 1265 2899 Neque
1290 2846 1385 2887 falso
1410 2847 1483 2888 ista
1507 2848 1615 2888 diffe-

110 2907 303 2960 rebantur,
331 2911 401 2950 etsi
422 2924 496 2950 nou
517 2924 563 2950 eo
583 2924 656 2964 quo
674 2910 727 2950 illi
747 2912 1036 2966 suspicabantur
1051 2913 1162 2953 modo
1185 2914 1440 2968 contigerant.
1490 2913 1615 2955 luter-

152 2995 182 3028 3.
208 2995 342 3038 ἔκρυπτε
365 3001 431 3030 cod.
457 3002 550 3033 Vatic.
596 2998 719 3042 ἔκρυψε
741 3002 807 3033 cod.
828 3003 954 3042 Rhediq.
976 3007 1003 3034 et
1025 3005 1098 3035 editi
1119 3005 1197 3035 libri.

177 3049 289 3086 Corpus
306 3052 480 3081 Haereseol.
499 3053 536 3081 11.
1296 3065 1346 3101 17

1660 978 1736 1020 Cap.
1759 981 1801 1010 X.

1647 1990 1705 2016 Act.
1725 1991 1750 2024 d,
1772 1991 1810 2017 10.
