2034 3267
461 228 636 261 PANAau
661 229 741 261 Lm.
759 231 784 261 1.
808 231 913 263 ΤοΜ.
934 231 974 262 11.
1000 231 1270 264 HAER.XXV1.
1553 226 1630 265 169

112 322 194 349 rum
227 307 263 347 in
292 321 386 361 agro
410 307 738 361 virgultorumque
769 308 998 349 desiccatam
1030 310 1247 364 congeriem
1280 317 1317 350 et
1343 311 1387 350 ad
1411 310 1628 352 incendium

110 382 371 430 praeparatam
398 375 435 414 iu
464 374 626 414 medium
652 376 865 428 proferam,
906 390 952 415 eo
978 378 1073 429 quod
1100 377 1231 417 eadem
1259 377 1323 417 illa
1349 379 1482 432 perditi
1509 378 1629 419 Nico-

112 442 161 482 lai
187 449 316 492 secta,
350 449 528 495 tanquam
553 441 734 481 insitione
759 442 941 494 quadam,
976 444 1036 482 vel
1062 444 1185 496 potius
1214 445 1263 483 uti
1291 446 1395 485 ferae
1419 446 1561 486 scabiei
1585 461 1629 487 ac

110 509 240 563 leprae
276 509 502 562 contagione
534 508 604 548 alia
638 521 687 547 ex
721 506 805 547 aliis
836 522 1019 562 corpora,
1062 510 1117 549 sic
1145 511 1336 551 hominum
1364 519 1559 553 tentantur
1583 528 1627 554 ac

111 583 405 630 corrumpuntur
426 575 556 615 animi.
603 573 687 614 Hoc
708 573 833 626 itaque
858 575 967 614 modo
991 590 1074 615 cum
1097 578 1294 630 superiore
1319 579 1466 619 haeresi
1489 580 1627 620 cohae-

110 657 201 684 rens
228 657 279 683 ex
301 643 425 696 aliqua
450 649 570 696 parte,
604 640 664 694 qui
689 654 708 679 a
730 639 896 680 Nicolao
918 641 999 695 ipso
1025 642 1182 696 eiusque
1205 647 1531 697 antecessoribus,
1566 645 1630 688 Si-

111 725 224 751 mone
252 724 294 750 ac
321 710 507 759 caeteris,
541 707 784 747 occasionem
809 708 910 746 nacti
934 706 1109 748 Gnostici
1134 710 1402 762 nominantur,
1434 713 1630 766 κατάγνω-

115 790 196 817 στοι
220 778 290 817 hoc
314 784 373 817 est
394 774 592 816 damnandi
615 774 789 827 penitus,
823 781 979 828 propter
1003 775 1249 829 impurissimi
1270 778 1399 831 flagitii
1423 781 1520 832 quod
1543 795 1629 834 per-

112 853 265 899 petrare
291 844 415 884 solent
440 841 709 895 turpitudinem
740 854 785 880 ac
809 841 1031 894 nequitiam.
1094 840 1352 895 Quamobrem
1381 859 1462 884 cum
1490 861 1558 887 nos
1583 848 1628 888 il-

111 913 187 952 lum
211 912 392 951 hactenus
414 907 672 947 continentiae
694 907 739 946 ad
765 907 884 947 breve
908 915 1054 962 tempus
1079 909 1279 960 cultorem,
1313 925 1357 950 ac
1380 912 1538 952 subinde
1563 915 1627 954 de-

112 986 322 1027 sertorem,
357 982 395 1015 et
416 974 595 1028 hydropis
616 973 777 1013 similem
800 975 916 1028 (quod
935 976 1125 1029 serpentis
1147 990 1269 1029 genus
1292 991 1342 1017 ex
1362 978 1470 1032 aquis
1490 979 1528 1019 in
1553 988 1628 1020 ter-

114 1060 194 1085 ram
224 1043 404 1095 emergit,
449 1048 486 1080 et
516 1041 649 1081 eodem
679 1048 812 1094 postea
842 1055 884 1081 se
915 1043 1067 1096 recipit)
1098 1044 1269 1094 calamo,
1314 1045 1374 1098 qui
1403 1043 1558 1086 Christo
1590 1048 1629 1087 iu

113 1127 262 1152 manum
287 1107 441 1150 traditus
465 1114 548 1158 est,
591 1122 814 1162 percussum
840 1110 1143 1162 confecerimus,
1185 1110 1351 1165 reliquas
1377 1113 1422 1152 ad
1447 1113 1627 1154 haereses

112 1179 317 1219 orationem
349 1182 519 1215 nostram
550 1175 874 1229 promovebimus.

363 1334 811 1383 ADVERSUS
869 1334 1365 1398 GNOSTIGOS‚

432 1429 538 1473 quae
567 1418 633 1460 est
659 1413 851 1460 haeresis
873 1414 978 1473 VI.‚
1012 1415 1104 1462 sive
1131 1415 1297 1464 XXVI.

214 1512 386 1553 Rursum
411 1511 587 1553 Gnostici
618 1512 680 1552 isti
709 1513 816 1553 varie
847 1513 892 1553 ab
922 1513 986 1553 illo
1014 1516 1211 1569 propagati
1241 1517 1279 1556 in
1305 1517 1442 1557 mundo
1467 1518 1626 1572 pullula-

106 1589 210 1631 runt,
245 1580 417 1621 homines
443 1580 638 1620 erroribus
662 1581 857 1634 implicati,
892 1596 934 1622 ac
957 1582 1062 1621 velut
1084 1596 1136 1622 ex
1160 1584 1412 1624 amaritudine
1436 1587 1625 1639 procreati

107 1651 277 1699 fructus,
311 1648 623 1702 quemadmodum
645 1648 765 1688 cuivis
788 1649 1030 1703 perspicuum
1055 1658 1128 1700 est,
1163 1658 1200 1690 et
1223 1652 1267 1691 ad
1293 1652 1464 1692 veritatis
1489 1654 1626 1707 proba-

105 1717 248 1757 tionem
278 1730 353 1755 nou
383 1716 505 1755 solum
537 1730 559 1755 a
590 1715 790 1765 fidelibus,
834 1717 901 1755 sed
934 1717 1046 1757 etiam
1074 1717 1120 1757 ab
1148 1718 1365 1759 infidelibus
1391 1719 1624 1773 deprehendi

106 1784 208 1824 nullo
229 1782 383 1837 negotio
409 1789 549 1837 potest.
610 1781 765 1822 Etenim
789 1783 965 1833 vulvam,
998 1798 1042 1824 ac
1070 1785 1362 1838 turpitudinem,
1396 1794 1624 1841 caeteraque

104 1851 140 1891 id
169 1864 290 1904 genus
321 1850 359 1890 iu
389 1864 569 1890 sermone
600 1850 768 1900 iactare,
812 1864 939 1890 nonne
970 1850 1167 1892 ridiculum
1197 1853 1419 1893 mortalibus
1450 1854 1624 1895 omnibus

108 1916 269 1958 Graecis
298 1917 454 1972 perinde
481 1931 524 1957 ac
550 1917 745 1967 barbaris,
779 1916 1012 1971 sapientibus
1041 1919 1383 1974 insipientibusque
1408 1921 1626 1962 videbitur?

109 1984 184 2026 Sed
213 1985 305 2025 haec
331 1999 467 2039 magna
492 1999 648 2039 prorsus
671 1984 886 2034 calamitas,
920 1999 964 2025 ac
988 1986 1218 2037 vehemens,
1252 1995 1292 2027 ut
1312 1987 1365 2029 ita
1391 1989 1533 2039 dicam,
1566 1990 1625 2030 iu-

107 2052 266 2092 felicitas
299 2059 380 2102 est,
423 2053 622 2092 damnatos
654 2052 764 2101 illos,
809 2059 846 2091 et
871 2066 1004 2093 errore
1032 2055 1211 2109 deceptos
1236 2063 1427 2096 sectarum
1453 2057 1622 2097 artifices

104 2119 255 2159 incitari
288 2127 421 2160 contra
451 2134 520 2160 nos
554 2127 665 2173 atque
692 2118 916 2172 insurgere,
958 2122 1064 2161 velut
1092 2123 1223 2162 foedas
1252 2124 1431 2176 quasdam
1459 2124 1620 2175 bestias,

106 2201 201 2241 quae
222 2187 433 2227 molestiam
456 2188 565 2227 nobis
588 2201 631 2226 ac
656 2188 839 2226 foetorem
861 2195 897 2226 et
919 2189 1101 2242 pruritum
1122 2190 1299 2230 confictis
1321 2191 1394 2230 illis
1416 2191 1494 2231 suis
1515 2205 1622 2231 men-

105 2254 224 2294 daciis
255 2255 432 2295 afferant.
492 2254 599 2308 Ergo
630 2255 693 2294 isti
721 2269 805 2296 cum
835 2253 1000 2297 Nicolao
1032 2256 1248 2307 coniuncti,
1292 2265 1330 2297 et
1360 2257 1406 2298 ab
1438 2272 1484 2298 eo
1515 2259 1621 2298 velut

104 2322 367 2363 subventaneo
392 2323 581 2376 serpentis
605 2337 678 2362 ovo
705 2323 843 2378 scorpii
869 2324 951 2364 sive
979 2324 1170 2378 aspidibus
1194 2325 1391 2378 prognati,
1435 2327 1619 2379 quaedam

105 2389 215 2429 nobis
238 2389 404 2429 inaniter
427 2389 603 2429 sonantia
627 2390 779 2430 nomina
805 2391 998 2445 librosque
1022 2391 1226 2431 commenti
1251 2399 1361 2441 sunt,
1394 2392 1499 2432 velut
1520 2394 1621 2433 inter

105 2464 280 2497 caeteros
311 2471 420 2511 quem
452 2456 614 2496 Noriam
647 2458 857 2511 appellant,
899 2467 1012 2513 atque
1039 2473 1088 2499 ex
1118 2458 1395 2512 superstitiosis
1423 2460 1620 2513 gentilium

106 2524 347 2578 opinionibus
371 2524 619 2564 conformatis
640 2525 685 2563 ad
706 2525 918 2566 institutum
941 2540 1051 2566 suum
1073 2526 1183 2580 nugis
1204 2526 1277 2566 illis
1296 2539 1340 2565 ac
1362 2526 1497 2567 fabulis
1517 2527 1622 2567 veri-

104 2591 172 2631 tati
202 2592 437 2632 mendacium
466 2591 691 2631 admiscent.
754 2590 902 2648 Quippe
927 2593 1092 2634 Noriam
1116 2594 1226 2633 istam
1251 2592 1394 2633 Noemi
1419 2594 1620 2647 coniugem

105 2658 261 2699 faciunt.
324 2657 448 2711 Quam
471 2658 613 2698 idcirco
635 2657 797 2699 Noriam
820 2668 980 2713 vocant,
1013 2668 1053 2700 ut
1076 2674 1172 2714 quae
1194 2674 1213 2699 a
1237 2661 1441 2714 gentilibus
1465 2661 1621 2701 concin-

106 2732 190 2765 nata
213 2734 301 2766 sunt
325 2726 496 2766 barbaris
520 2725 678 2766 vocibus
701 2726 983 2769 dissimulantes
1007 2728 1276 2768 circumventis
1297 2742 1317 2768 a
1339 2742 1380 2768 se
1404 2728 1619 2770 hominibus

108 2792 253 2833 facilius
274 2794 455 2844 illudant,
489 2807 562 2846 quo
589 2793 736 2846 quidem
759 2802 891 2848 pacto,
924 2803 965 2836 ut
989 2795 1160 2850 Pyrrhae
1181 2795 1407 2835 vocabulum
1430 2795 1619 2850 iuterpre-

109 2860 218 2899 tando
240 2861 467 2910 redderent,
499 2859 646 2900 Noriae
672 2861 960 2915 appellationem
982 2862 1214 2903 indiderunt.
1275 2861 1376 2902 Nam
1402 2877 1485 2903 cum
1507 2862 1618 2903 Nura

108 2927 200 2978 apud
227 2926 428 2968 Hebraeos
451 2927 600 2982 ignem,
644 2943 718 2968 uon
747 2929 809 2969 illa
842 2930 990 2984 quidem
1017 2929 1227 2971 secretiore
1254 2929 1405 2984 lingua,
1451 2931 1517 2970 sed
1543 2929 1617 2983 Sy-

1652 1524 1729 1567 Cap.
1755 1525 1780 1555 1.
