2034 3267
481 189 657 220 PANAmi
684 189 764 221 Liss.
788 192 809 221 i.
833 191 939 222 ToM.
963 191 1000 222 n.
1026 190 1155 222 mnu.
1178 191 1310 222 xxxi.
1580 184 1658 223 353

130 275 265 322 suopte
294 274 385 307 nutu
407 268 655 322 propenderit
685 270 891 323 proticisci.
955 269 1067 324 Quod
1093 277 1219 310 autem
1243 269 1416 325 spiritale
1442 270 1492 310 sit
1514 269 1658 311 idcirco

128 336 246 385 mitti,
293 343 331 375 ut
362 336 421 376 hic
447 350 532 376 cum
559 336 726 377 Auimali
756 337 971 392 copulatum
1002 353 1085 378 cum
1112 352 1234 391 eoque
1263 337 1298 377 in
1327 339 1481 379 vivendi
1507 337 1656 379 ratione

127 403 271 457 pariter
295 404 483 444 eruditum
512 404 600 457 tingi
628 405 861 458 formarique
884 405 1019 459 possit.
1083 406 1212 459 Atque
1239 405 1336 446 hunc
1363 407 1512 446 demum
1536 407 1654 447 salem

126 472 228 511 illum
253 485 297 511 ac
322 470 456 512 Mundi
480 472 603 512 lucem
629 485 715 513 esse
740 472 929 522 dictitant,
965 473 1008 512 de
1033 473 1168 526 quibus
1192 472 1404 526 Evangelia
1430 474 1649 528 loquuntur.
1666 482 1854 520 Maeih.5,13.

125 537 280 579 Etenim
310 540 472 580 animale
500 547 664 580 externa
688 554 870 579 sensuum
899 540 1098 594 disciplina
1127 554 1220 594 opus
1247 540 1390 581 habuit.
1454 541 1578 595 Quam
1606 543 1653 583 ob

124 621 299 647 caussam
330 615 368 648 et
392 606 578 648 Mundum
608 607 832 647 fabricatum
858 621 945 646 esse
970 607 1227 657 contendunt,
1262 615 1376 662 atque
1403 609 1448 648 ad
1474 610 1653 650 Animale

124 674 248 725 istud,
293 676 597 729 quandoquidem
623 675 800 715 libertate
826 674 1039 728 praeditum
1069 681 1150 724 est,
1193 689 1267 728 quo
1293 676 1325 714 ci
1351 676 1512 716 salutem
1538 678 1653 718 affer-

122 749 205 793 ret,
242 741 484 783 salvatorem
512 757 599 783 esse
622 743 832 796 delapsum.
894 741 996 782 Nam
1022 755 1179 792 eorum,
1214 756 1309 795 quae
1332 756 1492 784 servare
1517 745 1650 785 decre-

121 818 247 861 verat,
281 812 447 851 omnium
470 811 506 850 in
531 824 617 850 sese
640 811 767 849 ferunt
787 809 888 849 illum
912 809 1092 850 habuisse
1113 810 1314 864 primitias,
1344 818 1433 864 puta
1455 811 1500 851 ab
1523 812 1651 853 Acha-

121 878 227 918 moth
256 880 453 933 spiritum,
496 877 713 917 Animalem
740 891 761 916 a
787 874 1001 917 Conditore
1027 876 1222 918 Christum
1253 892 1297 918 ac
1324 878 1530 919 functionis
1557 893 1649 920 suae

123 946 446 987 administrandae
480 945 604 999 gratia
636 959 775 1000 corpus
806 945 961 985 animali
993 953 1127 985 natura
1160 953 1343 986 constans
1374 946 1566 997 induisse,
1612 956 1650 988 et

123 1015 272 1068 quidem
304 1013 514 1054 incredibili
545 1013 705 1066 quadam
738 1019 820 1053 arte
852 1013 906 1053 sic
933 1013 1195 1065 elaboratum,
1238 1021 1279 1054 ut
1303 1013 1449 1065 videri,
1495 1022 1649 1056 contre-

122 1083 215 1122 ctari
242 1083 391 1137 patique
419 1088 565 1136 posset.
628 1079 759 1133 Quare
785 1080 877 1120 nihil
901 1082 1022 1121 eidem
1048 1096 1132 1121 cum
1157 1082 1318 1122 materia
1340 1082 1457 1122 fuisse
1479 1097 1649 1124 commu-

120 1165 190 1200 ne,
233 1150 368 1204 quippe
394 1163 478 1188 cum
509 1149 668 1189 materia
695 1150 990 1203 consequendae
1016 1150 1129 1190 saluti
1152 1164 1391 1204 nequaquam
1415 1151 1552 1191 idonea
1579 1151 1644 1192 sit.

121 1216 327 1258 Praeterea
352 1223 427 1257 tum
452 1230 580 1256 rerum
605 1217 771 1257 omnium
796 1218 908 1257 finem
934 1225 1046 1272 atque
1068 1218 1214 1258 exitum
1240 1220 1337 1268 fore,
1367 1233 1450 1258 cum
1468 1219 1645 1273 quicquid

117 1284 286 1339 spiritale
310 1291 393 1335 est,
426 1284 461 1324 id
486 1291 544 1324 est
564 1284 757 1339 spiritales
780 1285 977 1336 homines,
1012 1286 1075 1340 qui
1101 1288 1311 1340 perfectam
1337 1287 1382 1327 de
1406 1285 1492 1327 Deo
1517 1288 1644 1328 scien-

118 1353 206 1392 tiam
233 1352 394 1402 habent,
430 1360 467 1392 et
491 1352 536 1392 ab
563 1353 779 1393 Achamoth
803 1353 1000 1407 mysteriis
1023 1354 1158 1393 initiati
1184 1361 1287 1394 sunt.
1350 1351 1577 1395 Cuiusmodi
1600 1370 1642 1396 se

116 1434 201 1461 esse
224 1419 329 1474 ipsos
349 1427 543 1460 asserunt.
599 1420 752 1460 Etenim
776 1421 961 1461 animales
985 1421 1157 1462 homines
1178 1422 1332 1462 animali
1352 1423 1512 1477 quadam
1531 1423 1645 1464 disci-

115 1488 214 1543 plina
235 1488 430 1529 institutos
453 1502 555 1538 esse,
588 1489 649 1542 qui
671 1489 820 1543 quidem
840 1489 1020 1544 operibus
1041 1504 1084 1529 ac
1105 1490 1266 1544 simplici
1289 1490 1359 1530 fide
1380 1490 1641 1542 stabiliuntur,

116 1570 240 1610 neque
266 1558 474 1611 perfectam
502 1556 700 1597 scientiam
726 1557 852 1611 adepti
876 1565 978 1597 sunt.
1043 1556 1244 1597 Eiusmodi
1267 1572 1337 1598 nos
1364 1572 1474 1609 esse,
1518 1559 1580 1613 qui
1603 1559 1642 1599 iu

114 1622 317 1665 Ecclesiae
349 1639 468 1679 grege
501 1638 771 1675 numeramur,
815 1625 978 1680 ideoque
1011 1633 1116 1666 recte
1149 1626 1259 1666 factis
1288 1640 1383 1680 opus
1416 1640 1502 1666 esse
1531 1626 1640 1667 uobis

115 1692 360 1748 praedicant,
408 1707 531 1746 neque
560 1693 670 1733 aliter
698 1707 811 1747 posse
840 1708 909 1733 nos
936 1693 1098 1734 salutem
1125 1693 1322 1734 obtinere:
1370 1707 1412 1734 se
1441 1708 1535 1734 vero
1564 1709 1640 1734 non

117 1760 227 1801 ullius
251 1761 413 1801 actionis
436 1761 647 1810 beneficio,
681 1762 747 1801 sed
770 1763 867 1815 quod
891 1769 1028 1802 natura
1049 1761 1242 1816 spiritales
1264 1761 1365 1811 sint,
1399 1762 1555 1802 omnino
1579 1776 1641 1802 sa-

114 1827 204 1869 lutis
236 1835 433 1883 compotes
467 1829 548 1869 fore
581 1829 789 1869 confidunt.
849 1828 953 1870 Num
981 1829 1032 1869 uti
1059 1830 1158 1883 quod
1187 1837 1384 1869 terrenum
1407 1837 1468 1870 est
1491 1830 1641 1871 servari

115 1896 216 1936 nullo
241 1897 352 1937 modo
375 1903 522 1951 potest,
557 1910 680 1950 neque
704 1904 839 1937 natura
862 1897 907 1936 ad
930 1897 964 1937 id
986 1897 1164 1938 idoneum
1189 1904 1268 1948 est,
1302 1898 1359 1938 sic
1385 1904 1518 1938 eontra
1541 1898 1641 1953 quod

117 1972 175 2005 est
197 1964 385 2019 spiritale,
420 1964 631 2005 cuiusmodi
654 1978 696 2005 se
719 1979 808 2006 esse
828 1965 976 2015 volunt,
1011 1973 1214 2020 utcumque
1237 1979 1326 2006 sese
1345 1967 1528 2020 gesserit,
1553 1980 1639 2007 cor-

114 2032 238 2088 rumpi
266 2047 504 2087 nequaquam
531 2046 661 2087 posse⁴
723 2033 783 2072 Ac
812 2034 1126 2087 quemadmodum
1153 2048 1286 2074 aurum
1315 2033 1354 2073 in
1383 2048 1544 2075 coenum
1573 2035 1639 2075 ab·

112 2101 252 2142 iectum
279 2101 596 2156 pulchritudinem
622 2115 700 2150 non,
726 2101 885 2151 amittit,
931 2102 997 2142 sed
1022 2102 1118 2142 citra
1144 2102 1257 2142 ullam
1283 2102 1433 2142 decoris
1459 2102 1637 2142 iniuriam

113 2177 286 2210 naturam
309 2169 464 2219 retinet,
498 2169 550 2208 ita
573 2168 803 2223 semetipsos
828 2177 1019 2221 asserunt,
1053 2170 1204 2210 tametsi
1233 2169 1430 2224 quibusvis
1457 2170 1496 2209 in
1519 2170 1637 2210 actio-

112 2237 247 2288 nibus,
291 2237 463 2291 adeoque
495 2237 687 2276 concretis
718 2251 800 2277 cum
832 2238 1014 2288 materia,
1058 2244 1287 2288 versentur,
1331 2237 1473 2277 nullum
1506 2252 1557 2277 cx
1589 2251 1635 2277 eo

114 2306 382 2346 detrimentum
411 2318 569 2359 capere,
604 2318 725 2358 neque
753 2305 960 2359 spiritalem
989 2305 1239 2346 substantiam
1267 2318 1380 2359 posse
1408 2305 1584 2359 perdere.

220 2372 417 2427 Quocirca
445 2372 507 2427 qni
540 2372 639 2412 inter
665 2372 750 2412 illos
777 2374 1046 2427 perfectissimi
1074 2379 1307 2422 censentur,
1349 2373 1478 2413 illicita
1505 2373 1632 2413 onmia
1682 2381 1758 2423 Cap.

113 2440 337 2495 legibusque
359 2441 480 2482 vetita
499 2440 660 2480 licenter
681 2447 916 2495 perpetrant,
951 2442 995 2482 de
1019 2442 1154 2496 quibus
1175 2441 1309 2481 literae
1331 2454 1465 2481 sacrae
1490 2447 1633 2481 testan-
1657 2427 1784 2459 xxm·

111 2515 196 2549 tur:
243 2511 317 2560 Qui
336 2511 516 2547 eiusmodi
536 2511 781 2556 committant,
823 2511 869 2548 ab
895 2512 1097 2549 hereditate
1120 2512 1233 2561 regni
1253 2511 1419 2548 coelestis
1444 2511 1628 2548 eaect’dere.
1649 2521 1748 2549 Galat.
1759 2521 1837 2556 5,21.

112 2573 235 2630 Igitur
258 2584 297 2617 et
320 2590 416 2631 quae
439 2576 550 2616 idolis
575 2576 770 2616 immolata
793 2584 882 2617 suut
905 2578 1008 2618 nullo
1029 2577 1248 2618 discrimine
1272 2576 1489 2626 comedunt,
1524 2575 1635 2617 nihil-

111 2658 182 2697 que
207 2658 257 2685 ex
281 2658 325 2685 ea
345 2658 386 2685 re
411 2643 652 2698 contagionis
675 2644 720 2684 ad
742 2658 829 2685 sese
850 2645 1017 2686 derivari
1040 2652 1195 2701 putant,
1230 2651 1267 2685 et
1290 2645 1335 2684 ad
1361 2644 1486 2685 omnia
1509 2645 1634 2698 genti-

157 2767 206 2801 10.
234 2767 384 2803 δεκτικὸν
408 2768 553 2812 λέγουσιν
582 2764 676 2801 αὐτοὶ
698 2770 764 2800 cod.
782 2771 850 2801 Veri.
894 2773 1006 2810 princ„
1028 2772 1164 2811 primum
1182 2771 1327 2802 petavius
1348 2778 1386 2801 ex
1406 2770 1473 2801 cod.
1489 2771 1635 2802 Vaticano

156 2813 206 2845 11.
230 2809 250 2848 δ’
276 2810 371 2848 αὐτοὶ
395 2811 478 2847 εἶναι
502 2813 650 2847 ἓτέλουσω
674 2816 790 2845 restitui
814 2824 852 2846 ex
896 2817 1019 2847 adiecit.

116 2859 175 2888 Vet.
196 2860 379 2899 Interprete,
403 2863 430 2892 et
449 2861 514 2891 cod.
533 2861 624 2898 Ven.‚
647 2861 699 2898 qui
717 2859 804 2890 habet
823 2859 852 2892 οἱ
943 2860 1018 2893 CAP.
1037 2861 1168 2892 XXIII.
1191 2876 1235 2883 —
1265 2858 1294 2891 1.
1323 2858 1544 2902 προειρημένα
1566 2860 1634 2892 cod.

112 2898 206 2935 αὐτοὶ
225 2901 306 2937 εἶναι
328 2903 487 2938 Βέλουσιν.
539 2906 634 2945 Vulgo
658 2903 806 2937 ἓέλουσιν
823 2904 851 2937 οἱ
899 2907 970 2938 Veri.

111 2943 206 2980 αὐτοὶ
230 2945 321 2982 εἶναι.
939 2951 970 2982 2.
995 2946 1188 2993 ἀδιαφόρως
1209 2952 1354 2981 sententia
1368 2952 1547 2990 postulavit.
1581 2951 1634 2981 Li-

160 2991 208 3023 1‘2-
234 2994 426 3036 δυναμένου,
447 2996 529 3035 quod
545 2996 737 3027 desideratur
756 2996 787 3027 in
803 2996 850 3027 ed.
895 2997 942 3027 bri
965 2997 1074 3028 habent
1097 2993 1277 3037 διαφόρως.

180 3046 296 3082 Corpus
314 3047 490 3077 Haereseol.
510 3048 547 3076 11.
1307 3054 1358 3092 ‘23
