2034 3267
454 190 629 222 PANARH
654 191 734 222 [ΑΒ.
754 191 778 222 1.
803 190 907 223 ΤοΜ.
927 192 967 222 11.
1000 191 1129 223 mua.
1154 191 1294 224 xxvii.
1552 184 1627 224 211

115 270 322 326 pretandae
342 269 547 323 parabolae
571 269 729 308 fabulam
748 269 933 322 quandam
957 270 1161 310 commenti
1180 276 1284 321 sunt,
1309 276 1348 311 et
1367 270 1630 312 adversarium

112 338 215 378 illum
250 351 365 377 unum
398 350 485 377 esse
513 351 562 376 ex
589 337 716 376 mundi
743 336 1035 377 fabricatoribus
1060 337 1207 390 angelis
1239 344 1394 389 putant,
1425 338 1487 392 qui
1519 338 1630 380 huius

112 405 169 444 rei
194 419 332 445 caussa
361 404 410 445 sit
438 404 668 444 constitutus
695 410 734 443 ut
761 403 958 443 exsolutas
985 406 1157 457 corporis
1183 404 1370 455 vinculis,
1403 412 1516 460 atque
1541 406 1628 446 hinc

112 471 325 525 migrantes
356 472 501 511 animas
536 472 582 511 ad
613 471 774 510 iudicem
808 470 990 519 deducat,
1024 471 1087 510 ubi
1119 472 1285 511 nondum
1312 473 1438 513 omnia
1466 475 1629 527 praesti-

112 539 205 579 tisse
243 539 443 579 convictae
477 554 499 579 a
533 538 701 593 principe
734 536 909 575 ministro
945 537 1169 586 traduntur,
1214 540 1275 592 qui
1312 553 1363 580 ex
1402 541 1627 594 angelorum

111 620 231 660 grege
257 621 353 646 unus
385 606 507 660 opifici
534 604 662 645 mundi
691 602 801 642 buius
828 603 941 642 iudici
969 604 1013 643 ad
1037 606 1350 657 transferendas,
1383 615 1421 647 et
1450 607 1490 648 in
1519 609 1628 650 varia

112 687 274 727 corpora
298 674 552 728 deportandas
576 673 722 712 animas
745 683 898 724 operam
923 684 1031 710 suam
1053 671 1230 712 collocat.
1290 672 1391 713 Esse
1417 689 1532 728 porro
1562 676 1628 716 ad-

110 741 325 781 versarium
356 741 459 780 illum
491 753 599 793 quem
631 751 651 777 a
677 736 829 776 domino
854 745 1194 778 commemoratum
1226 738 1265 778 in
1297 742 1498 794 evangelio
1528 744 1627 784 dixi-

109 822 217 858 muS,
252 822 365 848 unum
390 822 440 847 ex
461 805 588 846 mundi
614 803 824 843 artificibus
853 804 999 857 angelis
1030 805 1183 844 nomine
1209 806 1392 847 Abolum.
1451 807 1554 850 Nam
1587 818 1626 852 et

110 875 321 915 custodiam
346 888 430 915 esse
452 886 590 926 corpus
611 871 927 924 interpretantur,
956 877 995 910 et
1013 872 1263 912 novissimum
1288 875 1537 927 quadrantem
1555 878 1626 918 mi-

109 943 325 996 grationem
349 941 574 989 animarum,
608 952 701 992 quas
724 938 1011 978 accessionibus
1032 939 1078 978 ad
1101 954 1264 993 corpora
1288 940 1449 994 singulis
1472 943 1624 986 ultimas

106 1010 278 1050 actiones
300 1008 404 1048 obire
429 1019 589 1046 necesse
618 1005 690 1056 sit,
724 1006 866 1046 nullum
893 1012 933 1045 ut
955 1006 1115 1061 amplius
1137 1007 1264 1047 scelus
1285 1022 1330 1047 ac
1350 1009 1535 1063 flagitium
1560 1027 1624 1054 su-

110 1078 244 1131 persit.
306 1073 469 1129 Oportet
490 1072 615 1124 enim,
649 1079 691 1113 ut
713 1080 826 1113 antea
848 1073 988 1113 dictum
1013 1081 1093 1125 est,
1127 1082 1372 1129 pervagatam
1395 1078 1523 1119 omnia
1545 1080 1626 1120 sin-

107 1144 279 1197 gulisque
314 1142 551 1196 perfunctam
586 1140 778 1192 auimam,
820 1155 864 1181 ac
897 1141 1085 1193 solutam,
1127 1142 1257 1182 mundi
1294 1144 1542 1186 effectoribus
1579 1161 1624 1188 ac

105 1210 308 1265 praecipuo
329 1208 438 1249 huius
458 1215 617 1248 auctore
636 1207 843 1262 superatis,
867 1209 913 1248 ad
930 1223 1149 1263 supremum
1168 1210 1272 1250 illum
1291 1210 1541 1266 ignotumque
1558 1228 1624 1268 pe-

104 1285 270 1318 netrare.
331 1276 489 1316 Addunt
511 1275 670 1330 insuper
691 1276 753 1316 vel
775 1275 813 1315 in
837 1276 958 1330 prima
980 1277 1211 1331 migratione
1234 1278 1421 1320 confectis
1447 1281 1623 1323 omnibus

103 1358 253 1384 sursum
289 1343 445 1383 evolare
471 1343 612 1383 liberas
644 1356 737 1397 opus
770 1357 882 1393 esse,
916 1344 979 1384 vel
1005 1344 1078 1384 nisi
1106 1345 1219 1385 unico
1244 1347 1309 1386 illo
1340 1348 1507 1388 adventu
1538 1350 1623 1389 uni-

102 1424 214 1452 versa
239 1411 488 1465 perfecerint,
521 1417 598 1450 tum
620 1424 715 1450 vero
740 1425 967 1464 unaquaque
991 1412 1218 1452 transitione
1241 1414 1421 1467 paulatim
1446 1416 1622 1458 omuibus

102 1478 334 1518 facinoribus
357 1477 587 1532 flagitiisque
613 1478 811 1518 defunctas
835 1492 924 1518 sese
944 1479 982 1518 in
1004 1479 1221 1520 libertatem
1247 1495 1441 1523 asserere.
1501 1482 1622 1526 Prae-

101 1553 206 1586 terea
235 1560 306 1586 nos
330 1547 377 1586 iis
405 1545 467 1600 qui
493 1545 596 1599 digni
617 1552 728 1595 suut,
761 1545 959 1599 inquiunt,
990 1560 1132 1586 arcana
1158 1548 1230 1587 ista
1255 1549 1547 1602 committimus,
1583 1560 1622 1593 ut

100 1627 199 1667 quae
230 1627 316 1654 esse
345 1613 525 1653 videntur
551 1614 670 1662 mala,
704 1621 841 1653 natura
873 1621 997 1653 autem
1031 1615 1186 1655 minime
1217 1623 1328 1666 suut,
1361 1626 1619 1672 exequantur,

99 1695 222 1734 eaque
258 1695 300 1721 re
340 1682 490 1734 cognita
527 1681 754 1721 liberentur.
817 1679 954 1721 Solent
985 1695 1080 1722 vero
1114 1680 1408 1737 Carpocratiani
1446 1700 1542 1739 quos
1573 1687 1620 1727 ad

97 1762 206 1788 suam
231 1755 374 1789 sectam
399 1748 661 1789 fraudulenter
682 1748 936 1802 pellexerint,
968 1748 1016 1789 iis
1041 1750 1229 1790 candente
1254 1752 1381 1802 ferro,
1415 1753 1476 1792 vel
1499 1767 1619 1794 nova-

95 1816 202 1866 cula,
235 1816 297 1856 vel
323 1830 394 1856 acu
422 1823 549 1856 notam
572 1816 758 1869 quandam
786 1816 832 1855 ad
857 1817 968 1856 imam
994 1817 1205 1857 auriculam
1230 1818 1467 1872 imprimere.

204 1883 270 1924 Ex
293 1884 426 1924 horum
451 1883 617 1924 factione
637 1881 863 1923 Marcellina
887 1885 1072 1937 quaedam
1095 1885 1140 1924 ad
1161 1899 1232 1925 nos
1255 1886 1375 1937 venit,
1403 1901 1501 1940 quae
1522 1887 1621 1930 Ani·
1646 1890 1724 1934 Cap.
1743 1893 1796 1924 Vl·

93 1951 166 1990 ceti
186 1950 352 1991 Romani
378 1952 546 2006 episcopi
568 1957 739 2004 tempore
761 1951 964 2005 plerosque
987 1952 1246 2003 labefactavit,
1279 1953 1437 1994 Aniceti
1461 1957 1616 2010 iuquam

92 2017 193 2058 illius
228 2018 292 2072 qui
320 2017 392 2059 Pio
425 2018 585 2072 aliisque
610 2018 851 2073 pontificibus
879 2020 1082 2060 successit.
1143 2019 1299 2061 Etenim
1328 2020 1478 2063 Romae
1503 2025 1615 2078 primi

92 2086 261 2126 omnium
292 2084 433 2127 Petrus
471 2094 508 2126 et
541 2085 683 2126 Paulus
716 2087 879 2140 apostoli
910 2087 1055 2141 pariter
1091 2095 1205 2142 atque
1238 2089 1406 2143 episcopi
1441 2091 1611 2132 fuerunt.

90 2151 183 2194 Inde
206 2152 354 2204 Linus,
387 2160 465 2193 tum
492 2151 642 2195 Cletus.
703 2152 799 2194 Post
820 2154 918 2194 hunc
943 2152 1149 2206 Clemens,
1192 2154 1299 2196 Petri
1325 2164 1363 2197 et
1385 2155 1494 2198 Pauli
1518 2165 1613 2199 tem-

89 2234 220 2273 porum
246 2221 440 2275 aequalis,
474 2221 519 2261 de
543 2235 615 2274 quo
636 2219 779 2261 Paulus
800 2222 971 2262 meminit
993 2223 1039 2263 ad
1061 2222 1261 2264 Romanos
1283 2224 1473 2265 scribens.
1529 2225 1613 2266 Ne-

89 2302 161 2341 que
186 2303 281 2329 vero
315 2288 475 2328 miretur
507 2288 642 2341 aliquis
674 2289 773 2342 quod
808 2296 895 2329 ante
918 2290 1041 2344 ipsum
1066 2291 1103 2330 in
1131 2291 1360 2344 pontificiam
1387 2291 1610 2345 dignitatem

89 2355 151 2395 alii
175 2356 357 2410 apostolis
378 2356 659 2405 successerint,
694 2370 777 2395 cum
798 2354 904 2397 Petri
929 2372 971 2397 ac
996 2356 1106 2398 Pauli
1131 2365 1235 2398 esset
1255 2358 1440 2412 aequalis,
1473 2359 1609 2401 iisdem

88 2423 186 2463 enim
210 2424 273 2463 ille
297 2424 530 2478 temporibus
552 2422 666 2463 vixit.
729 2421 866 2465 Utrum
887 2425 962 2466 illis
986 2426 1109 2466 adhuc
1129 2426 1399 2480 superstitibus
1419 2425 1608 2481 impositis

86 2490 260 2531 manibus
287 2491 490 2545 episcopus
520 2505 540 2531 a
567 2489 685 2530 Petro
711 2499 981 2543 consecratus,
1026 2507 1146 2547 eaque
1172 2494 1382 2533 detrec-tata
1409 2495 1606 2548 provincia

85 2556 130 2597 ab
155 2558 258 2597 omni
280 2559 611 2598 administratione
638 2560 836 2599 vacaverit
858 2560 928 2612 (ita
955 2561 1055 2600 euim
1081 2561 1118 2600 iu
1145 2561 1305 2614 quadam
1328 2561 1488 2614 epistola
1511 2563 1608 2603 scri-

85 2625 180 2678 psit:
213 2629 374 2674 Recedo,
409 2642 519 2672 eoee0,
553 2629 667 2664 instet
681 2629 841 2677 populus
864 2630 942 2675 dei,
978 2628 1170 2668 nonnullis
1196 2628 1375 2668 videlicet
1399 2629 1470 2668 hoc
1492 2631 1605 2670 modo

85 2694 313 2743 consulens,
347 2708 432 2733 nam
457 2694 494 2733 in
521 2693 743 2747 quibusdam
769 2695 1053 2735 commentariis
1081 2696 1129 2735 ita
1150 2695 1331 2749 scriptum
1354 2697 1603 2749 reperimus),

85 2771 134 2798 an
161 2761 285 2814 potius
314 2761 522 2802 secundum
549 2760 742 2815 apostolos
767 2760 812 2800 ab
839 2762 1019 2818 episcopo
1044 2761 1156 2803 Cleto
1185 2763 1236 2803 sit
1259 2763 1514 2813 constitutus,
1559 2765 1605 2805 li-

84 2825 195 2878 quido
217 2843 293 2868 uon
318 2836 483 2869 constat.
546 2827 786 2881 Quamquam
810 2829 874 2870 vel
900 2830 970 2871 bac
995 2831 1144 2885 quidem
1171 2831 1319 2870 ratione
1344 2838 1522 2885 poterant
1546 2831 1603 2873 vi-

124 2936 155 2968 3.
178 2937 281 2982 πάντη
306 2943 371 2973 cod.
397 2943 523 2981 Rhediy.
575 2943 670 2981 Vul9o
702 2938 817 2974 πάντα.
908 2939 938 2974 4.
965 2945 1111 2983 Suspicor
1133 2940 1215 2983 πρὸς
1236 2941 1288 2976 τὸν
1314 2938 1381 2976 ἅνω
1403 2938 1579 2986 ἄγνωστον.

82 2982 205 3014 Ρείαυὶο
224 2986 342 3023 placuit
367 2985 413 3024 εἰς
435 2983 550 3019 πάντα.
907 2988 936 3019 '0-
964 2990 1059 3029 Vul9⁰
1083 2986 1287 3031 ²“T0‘l390‘733-

1237 3043 1332 3086 14*

1658 2225 1719 2253 Imo
1738 2228 1775 2255 ad

1623 2259 1812 2299 Philipp.4,3.
