2034 3267
445 216 621 249 PANARH
646 216 728 250 ΜΒ.
743 219 768 249 1.
795 218 902 251 ΤοΜ.
925 219 977 250 ru.
1002 219 1129 251 HAER.
1145 219 1309 251 xxxiv.
1556 211 1634 250 443

116 310 250 337 mensa
274 296 323 337 sit
349 297 608 351 profundaque
635 298 859 351 congeries,
907 311 956 338 ex
982 298 1117 351 quibus
1143 298 1301 352 primum
1326 298 1431 338 illum
1457 305 1636 338 constare

116 363 322 405 Parentem
350 363 474 404 Marci
501 362 593 417 Sigc
621 366 834 418 perdocuit.
896 364 1106 419 Propterea
1139 380 1222 406 cum
1248 364 1396 405 Parcus
1427 366 1508 420 ipse
1534 380 1637 406 com-

117 432 298 487 prehendi
323 445 364 472 se
389 446 463 471 non
487 446 599 486 posse
624 433 763 482 sciret,
798 433 997 472 elementis
1023 433 1092 473 hoc
1117 433 1319 481 tribuisse,
1354 448 1448 487 quos
1471 441 1509 474 et
1534 434 1638 474 Aeo-

116 513 184 540 nas
209 506 345 549 vocat,
380 506 420 538 ut
443 499 600 553 quilibet
623 500 972 553 pronuntiationem
1001 514 1106 539 suam
1134 514 1273 552 magno
1300 501 1465 541 clamore
1490 503 1637 556 prol'er-

114 574 197 618 ret,
240 567 338 621 quod
367 575 485 607 totum
512 581 608 607 unus
633 569 774 607 efferre
799 567 952 607 minime
980 575 1123 621 posset.
1186 567 1294 607 Haec
1317 583 1401 608 cum
1430 568 1574 609 Tetras
1604 570 1635 609 ei

115 635 240 674 omnia
267 635 519 684 declarasset,
555 635 714 675 adiecit:
752 634 850 674 Volo
874 643 911 673 et
936 635 1054 688 ipsam
1082 635 1146 674 tibi
1172 633 1387 675 Veritatem
1414 638 1634 685 ostendere,

113 716 224 756 quam
248 716 268 742 e
290 703 523 743 coelestibus
547 703 745 742 domiciliis
771 702 935 751 adduxi,
971 703 1106 742 nudam
1133 710 1171 742 ut
1194 717 1276 742 eam
1300 703 1513 757 inspiceres
1536 704 1637 744 eius-

114 784 187 824 que
210 770 528 825 pulchritudinem
553 783 805 823 agnosceres,
838 770 914 809 imo
941 777 977 808 et
999 770 1217 823 loquentem
1242 771 1394 810 audires
1418 779 1454 810 et
1475 773 1637 826 prudeu-

112 837 202 878 tiam
225 838 536 892 obstupesceres.
599 836 761 878 Sursum
785 837 913 891 itaque
935 844 1048 891 caput
1069 837 1219 877 intuere
1240 841 1278 876 A
1298 846 1336 877 et
1359 840 1414 886 Ω,
1446 840 1635 879 cervicem

111 920 207 946 vero
234 909 265 944 Β
289 913 328 945 et
357 909 416 954 Ψ,
449 906 628 945 humeros
652 918 864 958 manusque
889 907 929 942 A
949 912 988 945 et
1014 907 1071 953 X,
1103 912 1259 959 pectora
1285 909 1321 944 A
1343 913 1381 945 et
1409 908 1458 955 Φ,
1490 915 1635 961 septum

112 981 377 1014 transversum
403 976 439 1011 E
459 980 497 1012 et
522 976 567 1022 T,
599 973 752 1012 dorsum
782 975 813 1009 Z
837 978 875 1011 et
904 975 945 1021 T,
974 980 1149 1012 ventrem
1183 976 1278 1013 Het
1298 976 1346 1022 Σ,
1379 975 1521 1014 femora
1547 975 1580 1013 Θ
1601 982 1635 1013 et

113 1044 154 1090 P,
185 1055 308 1095 genua
336 1043 360 1079 I
376 1048 413 1080 et
433 1043 486 1088 H,
519 1040 631 1080 tibias
654 1042 691 1078 K
711 1048 748 1079 et
775 1042 819 1088 O,
853 1040 948 1080 talos
970 1043 1010 1078 A
1029 1047 1067 1080 et
1088 1040 1132 1089 Ξ,
1163 1042 1279 1095 pedes
1302 1044 1408 1081 Met
1432 1045 1482 1081 N.
1524 1041 1639 1082 Eius-

111 1110 228 1159 modi,
253 1115 293 1148 ut
315 1122 448 1161 magus
472 1108 535 1147 ille
558 1108 679 1162 lingit,
706 1108 880 1148 veritatis
902 1115 961 1148 est
981 1122 1142 1163 corpus,
1180 1109 1273 1149 haec
1296 1109 1475 1150 elementi
1500 1110 1635 1165 figura,

113 1177 172 1216 hic
199 1177 333 1216 literae
360 1175 574 1216 character.
639 1174 715 1216 Sed
743 1176 971 1216 elementum
996 1178 1118 1230 ipsum
1145 1176 1349 1217 Hominem
1377 1186 1510 1228 vocat,
1556 1180 1638 1218 fon-

110 1251 262 1297 temque
287 1244 478 1283 sermonis
504 1243 628 1283 omnis
651 1257 738 1283 esse
762 1244 852 1283 dicit
874 1258 918 1283 ac
941 1244 1049 1283 vocis
1075 1246 1198 1285 omnis
1220 1244 1461 1299 principium,
1496 1254 1532 1286 et
1556 1246 1638 1286 eius

111 1312 233 1352 omnis
259 1312 357 1365 quod
385 1311 571 1365 explicari
596 1311 727 1351 verbis
753 1319 942 1365 nequeat,
988 1312 1192 1352 dictionem
1216 1313 1430 1368 tacitaeque
1454 1312 1569 1367 Siges
1594 1329 1637 1353 os

109 1379 312 1432 quoddam.
375 1379 433 1419 Ac
465 1380 541 1419 talc
570 1380 719 1433 quidem
751 1379 853 1419 illius
886 1394 1024 1434 corpus
1056 1381 1200 1420 extitit.
1264 1380 1327 1421 Tu
1359 1396 1474 1431 vero,
1517 1383 1640 1436 iuquit

111 1447 195 1496 illa,
239 1447 377 1486 mentis
406 1454 491 1487 tuae
517 1447 789 1500 cogitationem
815 1462 967 1487 sursum
993 1448 1173 1488 attollens
1200 1449 1257 1489 sui
1280 1448 1401 1503 ipsius
1423 1450 1637 1502 genitorem

110 1512 314 1568 Patrisque
346 1515 543 1564 datorem,
580 1514 751 1555 Verbum
784 1515 954 1565 scilicet,
988 1530 1039 1555 ex
1069 1529 1136 1556 ore
1168 1515 1355 1557 Veritatis
1387 1518 1533 1558 audias.

218 1580 329 1634 Quae
359 1597 444 1622 cum
477 1583 663 1632 dixisset,
711 1590 788 1622 tum
821 1583 923 1622 illum
951 1582 1108 1624 Veritas
1138 1584 1293 1625 intuens
1323 1593 1361 1625 et
1388 1600 1431 1626 os
1459 1586 1636 1641 aperiens
1661 1597 1740 1640 Cap.
1763 1599 1817 1629 VI.

111 1650 271 1691 verbum
297 1651 512 1704 eloquitur,
547 1651 618 1690 hoc
641 1650 778 1690 deiude
805 1665 942 1690 nomen
973 1652 1129 1701 factum,
1166 1667 1302 1693 nomen
1331 1654 1365 1693 id
1391 1654 1512 1709 ipsum
1539 1656 1636 1709 quod

111 1719 381 1772 cognoscimus
406 1719 693 1773 loquimurque,
738 1716 932 1758 Christum
959 1717 1109 1759 lesum:
1156 1735 1265 1774 quem
1291 1736 1374 1761 cum
1402 1723 1640 1763 nominasset

109 1787 170 1826 illa
198 1794 356 1841 repente
387 1786 584 1827 conticuit.
646 1785 782 1826 Marco
810 1800 904 1826 vero
931 1787 1037 1840 plura
1063 1795 1104 1828 ut
1129 1789 1274 1829 diceret
1295 1797 1527 1845 expectante
1555 1805 1638 1830 rur-

109 1868 191 1894 sum
218 1853 428 1908 Tetractys
454 1854 490 1894 iu
520 1855 683 1894 medium
711 1855 946 1908 procedens,
992 1853 1116 1907 Quam
1146 1857 1277 1911 parvi,
1312 1858 1456 1912 inquit,
1490 1872 1638 1898 sermo-

109 1935 194 1962 nem
229 1936 314 1962 eum
349 1923 442 1961 facis
470 1936 581 1976 quem
611 1922 656 1961 ab
690 1936 757 1962 ore
782 1921 970 1962 Veritatis
995 1924 1148 1963 audisti.
1209 1924 1300 1965 Non
1333 1933 1392 1966 est
1422 1927 1510 1966 illud
1539 1928 1636 1981 quod

109 1990 209 2030 nosti
234 1997 300 2030 aut
325 1990 466 2030 habere
492 1998 528 2029 te
551 1997 660 2044 putas
686 2004 825 2029 nomen
847 1980 1058 2044 antiquum.
1122 1990 1268 2032 Vocem
1294 1994 1393 2033 enim
1419 1994 1519 2034 illius
1543 1996 1638 2035 duu-

108 2065 214 2098 taxat
241 2058 428 2112 percipis,
462 2058 538 2097 vim
566 2065 692 2098 autem
717 2058 890 2110 ignoras.
949 2054 1096 2110 Ἰησοῦς
1121 2061 1258 2115 quippe
1288 2062 1471 2102 eximium
1498 2077 1637 2103 nomeu

109 2132 192 2176 est,
225 2139 298 2165 sex
323 2125 444 2165 literis
470 2126 804 2180 comprehensum,
839 2128 936 2180 quod
962 2129 1086 2167 vocati
1108 2143 1127 2167 a
1152 2129 1224 2168 deo
1247 2143 1381 2170 omnes
1404 2130 1635 2185 intelligunt.

107 2191 203 2233 lllud
232 2207 326 2233 vero
351 2194 449 2247 quod
471 2195 566 2248 apud
590 2192 822 2234 Pleromatis
844 2194 1026 2246 Aeonas,
1059 2189 1364 2251 multiplex'est,
1399 2198 1556 2239 alterius
1579 2207 1638 2239 est

111 2261 258 2300 formae
289 2261 542 2315 diversaeque
572 2262 738 2315 ligurae,
772 2263 870 2315 quod
895 2263 1049 2317 cognati
1073 2264 1174 2304 illius
1202 2265 1441 2318 intelligunt,
1475 2281 1635 2320 quorum

109 2329 391 2382 magnitudines
424 2330 518 2382 apud
550 2330 671 2383 ipsum
703 2337 887 2384 perpetuo
918 2338 1021 2372 suut.
1084 2330 1345 2385 Quamobrem
1377 2334 1512 2387 viginti
1544 2349 1635 2389 qua-

104 2423 198 2459 ptura
216 2422 321 2459 reponi
341 2422 409 2451 visa
430 2423 471 2451 est
490 2421 604 2451 debere.
642 2421 851 2453 Pseudo-Ori·
894 2432 966 2463 yene
990 2424 1156 2454 secundum
1179 2425 1239 2454 Vet-
1260 2426 1407 2464 Iuterpr.‚
1442 2427 1494 2464 qui
1513 2428 1636 2465 praebet

106 2474 195 2504 qenes
216 2467 339 2516 p'raebet
363 2463 418 2498 τὸν
442 2463 622 2507 γεννήτορα
646 2464 703 2498 καὶ
725 2463 850 2507 7:90³&-
895 2467 983 2509 quod
1017 2480 1087 2499 cum
1119 2468 1316 2499 nominasset
1333 2495 1339 2505 ,
1379 2470 1488 2501 statim
1521 2472 1634 2502 tacuit.

105 2520 187 2551 τορα
209 2511 314 2552 λεγον.
890 2514 1058 2552 Epiphanii
1072 2516 1142 2545 libri
1155 2515 1263 2546 habent
1279 2511 1354 2556 παρ’
1372 2512 1458 2559 αὐτῇ
1480 2515 1537 2549 καὶ
1559 2528 1635 2550 σιων

156 2556 204 2586 12.
225 2557 271 2586 lta
284 2557 372 2587 codd.
388 2557 484 2586 Vatic.
503 2558 614 2594 Vener„
632 2557 692 2586 Vel.
707 2557 845 2596 Interpr„
891 2557 969 2600 πῆν.

108 2603 134 2631 et
153 2601 224 2631 edit.
241 2602 375 2632 Petavii.
413 2602 493 2632 Edit.
508 2603 606 2638 princ.
623 2604 649 2631 et
666 2602 754 2632 codd.
769 2603 845 2634 Rhe-
936 2602 965 2635 3.
985 2604 1240 2644 προςδοκοῦντος
1258 2606 1328 2636 edit.
1342 2608 1440 2645 princ.
1458 2611 1485 2638 et
1499 2609 1634 2640 Pseudo-

108 2646 170 2685 diy.
192 2647 292 2676 Paris.
316 2647 424 2677 habent
443 2643 642 2686 πατροδόρα.
893 2650 1045 2688 Oriqenes.

155 2689 204 2722 13.
232 2692 426 2722 Coniecerunt
447 2688 628 2731 στόματος,
653 2692 700 2721 hic
719 2694 745 2721 et
762 2693 845 2731 infra
934 2692 966 2726 lt.
990 2696 1294 2735 Pseudo-Oriyenes:
1315 2695 1417 2738 φησὶν
1441 2692 1564 2734 οὕτως·
1585 2691 1635 2731 ³H

109 2743 189 2774 sequ.
211 2745 301 2775 (ιαμ,
328 2746 396 2767 cum
423 2738 480 2767 Vct.
499 2737 648 2775 Interpres
671 2737 781 2767 habeat
805 2737 844 2768 ab
890 2736 993 2779 πηλὸν
1019 2736 1143 2781 ἡγήσω
1168 2738 1223 2772 τὸν
1248 2739 1342 2782 λόγον
1366 2742 1477 2775 τοῦτον
1501 2747 1565 2774 cett.

111 2789 176 2810 ore.
934 2784 964 2815 5.
995 2786 1105 2821 δοκεῖς
1133 2786 1220 2816 codd.
1249 2787 1346 2820 l'enet,
1377 2788 1502 2827 Rhediy.
1533 2791 1633 2822 Paris.

156 2823 230 2855 Cn.
244 2825 300 2855 VI.
326 2844 368 2849 —-
395 2824 422 2857 1.
442 2826 538 2858 τοῦτο
558 2823 638 2858 εἶναι
657 2823 755 2867 (εἶναι
773 2827 846 2860 τοῢ-
892 2830 975 2860 Edili
999 2831 1069 2860 libri
1093 2832 1201 2860 habent
1225 2833 1354 2871 δοκοῖς,
1379 2834 1530 2864 mendose.

109 2879 145 2900 το
168 2870 309 2901 Pseudo·
323 2872 480 2910 Oriqenes)
506 2872 572 2902 cod.
590 2873 698 2909 Venel„
723 2881 846 2904 consen·
934 2873 965 2906 6.
987 2872 1058 2917 ἔχον
1075 2876 1368 2915 Pseudo-Origenes,
1387 2880 1413 2907 et
1432 2879 1489 2908 Vel.
1504 2880 1631 2919 Interpr.

110 2915 195 2944 tiente
218 2916 336 2946 Pseudo
349 2934 359 2938 -
373 2918 499 2956 Oriyene
512 2941 520 2955 ,
545 2920 570 2947 et
596 2917 657 2946 Vel.
677 2917 845 2957 Intermere,
935 2917 965 2951 7.
990 2917 1216 2961 ἐγκαλούμενα
1235 2922 1321 2951 habet
1338 2923 1630 2962 Pseudo-Oriyenes.

110 2959 161 2997 qui
179 2969 247 2989 esse
263 2963 419 2992 convertit.
447 2962 567 3001 Reliqui
586 2962 655 2992 libri
669 2962 777 2992 habent
791 2973 843 3003 γε·
935 2964 965 2995 δ.
992 2966 1034 2995 Ita
1048 2967 1189 3003 rescripsi
1203 2975 1240 2996 esc
1257 2967 1485 3005 Vet.1nlerprele
1499 2972 1524 3000 et
1536 2971 1628 3001 Pseu-

111 3001 225 3035 ve‘oiiw.
246 3004 351 3037 τοῦτο.
891 3010 954 3040 do·
968 3011 1097 3049 Origene
1118 3019 1174 3049 pro
1198 3012 1326 3050 vulyata
1349 3007 1468 3045 αὐτῶν.

155 3048 185 3079 2.
209 3049 257 3080 Ita
271 3051 482 3090 corrigendum
502 3054 566 3083 erat
583 3060 619 3082 es:
638 3052 846 3084 Pseudo-On·-
