2034 3267
483 209 659 243 PANARH
684 210 766 242 Lm.
788 212 811 244 1.
835 211 941 244 ToM.
961 212 1016 245 111.
1042 211 1170 244 HAER.
1191 213 1314 245 XLvi.
1578 206 1657 247 709

139 301 255 338 regno
283 289 478 327 coelorum.
540 288 594 328 Et
619 289 798 343 quoniam
824 290 968 331 veritas
996 305 1087 331 suos
1113 291 1253 346 ubique
1284 292 1413 333 radios
1441 294 1657 335 diffundens

140 368 209 409 pro
237 368 282 394 ea
311 369 421 409 quam
445 356 535 396 deus
559 356 671 397 hahet
691 358 964 398 imminentium
989 359 1170 399 malorum
1195 360 1325 400 notitia
1344 374 1543 403 sermones
1566 376 1657 403 suos

137 422 184 461 ad
211 422 494 463 convincendos
523 438 676 464 errores
703 426 1027 476 accommodavit,
1061 427 1147 466 inde
1173 429 1311 468 factum
1337 436 1417 479 est,
1452 431 1591 483 passim
1618 437 1657 470 ut

139 503 272 530 sacrae
293 491 427 532 literae
451 506 581 532 eorum
605 492 666 546 qui
693 499 826 532 contra
847 493 1049 533 veritatem
1072 494 1319 548 insurgerent
1343 510 1520 537 occasum
1543 505 1657 551 atque

138 557 332 598 interitum
362 560 639 614 praedixerint.
703 558 769 600 Sic
802 560 901 600 euim
933 569 1064 615 aperte
1089 563 1251 615 quodam
1283 562 1321 602 in
1352 563 1435 604 loco
1463 565 1655 617 dominus,

138 632 178 665 ut
208 626 398 667 infelicem
425 627 528 667 illum
555 634 594 667 et
616 627 864 683 impostorem
892 626 1081 669 Severum
1112 638 1315 682 argueret,
1358 631 1474 671 vitem
1500 646 1542 672 se
1570 646 1658 673 esse

137 694 373 748 pronuntiat.
427 698 509 746 Ego
527 710 621 744 sum,
656 696 792 750 inquit,
826 699 911 735 vilis
930 711 1030 736 vera.
1085 697 1204 751 Atqui
1225 698 1256 738 si
1277 697 1528 753 vituperanda
1549 715 1658 755 pror·
1673 712 1771 740 tonna.
1782 713 1856 748 15‚1¹

136 775 202 801 sus
228 761 317 802 vitis
344 770 448 802 esset
473 764 697 817 appellatio,
743 778 932 818 nunquam
956 764 1068 805 huius
1091 766 1135 804 ad
1163 779 1205 805 se
1226 765 1511 807 similitudinem
1532 775 1658 809 trans—

137 830 270 870 ferret.
333 828 435 883 Quin
469 838 508 870 et
532 831 693 885 apostoli
727 831 765 871 in
797 845 842 872 eo
873 832 969 872 libro
1001 832 1062 886 qui
1087 829 1290 883 Διάταξις,
1321 834 1392 874 hoc
1419 841 1478 875 est
1501 832 1658 876 Consti-

135 897 254 948 tutio,
288 905 447 938 vocatur
471 898 531 938 dei
553 899 709 953 stirpem
734 913 778 939 ac
801 899 952 940 vincam
978 914 1065 941 esse
1092 901 1316 942 catholicam
1344 902 1544 943 ecclesiam
1571 918 1657 959 pro-

135 966 241 1005 dunt.
304 964 376 1016 Et,
421 966 518 1020 quod
555 967 717 1020 amplius
750 974 832 1017 est,
874 967 1049 1008 dominus
1082 968 1164 1023 ipse
1199 984 1348 1010 rursum
1381 971 1420 1010 in
1455 972 1655 1025 evangelio

133 1033 231 1073 idem
256 1033 471 1088 expressit,
505 1033 567 1073 ubi
590 1035 691 1074 illam
718 1035 852 1075 vineae
876 1035 1094 1090 parabolam
1119 1037 1338 1091 proposuit:
1373 1042 1489 1078 Homo
1510 1043 1655 1092 quidam
1674 1052 1745 1079 Luc.
1765 1051 1807 1079 zo.

127 1103 404 1154 paterfamilias
425 1104 584 1141 habebut
601 1106 760 1150 vineam,
795 1111 833 1142 et
856 1106 994 1142 locavit
1013 1107 1113 1143 illam
1135 1108 1334 1156 agricolis,
1369 1115 1407 1145 et
1424 1111 1525 1146 mz'sz'c
1546 1123 1656 1160 qnae-

133 1185 219 1209 rens
229 1172 416 1223 fructum,
450 1179 487 1209 et
507 1185 578 1210 non
596 1174 787 1210 dederunt.
851 1169 946 1211 ltem
962 1189 971 1212 :
1003 1175 1118 1211 Homo
1137 1176 1282 1225 quidam
1298 1177 1570 1227 paterfamilias
1590 1179 1657 1216 lea-
1675 1187 1786 1215 Matth.
1798 1188 1840 1215 20.

136 1240 222 1277 bens
243 1241 381 1277 vineam
404 1242 500 1277 exiit
516 1253 695 1291 quaerens
716 1243 905 1291 operarios
925 1243 961 1279 z'n
982 1244 1134 1288 vineam,
1168 1249 1206 1279 et
1224 1244 1325 1280 cirea
1347 1246 1490 1282 tertiam
1510 1246 1651 1293 horam,

132 1315 171 1346 et
191 1315 354 1354 sextam,
396 1315 431 1345 et
455 1322 609 1355 nonam,
652 1315 689 1346 et
710 1311 947 1346 undecimam.
1011 1306 1062 1348 Ut
1084 1322 1134 1348 ex
1158 1311 1258 1349 omni
1283 1316 1389 1364 parte
1414 1311 1511 1351 vafri
1536 1312 1655 1353 homi-

132 1375 189 1415 nis
213 1376 317 1415 fraus
339 1382 377 1415 et
397 1374 621 1429 improbitas
644 1376 818 1416 veritatis
841 1376 1014 1416 oratione
1037 1376 1246 1417 saucietur.
1306 1377 1408 1418 Nam
1433 1385 1472 1418 ut
1494 1380 1654 1421 absente

129 1443 213 1484 luce
244 1450 448 1497 utcumque
480 1450 690 1498 appareant
723 1443 925 1492 tenebrae,
970 1443 1197 1498 simulatque
1222 1445 1282 1486 vel
1309 1446 1462 1486 minima
1489 1446 1653 1488 scintilla

129 1509 271 1551 micare
298 1511 489 1566 coeperit,
533 1519 769 1551 evanescunt
792 1512 878 1552 illae
901 1512 1105 1563 continuo,
1151 1513 1378 1568 penitusque
1402 1515 1649 1569 dissipantur.

128 1579 214 1634 Ego
246 1593 340 1619 vero
371 1580 457 1619 ideo
482 1578 620 1619 leviter
648 1579 744 1619 hauc
770 1579 958 1620 haeresim
984 1580 1180 1634 percurri,
1214 1582 1312 1634 quod
1338 1596 1444 1634 cum,
1482 1590 1521 1623 ut
1543 1584 1651 1624 initio

129 1648 282 1698 monui,
316 1648 482 1687 refutatu
505 1647 555 1687 sit
576 1647 712 1697 facilis,
743 1662 817 1687 nou
841 1662 978 1702 magno
999 1647 1128 1688 labore
1151 1650 1343 1690 contraria
1366 1650 1487 1705 possit
1507 1652 1652 1693 veritas

129 1715 323 1756 affirmari.
384 1714 549 1754 Accedit
580 1722 618 1755 et
646 1715 758 1766 illud,
805 1716 901 1769 quod
933 1716 994 1756 vel
1027 1716 1152 1756 nullae
1184 1717 1295 1757 hodie
1327 1719 1522 1772 supersint
1549 1719 1650 1760 illius

128 1791 256 1824 sectae
292 1783 497 1837 reliquiae,
544 1783 605 1824 vel
640 1784 804 1837 exiguae
841 1784 1040 1824 admodum
1073 1785 1336 1839 superioribus
1369 1785 1406 1825 in
1441 1786 1649 1841 provinciis

125 1852 300 1892 relictae.

237 1919 497 1973 Quamobrem
524 1933 594 1959 nos
627 1933 669 1959 ea
697 1920 991 1973 praetermissa,
1035 1921 1141 1961 velut
1164 1921 1316 1976 scorpio
1340 1922 1500 1974 quodam
1523 1923 1649 1964 subito

126 1987 368 2042 proculcato,
414 1994 564 2027 ceteras
598 1988 880 2042 aggrediamur.
943 1986 1020 2029 Sed
1051 1989 1218 2029 divinum
1247 1997 1335 2029 ante
1363 1991 1488 2030 omnia
1515 1991 1648 2045 implo-

124 2056 283 2096 randum
316 2055 523 2107 auxilium,
568 2070 641 2109 quo
676 2063 714 2095 et
742 2070 835 2096 vera
862 2055 1052 2112 possimus
1080 2057 1229 2111 eloqui,
1275 2071 1398 2111 neque
1423 2057 1532 2098 nobis
1556 2058 1647 2112 ipsis

125 2123 248 2164 fraudi
277 2124 326 2163 sit
355 2138 484 2164 earum
515 2138 642 2164 rerum
671 2124 869 2174 tractatio,
915 2124 1142 2179 praesertim
1174 2139 1256 2165 cum
1291 2132 1365 2164 tam
1392 2126 1578 2166 nefariam
1609 2134 1647 2167 et

123 2198 291 2232 atrocem
319 2191 589 2246 pestiferorum
616 2192 830 2245 dogmatum
856 2191 1136 2246 improbitatem
1162 2192 1340 2247 persequi
1364 2193 1600 2235 studeamus.

457 2351 788 2400 CONTRA
851 2351 1298 2411 TATIANOS,

381 2448 487 2493 quae
527 2436 594 2479 est
626 2432 820 2479 haeresis
852 2433 1018 2480 XXVI.
1033 2469 1045 2492 ,
1091 2432 1183 2480 sive
1220 2431 1382 2478 XLVI.

233 2533 424 2574 Tatianus
447 2532 596 2586 quidam
619 2540 704 2588 post
724 2533 810 2583 illos
833 2533 984 2574 extitit:
1019 2534 1081 2588 qui
1105 2533 1187 2573 sive
1214 2534 1347 2573 eodem
1376 2534 1525 2588 penitus
1549 2542 1642 2575 tem·
1669 2540 1787 2584 Cap.1.

121 2615 237 2657 pore,
279 2601 362 2641 sive
386 2601 497 2654 paulo
522 2608 607 2655 post
628 2601 852 2652 emerserit,
897 2616 1034 2642 novam
1058 2601 1287 2642 vanissimae
1311 2602 1507 2643 doctrinae
1530 2604 1642 2645 scho-

120 2670 191 2710 lam
220 2668 397 2709 instituit.
462 2666 498 2707 ls
527 2669 708 2721 primum,
755 2677 883 2722 utpote
909 2668 1072 2710 Graecis
1098 2670 1268 2710 eruditus
1295 2670 1462 2720 artibus,
1504 2669 1641 2712 Iustini

119 2737 330 2792 philosophi
354 2736 586 2776 sanctissimi
608 2750 651 2776 ac
672 2737 950 2791 religiosissimi
973 2737 1046 2777 viri
1068 2738 1344 2777 consuetudine
1367 2746 1427 2778 est
1448 2753 1552 2790 usus,
1579 2740 1640 2794 qui

119 2818 139 2844 e
165 2803 420 2845 Samaritanis
443 2805 489 2844 ad
510 2802 654 2844 Christi
676 2805 784 2845 fidem
807 2805 1028 2846 transierat.
1089 2803 1260 2845 lustinus
1280 2805 1380 2845 enim
1400 2820 1544 2860 genere
1567 2805 1640 2848 Sa-

117 2970 181 3007 oin&
203 2974 424 3017 Σαμαρειτῶν
450 2973 497 3012 εἰς
517 2973 661 3016 Χριστὸν
685 2973 958 3016 πεπιστευκότος,
992 2977 1073 3016 quod
1099 2978 1207 3008 vitium
1227 2978 1372 3008 petavius
1394 2986 1431 3008 ex
1454 2978 1520 3010 cod.
1544 2979 1638 3010 Vatic.

115 3021 255 3051 correxit.
