2034 3267
483 147 659 180 PANARH
684 148 766 180 Lm.
786 149 810 180 1.
835 147 1016 180 ToM.111.
1040 145 1294 178 HAER.XL11.
1571 135 1650 175 573

132 229 202 267 lier
227 242 308 266 eum
336 230 521 278 tetigisset
540 231 678 280 ipsum,
711 235 842 267 sanata
864 235 918 266 est
942 241 964 266 a
977 229 1095 280 fluxu
1119 229 1325 278 sanguinis.
1390 227 1441 264 Et
1463 227 1517 263 ait
1540 226 1654 263 domi-

130 310 220 343 nus,
267 298 355 345 Quis
386 310 440 334 nze
471 299 622 348 tetigit?
680 295 740 336 Ac
774 309 951 336 rursum:
999 298 1136 346 Teagz'c
1165 309 1219 333 me
1249 295 1398 345 aliquis.
1461 294 1557 332 Nam
1584 306 1652 343 ego

130 366 218 402 novi
244 366 412 402 virtutem
443 366 487 402 de
516 379 570 403 me
598 367 731 403 exisse.

244 428 340 472 XV.
387 434 600 484 Suspieiens
631 436 667 471 in
698 433 835 470 eoelum
867 431 1098 469 benedicebat
1127 433 1229 481 ipsis.
1673 440 1744 468 Luc.
1757 442 1784 472 9,
1798 442 1835 467 16.

239 496 357 539 XVI.
401 504 535 540 Dicens
546 531 556 548 ‚
601 500 891 552 Oportetfilium
918 500 1074 536 hominis
1099 499 1214 536 multa
1231 500 1333 548 pati,
1377 504 1414 535 et
1435 498 1574 544 occidi,
1618 504 1802 535 elimam.

125 574 213 619 post
241 574 316 606 tres
345 570 422 607 dies
451 582 662 619 resurgere.

240 633 378 676 XVII.
421 639 475 675 Et
494 651 576 675 eece
596 638 668 674 duo
692 638 767 674 viri
786 635 1029 686 loquebantur
1052 647 1132 672 eum
1158 648 1219 681 eo,
1255 635 1361 672 Elias
1384 641 1420 671 et
1441 636 1588 683 Moyses
1612 635 1648 671 in
1672 643 1746 670 lbid.
1764 645 1804 671 30.

125 705 265 755 gloria.

239 770 318 812 XV
325 770 396 812 III.
438 775 474 811 E
502 773 596 810 nube
627 786 717 818 voar,
752 773 822 809 Hie
853 778 908 809 est
924 772 1038 821 filius
1068 783 1168 807 meus
1197 771 1367 808 dilectus.
1671 780 1743 808 lbid.
1762 780 1803 808 35-

239 837 358 880 XIX.
405 843 550 891 Rogavi
576 841 775 891 discipulos
808 846 902 878 tuos.
972 835 1085 889 Quod
1122 836 1159 876 in
1197 836 1328 877 codiee
1366 851 1436 877 suo
1466 835 1801 886 habebat,1bid.4o.

130 914 418 962 praeterquam,
451 910 537 947 Non
555 914 761 959 potuerunt
776 909 908 945 eiicere
931 909 1062 957 ipsum.
1126 907 1177 943 Et
1197 908 1250 944 ait
1271 908 1320 944 ad
1343 910 1460 957 ipsos:
1496 907 1525 943 Ο
1541 919 1652 955 gene-

127 979 224 1015 ratio
255 978 469 1015 incredula!
499 978 672 1028 quamdiu
703 990 764 1014 vos
792 975 993 1014 sustinebo.

238 1041 337 1084 XX.
380 1046 499 1083 Filius
529 1046 623 1082 enim
653 1045 810 1082 hominis
841 1044 1041 1082 tradendus
1070 1049 1127 1081 est
1154 1045 1190 1080 in
1222 1055 1350 1080 manus
1380 1043 1576 1080 hominum.
1672 1051 1743 1079 [bid.
1761 1053 1801 1079 44.

237 1177 358 1220 XXI.
403 1182 531 1232 Neque
557 1182 624 1219 hoe
653 1183 819 1232 legistis,
864 1181 954 1231 quid
967 1180 1112 1232 feeerit
1132 1180 1273 1217 David:
1314 1181 1512 1229 Ingressus
1537 1180 1650 1216 estin
1671 1188 1742 1223 Cap.
1758 1189 1782 1223 6,
1802 1189 1826 1215 3.

127 1250 268 1288 domum
297 1251 368 1288 dei.

236 1314 376 1356 XXII.
421 1320 570 1356 Gratias
594 1331 666 1368 ago
694 1317 763 1355 tibi
784 1318 926 1354 domine
949 1317 1054 1354 coeli.
1119 1313 1290 1365 Deerat,
1334 1322 1371 1353 et
1396 1322 1539 1361 terrae,
1582 1313 1648 1353 sed
1667 1324 1793 1360 Cap.1o‚
1809 1326 1850 1352 21.

125 1391 164 1425 et
194 1398 294 1434 vox,
336 1387 465 1432 Pater,
508 1384 656 1424 aberat.
720 1381 797 1424 Sed
828 1397 879 1424 ex
909 1397 955 1424 eo
982 1382 1250 1436 redarguitur,
1295 1382 1392 1436 quod
1425 1381 1536 1436 paulo
1567 1387 1652 1435 post

124 1452 286 1503 habeat,
318 1456 442 1493 Etiam
467 1461 590 1505 pater.

236 1519 397 1561 XXIII.
442 1519 553 1561 Dixit
584 1519 829 1574 legisperito,
873 1522 917 1558 In
948 1521 1029 1570 lege
1058 1521 1147 1570 quid
1168 1520 1345 1569 seriptum
1376 1522 1460 1555 est?
1517 1519 1569 1555 Et
1590 1531 1649 1555 re·
1667 1528 1741 1555 limi.
1760 1529 1799 1556 26.

123 1592 316 1641 spondens.
380 1588 475 1630 Post
499 1588 709 1643 legisperiti
731 1600 956 1642 responsum
981 1586 1102 1636 dixit,
1138 1589 1245 1625 Recte
1264 1587 1407 1624 dz'aristi.
1471 1587 1550 1623 Hoe
1561 1585 1645 1637 sae,

125 1665 163 1696 et
190 1660 299 1696 vives.

241 1722 402 1765 XXIV.
446 1723 497 1764 Et
515 1724 636 1775 dixit,
671 1726 760 1774 Quis
778 1731 937 1762 vestrum
963 1723 1110 1762 habebit
1127 1725 1281 1761 amicum
1294 1753 1303 1769 ,
1338 1729 1377 1760 et
1394 1722 1461 1760 ibit
1480 1723 1530 1759 ad
1548 1722 1651 1759 illum
1672 1732 1741 1767 Cap,
1755 1733 1796 1766 11,
1813 1734 1836 1760 5.

128 1796 247 1833 media
276 1801 402 1840 noete,
444 1795 639 1844 postulans
664 1799 738 1830 tres
754 1795 900 1843 panes?
958 1789 1018 1831 Ac
1045 1790 1250 1845 deinceps,
1293 1793 1409 1829 Petite
1431 1797 1467 1828 et
1488 1789 1649 1828 dabitur.

131 1863 220 1912 Quis
249 1864 341 1900 enim
373 1876 420 1899 ex
450 1862 548 1899 vobis
578 1868 634 1899 est
650 1867 782 1911 pater,
823 1873 845 1898 a
871 1873 940 1911 quo
954 1860 1067 1911 filius
1087 1866 1194 1910 petat
1209 1862 1367 1910 piscem,
1411 1865 1450 1896 et
1463 1872 1533 1909 pro
1550 1860 1653 1909 pisce
1671 1868 1744 1895 ibid.
1763 1870 1802 1896 ιι.

127 1937 330 1982 serpentem
360 1929 462 1968 dabit
491 1930 577 1967 illi?
617 1935 684 1967 aut
701 1942 772 1980 pro
797 1942 862 1966 ovo
885 1930 1142 1979 scorpionem?
1201 1929 1249 1966 Si
1267 1941 1357 1979 ergo
1382 1941 1443 1964 vos
1468 1940 1548 1964 eum
1572 1928 1654 1964 sitis

129 1999 236 2045 mali,
271 2000 387 2036 nostis
417 1999 511 2035 dona
543 1997 655 2043 bona,
690 2003 826 2048 quanto
856 1998 974 2046 magis
998 2000 1137 2047 pater?

241 2063 380 2105 XXV.
423 2064 631 2119 Amputata
665 2071 775 2104 erant
807 2077 852 2104 ea
886 2077 981 2117 quae
1014 2063 1061 2103 ad
1092 2061 1225 2103 Ionam
1259 2061 1515 2117 pertinebant.
1585 2059 1652 2102 Sic
1672 2073 1803 2102 1bid.3o.

129 2132 229 2173 enim
252 2132 436 2173 habebat:
473 2134 666 2171 Generatio
687 2134 790 2179 haee,
823 2135 970 2184 signum
994 2146 1066 2170 non
1088 2132 1238 2170 dabitur
1257 2133 1303 2169 ei.
1369 2127 1652 2169 Desideraban-

130 2207 193 2241 tur
221 2201 335 2241 etiam
368 2200 453 2249 illa,
497 2199 631 2253 quibus
664 2200 708 2240 de
732 2198 878 2240 Ninive
910 2206 948 2239 et
978 2199 1112 2253 regina
1138 2198 1271 2238 Austri
1303 2211 1347 2237 ac
1375 2194 1583 2237 Salomone
1615 2197 1653 2236 fit

130 2269 287 2309 mentio.

241 2334 401 2377 XXVI.
444 2334 521 2375 Pro
551 2335 607 2374 his
635 2334 786 2385 verbis,
828 2338 1044 2374 Praeteritz's
1066 2337 1128 2374 dei
1149 2336 1342 2380 iudicium,
1381 2332 1650 2387 rescripserat,
1672 2347 1801 2376 1bid.42.

131 2408 350 2444 Praeteritis
379 2406 440 2443 (lei
466 2407 700 2442 vocationem.

241 2470 423 2513 XXVII.
466 2475 538 2510 Vae
559 2472 671 2518 vobis,
705 2473 873 2523 quoniam
894 2472 1100 2522 aedificatis
1119 2471 1290 2521 sepulcra
1304 2471 1584 2520 prophetarum,
1618 2477 1655 2508 et
1671 2484 1745 2512 ibid.
1763 2487 1802 2514 47.

126 2548 256 2592 patres
287 2543 404 2579 vestri
430 2541 643 2578 oeciderunt
671 2540 768 2577 illos.

243 2605 444 2648 XXVIII.
489 2605 657 2655 Deerat,
701 2609 896 2658 Propterea
923 2614 960 2644 et
981 2608 1161 2657 sapientia
1185 2608 1247 2643 dei
1269 2607 1387 2651 charit,
1431 2607 1576 2644 Mittam
1603 2609 1653 2644 ad
1671 2615 1802 2644 1bid.49.

134 2678 216 2715 illos
233 2678 452 2728 prophetas.-
487 2681 524 2715 et
548 2675 592 2714 de
612 2673 799 2728 sanguine
821 2673 1034 2714 Zachariae
1058 2680 1096 2714 et
1118 2672 1219 2713 Abel
1238 2671 1526 2727 prophetarum,
1556 2675 1651 2723 Quo-

133 2747 230 2783 niam
261 2747 472 2796 requiretur
501 2757 523 2782 a
550 2745 788 2793 generatione
816 2744 897 2781 leae.

247 2808 412 2852 XXIX.
454 2814 544 2850 Dieo
567 2813 694 2850 amieis
713 2812 814 2857 meis,
846 2812 973 2849 Nolite
992 2812 1117 2849 timere
1137 2823 1197 2848 eos
1217 2811 1284 2860 qui
1301 2810 1474 2847 occidunt
1490 2822 1623 2860 eorpus
1635 2825 1646 2847 :
1669 2820 1791 2858 cap.12,
1808 2822 1832 2850 4.

137 2881 256 2918 timete
286 2894 371 2918 vero
405 2893 485 2919 eum
514 2881 580 2931 qui
601 2886 797 2931 postquam
829 2880 1005 2917 occiderit
1036 2877 1146 2916 habet
1168 2883 1386 2927 potestatem
1417 2878 1587 2915 mittendi
1613 2879 1649 2915 in

182 2968 232 3003 13.
257 2970 352 3010 Vulgo
375 2966 431 3010 δή.
