2034 3267
453 190 629 223 PANARn
654 190 754 223 ADV.
779 189 1000 222 HAERESES
1026 189 1108 221 ΜΒ.
1130 190 1154 220 1.
1178 189 1283 221 ΤοΜ.
1300 189 1325 221 1.
1596 180 1646 218 85

133 270 335 325 pleraque,
369 270 638 323 praedicantur
663 269 925 319 nihilominus,
957 282 1002 308 ac
1026 274 1204 321 tanquam
1227 266 1273 307 ab
1298 265 1504 306 excellenti
1532 265 1645 306 disci-

133 337 232 391 plina
265 338 434 392 profecta
465 350 609 377 summa
640 336 896 376 ostentatione
927 335 1184 375 celebrantur.

420 546 819 598 ADVERSUS
856 546 1358 607 PHARISAEOS,

309 645 414 690 quae
452 634 519 676 est:
551 626 744 675 haeresis
779 625 990 672 Iudaismi
1016 625 1101 671 III.
1118 660 1130 684 ,
1167 626 1317 672 ordine
1342 626 1465 673 XVI.

242 740 458 781 Secundum
481 738 608 779 ambas
629 736 714 776 illas
738 735 912 787 proxime
935 733 1235 774 Pharisaeorum
1259 736 1432 775 haeresis
1456 738 1644 790 sequitur,
1675 742 1751 788 Cap.
1779 750 1799 781 ῐ,

130 807 287 847 alterius
322 806 498 861 generis,
537 802 687 844 tametsi
717 816 800 842 cum
826 800 999 852 Scribis,
1042 816 1138 855 quos
1168 800 1288 855 Legis
1319 803 1498 843 doctores
1528 804 1646 844 inter-

131 882 351 928 pretantur,
397 872 529 912 eadem
567 869 771 910 sentirent.
844 867 942 910 Cum
981 868 1028 908 iis
1070 868 1170 908 enim
1212 869 1308 922 legis
1346 884 1495 923 quoque
1536 872 1646 925 periti

132 941 323 981 coniuncti
349 945 472 980 erant.
532 935 587 976 At
610 934 812 977 Pharisaei
844 937 889 976 ad
923 936 1056 976 horum
1091 935 1187 975 ritus
1221 936 1293 975 alia
1326 950 1460 977 rursus
1491 937 1645 979 adiicie-

130 1009 245 1058 bant,
287 1014 324 1047 et
357 1004 620 1046 severioribus
654 1017 696 1043 se
735 1003 923 1043 institutis
962 1002 1264 1043 adstrinxerunt.
1339 1002 1504 1055 Quidam
1545 1006 1645 1045 enim

132 1089 214 1115 cum
236 1087 324 1115 suas
346 1073 428 1113 illas
450 1070 753 1112 exercitationes
777 1070 1019 1120 adhiberent,
1053 1071 1209 1119 decem,
1243 1070 1304 1110 vel
1331 1077 1433 1121 octo,
1465 1072 1527 1111 vel
1555 1087 1647 1125 qua-

132 1148 218 1181 tuor
247 1153 430 1179 annorum
462 1138 533 1179 sibi
561 1138 683 1193 spatia
708 1137 970 1192 praefigebant
992 1137 1127 1191 quibus
1152 1137 1412 1191 virginitatem
1441 1145 1506 1178 aut
1534 1140 1647 1179 casti-

131 1207 291 1247 moniam
319 1205 514 1257 colerent3
549 1205 620 1245 hoc
643 1211 793 1260 tempus
817 1204 1011 1245 continuis
1039 1203 1216 1259 precibus
1241 1204 1515 1255 traducebant,
1550 1213 1588 1245 et
1612 1207 1647 1245 id

129 1272 345 1314 certaminis
378 1272 615 1326 frequentius
644 1271 933 1320 instaurabant,
966 1285 1015 1312 ne
1047 1271 1162 1311 ullam
1195 1271 1369 1326 corporis
1402 1271 1526 1312 labem
1558 1287 1649 1313 con-

130 1340 338 1390 traherent,
369 1353 468 1380 neve
490 1339 618 1379 furtim
642 1346 751 1393 turpe
771 1339 924 1393 aliquod
945 1339 985 1379 in
1006 1339 1152 1379 somnis
1173 1339 1400 1390 profluvium
1425 1339 1645 1394 obreperet.

128 1406 234 1461 Ergo
257 1407 321 1447 alii
346 1406 492 1447 tabulas
515 1407 561 1446 ad
587 1420 673 1447 eum
698 1421 807 1447 usum
832 1406 1038 1461 parabant,
1071 1406 1271 1446 latitudine
1298 1420 1373 1445 non
1396 1407 1557 1461 amplius
1582 1407 1649 1447 do-

127 1474 313 1523 drantali,
350 1474 388 1514 in
419 1474 554 1527 quibus
585 1481 670 1528 post
699 1487 900 1528 vesperam
934 1473 1137 1523 iacebant,
1179 1479 1219 1512 ut
1249 1473 1280 1512 si
1311 1474 1476 1514 fortasse
1508 1474 1648 1514 dormi-

128 1548 238 1591 rent,
278 1541 315 1581 in
348 1541 605 1596 pavimentum
642 1541 806 1596 prolapsi
842 1555 993 1581 rursum
1028 1554 1070 1580 se
1104 1541 1149 1580 ad
1185 1540 1369 1580 orandum
1405 1540 1646 1591 excitarent,

128 1623 202 1663 quo
231 1608 354 1648 somni
387 1609 509 1662 quoad
542 1608 678 1648 liceret
710 1615 891 1662 expertes
924 1614 1088 1648 aetatem
1124 1608 1398 1660 transigerent.
1462 1609 1537 1648 Alii
1570 1609 1647 1649 col-

129 1676 250 1716 lectos
283 1676 451 1716 calculos
484 1675 804 1726 substernebant,
845 1689 1006 1729 quorum
1041 1675 1235 1714 vellicatio
1270 1676 1553 1729 profundiorem
1586 1690 1648 1715 so-

130 1758 258 1784 mnum
289 1750 465 1792 arceret,
510 1751 549 1783 ut
584 1744 647 1784 vel
678 1743 786 1783 inviti
821 1742 1029 1797 pervigiles
1064 1755 1151 1782 esse
1183 1750 1500 1782 consuescerent.
1561 1742 1648 1784 Nec

129 1812 285 1851 deluere
323 1811 385 1864 qui
419 1810 555 1850 iisdem
595 1811 640 1850 de
680 1810 827 1851 caussis
864 1809 994 1864 spinas
1033 1809 1283 1849 subiicerent.
1347 1807 1556 1850 Caeterum
1590 1810 1648 1850 bis

129 1878 365 1919 hebdomada
404 1891 552 1931 quaque
593 1878 765 1918 ieiunare
802 1891 884 1917 mos
921 1877 998 1917 illis
1040 1877 1134 1926 fuit,
1183 1879 1351 1917 secunda
1389 1878 1570 1918 videlicet
1604 1893 1649 1919 ac

129 1945 258 2000 quinta
289 1945 365 1985 die.
425 1945 487 1985 Ad
520 1945 614 1986 haec
640 1946 870 1985 decimarum
899 1944 1065 1984 decimas
1097 1944 1258 1995 dabant3
1293 1945 1478 1999 primitias
1509 1946 1648 1986 offere—

128 2013 240 2063 bant,
275 2012 491 2053 tricesimas
525 2020 561 2053 et
588 2012 942 2066 quinquagesimas3
976 2011 1163 2051 sacrificia
1191 2019 1356 2066 votaque
1389 2026 1459 2052 sua
1493 2026 1649 2053 accura-

132 2079 279 2120 tissime
301 2080 586 2134 persolvebant.
649 2077 787 2120 Cnltus
814 2080 911 2119 idem
936 2074 1010 2119 illis
1035 2079 1097 2133 qui
1121 2086 1160 2119 et
1186 2077 1357 2130 Scribis,
1391 2080 1436 2120 de
1461 2094 1536 2134 quo
1561 2094 1643 2134 pro-

129 2147 234 2187 xime
261 2147 400 2187 dictum
423 2155 506 2197 est,
541 2147 659 2188 vestis
684 2147 830 2187 scilicet
859 2160 902 2186 ac
932 2146 1102 2200 reliquus
1136 2146 1310 2201 corporis
1342 2147 1506 2188 habitus.
1569 2147 1647 2188 Sed

131 2221 170 2254 et
194 2214 393 2254 muliebria
420 2215 572 2269 palliola
597 2214 822 2268 gestabant,
855 2221 894 2254 et
919 2228 1002 2254 cum
1032 2213 1233 2254 latioribus
1260 2214 1426 2268 crepidis
1449 2228 1493 2254 ac
1523 2215 1648 2255 solea-

130 2296 212 2322 rum
238 2281 365 2335 ligulis
385 2283 595 2336 procedere
618 2281 808 2322 solebant.
869 2280 943 2334 Qui
967 2282 1052 2321 ideo
1073 2280 1272 2321 Pharisaei
1299 2282 1387 2321 dicti
1410 2288 1513 2332 sunt,
1546 2283 1646 2336 quod

131 2356 262 2389 essent
289 2356 445 2403 propter
465 2349 691 2389 adscititiam
714 2349 815 2389 illam
838 2349 1221 2403 superstitiosamque
1247 2348 1483 2402 disciplinam
1513 2363 1535 2389 a
1560 2349 1649 2389 reli-

130 2415 214 2470 quis
242 2417 420 2456 seiuncti.
480 2415 628 2456 Phares
656 2415 754 2456 enim
779 2415 970 2457 Hebraice
995 2416 1278 2471 separationem
1301 2416 1506 2470 significat.

239 2482 484 2524 Mortuorum
523 2497 637 2537 porro
676 2485 1001 2524 resurrectionem
1038 2497 1260 2538 persuasam
1299 2483 1503 2524 habebant.
1566 2484 1649 2524 An-
1675 2496 1817 2540 021„st

130 2551 238 2605 gelos
272 2565 317 2591 ac
350 2551 523 2605 spiritum
552 2564 639 2591 esse
674 2551 894 2592 credebant.
956 2550 1035 2592 Sed
1068 2559 1108 2592 ut
1138 2551 1280 2592 caeteri
1311 2550 1370 2590 dei
1398 2552 1512 2592 filium
1541 2551 1648 2606 igno-

128 2673 202 2703 paq.
221 2663 274 2695 22.
306 2673 344 2695 ex
374 2664 439 2694 cod.
463 2665 532 2694 Ven.
553 2666 579 2694 et
604 2665 761 2703 Anuceph.
779 2673 867 2704 repo·
915 2666 1014 2697 Venet.

129 2711 246 2740 suimus
278 2706 343 2742 διὰ.
388 2709 469 2739 Illud
489 2710 646 2747 utrobique
668 2711 790 2739 retinuit
810 2711 866 2740 Pe·
959 2711 1008 2742 10.
1033 2708 1264 2751 προςερημένῳ
1289 2711 1354 2740 cod.
1380 2711 1476 2741 Venet.

131 2755 252 2792 tavius,
289 2750 453 2796 σάββατον
476 2754 700 2783 hebdomadam
721 2755 867 2792 interpre-
959 2756 1008 2787 11.
1032 2754 1224 2797 γυναικείων
1247 2756 1312 2785 cod.
1337 2755 1432 2785 I'enet.

131 2801 219 2837 tans,
249 2800 331 2829 velut.
350 2800 376 2828 si
398 2799 517 2828 haberet
540 2796 703 2841 σάββατα.
749 2799 868 2829 Nicetes
960 2800 1011 2831 12.
1036 2798 1068 2832 ἐν
1094 2803 1167 2836 ταῖς
1195 2801 1368 2838 suspicatus
1400 2804 1441 2830 est
1470 2802 1526 2831 Ios.
1550 2802 1649 2831 Scati-

135 2843 227 2873 Chon.
252 2844 271 2873 l.
291 2845 310 2873 l.
333 2844 421 2873 habet
440 2840 638 2884 ,,ε’νη’στευον
659 2840 697 2875 δὲ
716 2841 767 2879 δὶς
789 2845 867 2886 σαβ-
912 2854 973 2884 9er.
1023 2847 1160 2876 Fortasse
1181 2846 1389 2883 reponendum
1420 2842 1453 2877 ἐν
1483 2844 1650 2881 πλατείαις

134 2883 247 2927 βάτου,
271 2882 348 2928 ἤτοι
367 2886 521 2927 δευτέραν
542 2886 598 2919 καὶ
622 2885 807 2929 πέμπτην.“
913 2894 1061 2931 κρηπῖσι.

178 2932 208 2961 ὅ.
232 2930 268 2964 δὲ
294 2942 351 2962 om.
375 2933 439 2963 cod.
464 2933 562 2963 Venet.
963 2935 1011 2965 13.
1035 2932 1094 2975 τήν
1118 2929 1192 2975 παρ’
1216 2930 1328 2970 α’,ἷτοῐς
1351 2935 1417 2965 cod.
1442 2936 1539 2966 venet.

177 2972 206 3006 9.
232 2974 289 3008 καὶ
317 2974 378 3014 τοὶς
406 2971 508 3019 εὐχὰς
538 2973 774 3019 ἀσφαλέστατα
803 2979 869 3009 cod.
962 2979 1037 3011 cst.
1063 2980 1101 3011 11.
1127 2998 1169 3003 —
1218 2981 1245 3011 l.
1270 2989 1306 3012 τε
1330 2980 1395 3011 cod.
1421 2981 1489 3010 t'cn.
