2034 3267
513 185 688 217 PANARn
713 186 794 217 [ΑΒ.
814 187 838 218 1.
863 187 968 219 ToM.
987 187 1044 219 111.
1067 186 1196 219 HAER.
1212 187 1360 220 xxxv.
1617 181 1698 219 479

173 270 300 315 stere3
344 264 659 317 quemadmodum
685 265 721 305 in
748 265 910 319 singulis
934 266 1147 306 refutandis
1173 266 1395 307 haeresibus
1422 280 1537 321 saepe
1564 280 1608 307 ac
1634 281 1698 307 co-

175 331 281 386 piose
315 332 629 372 monstravimus.
692 332 803 373 Adeo
835 341 875 373 ut
904 334 1035 374 eadem
1068 349 1141 388 qua
1172 335 1209 374 in
1239 334 1379 374 ceteris
1411 334 1561 374 ratione
1592 335 1697 375 dete-

174 406 274 439 ctum
302 400 372 450 sit,
417 399 645 439 nebulonem
672 401 774 440 illum
803 415 846 440 ac
872 401 1093 455 pestiferum
1118 401 1307 441 bominem
1332 403 1412 442 sola
1439 402 1696 443 ostentatione

171 467 233 507 sni
254 481 298 507 ac
323 467 546 507 curiositate
569 469 720 508 ductum
742 468 788 508 ad
811 475 885 507 tam
907 467 1086 508 immania
1110 475 1285 523 portenta
1309 470 1484 522 fingenda
1508 469 1697 511 fabrican-

172 535 294 589 daque
326 535 497 575 venisse.

284 601 400 643 Nunc
422 602 524 642 illius
549 617 593 644 ac
616 601 903 643 Marcosiorum
928 601 1122 656 impietate
1151 604 1358 657 praeterita
1383 605 1427 644 ad
1453 605 1548 646 alias
1573 613 1697 647 trans-

173 684 326 720 eamus,
372 684 579 725 earumque
613 677 652 710 et
683 669 894 710 evellamus
921 670 1071 709 radices
1107 676 1143 709 et
1169 670 1430 711 amarissimos
1458 673 1600 714 fructus
1626 675 1696 714 tol-

172 738 294 778 lamus
321 752 340 777 e
366 739 514 788 medio,
558 752 602 778 ac
626 738 940 792 quemadmodum
968 737 1091 777 refelli
1115 737 1285 792 possint,
1329 753 1500 793 quaeque
1524 742 1569 781 ad
1595 742 1698 796 ipsos

172 808 365 861 pertinent
388 805 566 846 universa
592 806 829 855 referamus3
864 819 940 844 nou
963 812 1004 844 ut
1025 805 1241 859 legentibus
1268 806 1389 846 fraudi
1412 807 1483 847 ista
1506 808 1598 859 sint,
1631 811 1697 850 sed

172 881 212 914 ut
235 874 280 914 ab
305 875 378 914 illis
403 874 658 922 abhorreant,
693 886 816 926 neque
843 873 887 912 ad
912 887 1025 912 unam
1051 873 1214 926 aliquam
1241 887 1369 913 earum
1399 889 1492 928 quas
1518 877 1699 930 exposui-

1721 633 1848 695 xxiii.

172 956 255 982 mus
277 948 342 982 aut
364 940 645 995 insequentium
667 940 875 992 accedant,
910 941 976 980 sed
1001 940 1062 980 ubi
1088 953 1183 994 quae
1208 940 1253 980 ab
1278 940 1352 981 illis
1375 943 1516 997 scripta
1539 951 1627 983 sunt
1646 944 1699 984 lc-
1761 978 1766 982 .

170 1009 312 1063 gerint,
346 1009 573 1062 saepiusque
597 1008 797 1048 decantata
821 1008 1090 1061 cognoverint,
1124 1008 1276 1048 illorum
1301 1009 1497 1050 erroribus
1520 1023 1564 1050 ac
1584 1024 1700 1051 vene-

172 1084 260 1117 nata
296 1075 538 1131 improbitate
572 1077 750 1115 damnata
786 1075 933 1129 fugiant
968 1076 1123 1130 procul,
1171 1090 1213 1116 ac
1249 1076 1404 1131 propius
1443 1091 1485 1118 se
1520 1079 1699 1119 conferre

172 1151 395 1185 vereantur.
456 1141 664 1198 Dipsadem
692 1143 879 1197 quandam
913 1157 932 1183 e
960 1144 1176 1198 viperarum
1208 1158 1353 1198 genere
1379 1158 1466 1186 esse
1492 1146 1699 1187 memoriae

171 1212 358 1267 proditum
385 1218 465 1261 est,
503 1225 600 1265 quae
625 1211 840 1252 istiusmodi
866 1211 971 1251 virus
995 1211 1186 1252 immittat.
1250 1210 1348 1253 Cum
1375 1214 1475 1253 enim
1500 1215 1700 1254 excavatis

172 1280 208 1320 in
233 1279 413 1334 rupibus,
448 1293 545 1332 quae
569 1278 774 1318 stillantem
798 1293 818 1319 e
842 1278 952 1319 saxis
974 1279 1161 1332 liquorem
1186 1281 1397 1335 excipiunt,
1430 1296 1564 1336 aquam
1590 1289 1701 1323 nacta

170 1347 331 1397 biberit,
374 1361 457 1387 eam
483 1355 616 1402 postea
639 1360 792 1387 veneno
819 1361 888 1387 suo
914 1348 970 1387 sic
995 1347 1137 1398 inficit,
1180 1355 1222 1388 ut
1243 1349 1273 1388 si
1303 1350 1401 1403 quod
1429 1350 1569 1390 animal
1594 1350 1702 1390 dein-

170 1429 260 1470 ceps
285 1429 337 1455 ex
361 1429 407 1455 ea
433 1413 647 1469 potaverit,
682 1428 767 1454 cum
790 1415 915 1455 iuvari
938 1429 982 1455 ac
1006 1415 1107 1455 sitim
1132 1416 1308 1456 relevare
1336 1417 1459 1458 visum
1485 1418 1620 1468 suerit,
1655 1420 1699 1459 ad

169 1489 403 1524 venenatum
433 1483 555 1536 ipsum
589 1496 711 1536 aquae
743 1483 1026 1538 receptaculum
1057 1483 1183 1523 subito
1215 1484 1401 1525 moriatur
1431 1499 1476 1525 ac
1506 1487 1697 1527 concidat.

171 1548 284 1604 Quod
311 1551 343 1590 si
370 1564 480 1604 quem
509 1550 572 1590 illa
598 1551 869 1601 momorderit,
912 1551 1026 1604 ignea
1051 1552 1189 1591 veneni
1215 1552 1274 1592 vis
1298 1552 1565 1594 vehementius
1592 1568 1702 1607 gras-

170 1632 260 1659 sans
285 1617 479 1672 ingentem
505 1618 605 1658 sitim
631 1618 764 1668 affert,
809 1625 846 1658 et
877 1618 921 1658 ad
949 1619 1102 1660 assidue
1127 1620 1330 1673 potandum
1359 1621 1590 1662 intolerabili
1614 1636 1698 1662 cum

171 1686 304 1726 dolore
336 1686 543 1740 compellit,
617 1683 691 1727 Cui
721 1686 872 1740 quidem
909 1686 1059 1727 letifero
1093 1687 1215 1727 dolori
1250 1688 1337 1728 dum
1376 1689 1429 1728 ita
1467 1703 1510 1729 se
1541 1690 1698 1730 remedii

171 1753 313 1794 afferre
338 1754 478 1807 aliquid
504 1753 722 1804 existimat,
757 1755 794 1794 in
820 1754 954 1794 eodem
977 1754 1062 1794 loco
1085 1762 1224 1795 ventre
1244 1756 1412 1796 distento
1436 1771 1507 1797 nec
1528 1757 1698 1798 humoris

172 1821 371 1876 quicquam
399 1821 560 1876 amplius
585 1822 782 1876 capiente,
826 1837 911 1862 cum
936 1829 1027 1877 potu
1054 1836 1146 1863 mox
1173 1822 1338 1863 animam
1362 1824 1569 1878 profundit.
1632 1823 1699 1866 Sic

171 1889 233 1929 ille
257 1903 341 1930 cum
365 1889 597 1930 inexhausta
622 1897 732 1944 potus
752 1889 933 1931 aviditate
957 1890 1037 1931 suis
1059 1891 1220 1931 exitium
1243 1891 1463 1932 consciscit.
1526 1891 1603 1934 Sed
1629 1908 1699 1933 nos

171 1957 218 1997 ab
249 1971 295 1998 eo
328 1970 479 1999 veneno
512 1958 639 1998 divina
671 1972 743 2012 ope
774 1958 924 1999 liberati
948 1952 1122 2014 'reliquas
1154 1960 1199 2000 ad
1231 1960 1415 2001 bacreses
1436 1967 1695 2002 transeamus.

437 2387 770 2436 CONTRA
825 2388 1434 2450 COLORBASIOS,

482 2483 589 2529 quae
627 2472 694 2514 est
728 2467 921 2516 haeresis
949 2469 1047 2517 XV.
1084 2470 1176 2518 sive
1204 2470 1390 2517 XXXV.

283 2566 468 2622 Sequitur
490 2565 750 2618 colorbasus,
792 2569 853 2622 qui
884 2569 930 2610 ab
961 2570 1096 2611 iisdem
1120 2569 1244 2611 Marci
1268 2570 1487 2624 praestigiis
1518 2585 1608 2612 suas
1639 2572 1695 2612 in-

171 2636 292 2691 eptias
314 2636 548 2690 corrogavit.
611 2635 713 2689 Quin
737 2643 845 2677 etex
868 2635 1079 2678 Ptolemaei
1103 2638 1292 2678 radicibus
1313 2640 1475 2679 sentium
1500 2653 1545 2679 ac
1568 2640 1696 2695 spina·

172 2718 255 2744 rum
279 2704 403 2743 instar
425 2718 630 2758 erumpens
658 2719 778 2744 novas
802 2706 981 2758 quasdam
1010 2706 1209 2761 opiniones
1236 2714 1473 2747 commentus
1501 2715 1581 2758 est,
1614 2709 1695 2762 qui-

172 2770 242 2811 bus
266 2773 372 2812 velut
395 2772 537 2812 aculeis
565 2772 737 2812 homines
762 2772 987 2824 infestaret,
1033 2776 1119 2814 dum
1145 2775 1311 2814 maiores
1337 2789 1456 2828 nugas
1480 2789 1523 2815 ac
1547 2777 1695 2816 somnia

173 2839 277 2880 velut
300 2854 320 2880 e
346 2841 454 2881 coelo
480 2840 657 2895 delapsus
685 2840 836 2881 efl'utiit.
896 2839 990 2882 Fuit
1011 2842 1046 2882 ei
1075 2842 1235 2897 primum
1262 2857 1344 2882 cum
1368 2841 1505 2883 Marco
1528 2843 1695 2885 societas

220 2985 293 3018 Car.
315 2987 339 3016 1.
366 3004 408 3011 —-
435 2988 461 3019 l.
486 2989 625 3020 Fortasse
648 2986 753 3030 ἑτέρᾳ.
952 2992 982 3020 ζ’.
1006 2990 1053 3021 lta
1076 2991 1227 3029 rescripsi.
1274 2990 1359 3021 Libri
1381 2991 1490 3023 habent
1512 2989 1649 3030 τούτοις.

1722 2580 1799 2624 Cap.
1817 2582 1839 2612 Ῐ.
