2034 3267
460 159 638 191 PANAuu
664 160 744 192 ΜΒ.
767 161 790 194 1.
814 161 921 193 ToM.
939 162 995 193 111.
1020 161 1149 193 HAER.
1165 160 1326 193 xxxiv.
1573 153 1653 193 463

133 239 262 290 orbes,
290 252 384 293 quos
409 239 539 279 coelos
561 240 774 294 appellant:
804 241 940 281 deinde
963 241 1144 280 maiorem
1166 240 1269 280 illum
1292 239 1462 293 reliquos
1485 239 1655 279 ambien-

132 315 230 356 tem,
276 307 373 360 quod
405 313 582 347 octavum
614 308 762 348 coelum
790 308 1002 348 nominant.
1064 307 1274 348 Praeterea
1300 308 1419 348 solem
1448 314 1486 348 et
1509 308 1652 348 lunam.

132 372 242 427 Quae
278 374 405 414 onmia
437 374 594 414 denario
629 376 904 430 comprehensa
940 390 1098 415 numero
1135 374 1299 415 Decadis
1334 375 1458 426 illius,
1504 390 1600 429 quae
1633 390 1652 415 a

130 440 263 482 Verbo
297 440 463 495 Vitaque
503 456 574 483 uec
605 443 849 498 aspectabilis
889 443 1096 496 profluxit,
1141 443 1298 496 liguram
1339 457 1426 483 esse
1462 444 1651 483 dictitant.

127 507 229 549 Nam
256 508 498 549 Dodecadem
526 511 618 550 orbe
643 511 706 550 illo
732 511 916 564 signifero
941 511 1222 559 demonstrari3
1267 511 1364 563 quod
1391 511 1588 551 duodecim
1615 511 1651 550 in

128 590 174 616 eo
204 577 314 630 signa
345 577 657 618 manifestissime
689 578 788 618 illam
822 576 999 617 Hominis
1031 576 1306 630 Ecclesiaeque
1339 579 1449 618 liliam
1477 577 1654 618 Dodeca-

127 645 210 684 dem
235 644 468 699 exprimant.
531 643 723 698 Quoniam
746 652 870 685 autem
897 646 942 684 ad
968 644 1345 684 vehementissimum
1368 645 1470 685 illum
1497 646 1653 686 univer-

127 711 253 752 sitatis
279 712 460 767 impetum
483 714 755 753 moderandum
778 726 829 752 ex
853 713 1019 753 adverso
1042 710 1234 752 Saturnus
1259 713 1460 753 adiunctus
1484 721 1556 763 est,
1591 714 1653 767 qui

125 780 335 820 immensae
368 781 456 820 moli
490 779 687 835 proximus
719 780 960 834 rapiditatem
993 780 1094 819 illam
1124 779 1270 819 inhibet
1301 795 1344 819 ac
1377 795 1445 820 sua
1472 781 1650 821 tarditate

126 855 368 903 compensat,
415 848 471 888 sic
500 855 540 888 ut
565 861 750 887 annorum
774 847 927 901 triginta
952 848 1073 902 spatio
1105 861 1125 887 a
1152 855 1291 902 puncto
1318 849 1362 887 ad
1388 856 1566 902 punctum
1591 863 1650 889 re-

125 916 233 956 diens
266 916 449 956 circuitus
481 929 572 955 suos
605 915 803 965 absolvat,
848 915 882 954 id
916 915 1066 969 quidem
1094 914 1201 955 Horo
1231 915 1389 955 mirifice
1416 931 1648 970 congruere,

125 983 186 1037 qui
212 983 381 1038 ipsorum
405 981 575 1023 Matrem
603 984 759 1037 triginta
783 983 983 1023 vocabulis
1005 983 1224 1037 insignitam
1253 984 1532 1038 complectitur.
1589 985 1650 1024 Ad

124 1052 218 1091 haec
237 1051 388 1101 lunam,
422 1064 517 1104 quae
543 1050 698 1104 triginta
721 1051 853 1091 diebus
879 1051 1012 1091 orbem
1034 1065 1142 1091 suum
1168 1052 1343 1101 conticit,
1379 1051 1448 1091 lioc
1472 1052 1554 1106 ipso
1582 1067 1650 1092 nu—

125 1133 230 1159 mero
253 1119 411 1159 Aeones
435 1118 662 1158 adumbrare
685 1119 857 1159 totidem.
914 1117 1044 1160 Solem
1068 1133 1160 1159 vero
1185 1119 1371 1159 duodenis
1396 1119 1651 1160 circumvolu-

125 1195 201 1228 tum
223 1186 419 1227 mensibus
442 1186 797 1240 conversionesque
818 1201 908 1227 suas
931 1202 976 1227 eo
995 1187 1201 1227 intervallo
1223 1187 1491 1228 terminantem
1515 1188 1646 1228 horum

123 1269 282 1296 numero
313 1254 501 1294 mensium
529 1253 773 1294 Dodecadem
807 1256 969 1295 referre.
1030 1254 1127 1295 Dies
1157 1269 1272 1309 porro
1305 1256 1505 1296 duodecim
1538 1256 1649 1297 liora-

121 1338 203 1364 rum
228 1323 350 1377 spatio
377 1322 552 1362 definitos
577 1321 822 1363 simulacrum
848 1323 1034 1377 quoddam
1062 1323 1211 1363 lucidae
1235 1323 1336 1363 illius
1359 1337 1447 1363 esse
1472 1322 1649 1364 Dodeca-

121 1390 192 1431 dis.
254 1389 372 1431 Velut
403 1390 521 1441 hora,
570 1404 665 1443 quae
699 1391 925 1431 duodecima
956 1391 1030 1431 diei
1060 1405 1148 1445 pars
1182 1398 1262 1442 est,
1310 1391 1467 1431 tricenis
1501 1399 1560 1431 est
1590 1392 1647 1431 in-

119 1465 265 1499 structa
289 1457 475 1512 partibus,
510 1472 606 1512 quae
633 1457 853 1511 Triceuarii
875 1459 1161 1499 similitudinem
1186 1466 1341 1513 gerunt.
1405 1457 1507 1512 Quin
1532 1459 1645 1499 etiam

119 1526 295 1580 signiferi
336 1525 437 1566 illius
477 1526 581 1566 orbis
622 1526 803 1566 ambitum
843 1527 1014 1580 partibus
1055 1533 1234 1567 constare
1276 1524 1482 1568 CCCLX.
1542 1525 1645 1567 Nam

118 1594 412 1648 unumquodque
439 1594 590 1647 signum
614 1591 740 1633 XXX
770 1594 1050 1648 complectitur.
1112 1592 1169 1634 Ita
1198 1595 1236 1634 in
1264 1595 1335 1635 lioc
1359 1595 1474 1635 etiam
1503 1594 1646 1634 circulo

118 1669 311 1702 servatam
343 1675 431 1702 esse
458 1662 588 1701 dicunt
617 1660 699 1701 cius
728 1660 1024 1702 necessitudinis
1049 1662 1324 1712 imitationem,
1369 1676 1465 1716 quae
1490 1661 1646 1702 Duode-

118 1730 265 1770 narium
291 1729 395 1769 inter
423 1744 467 1769 ac
494 1729 768 1770 Tricenarium
793 1728 1012 1769 intercedit.
1074 1728 1224 1770 Deinde
1251 1737 1354 1770 terra
1377 1729 1577 1770 duodecim
1608 1729 1645 1769 in

118 1797 269 1837 climata
293 1798 550 1851 regionesque
574 1796 721 1847 divisa,
756 1804 794 1836 et
817 1798 853 1837 in
876 1797 1038 1851 singulis
1059 1797 1265 1838 demissam
1292 1812 1312 1837 e
1333 1797 1443 1837 coelo
1465 1797 1644 1837 virtutem

118 1872 183 1905 aut
210 1865 523 1920 perpendiculum
551 1865 775 1919 excipiens,
820 1866 930 1919 eique
956 1865 1110 1915 virtuti,
1155 1866 1253 1906 unde
1279 1865 1454 1906 derivata
1479 1865 1540 1905 illa
1569 1872 1643 1917 est,

117 1932 331 1974 simillimos
359 1935 460 1974 setus
488 1933 641 1989 pariens
667 1932 938 1983 Dodecadem3
980 1940 1021 1973 ut
1043 1932 1173 1984 aiunt,
1217 1933 1338 1988 ipsam
1366 1933 1525 1987 eiusque
1551 1933 1645 1973 libe-

115 2015 181 2041 ros
205 2001 409 2042 manifeste
434 2007 714 2055 repraesentat.
779 1998 941 2040 Praeter
961 2001 1056 2041 haec
1079 2001 1318 2042 conditorem
1341 2009 1525 2051 narrant,
1559 2015 1643 2041 cum

116 2082 319 2123 supremae
342 2066 538 2123 Ogdoadis
560 2067 802 2119 infinitatem,
835 2070 1101 2109 aeternitatem
1125 2084 1170 2109 ac
1191 2069 1374 2124 temporis
1396 2068 1546 2122 locique
1569 2069 1644 2108 cir-

116 2137 414 2192 cumscriptione
441 2143 637 2177 carentem
662 2136 920 2177 conditionem
944 2136 1083 2177 imitari
1108 2144 1285 2192 cuperet,
1331 2151 1454 2190 neque
1482 2137 1579 2190 quod
1606 2137 1642 2176 in

115 2204 180 2244 illa
214 2205 351 2245 stabile
381 2211 440 2244 est
471 2218 515 2244 ac
545 2204 818 2258 sempiternum
846 2211 977 2258 posset
1003 2205 1247 2259 exprimere,
1292 2218 1338 2244 eo
1369 2205 1467 2257 quod
1497 2205 1641 2244 fructus

116 2280 221 2312 esset
244 2271 427 2327 penuriae
450 2286 494 2312 ac
517 2273 688 2312 desectus
709 2271 861 2326 aliquis,
893 2273 932 2312 in
957 2279 1204 2327 tempestates
1227 2287 1270 2313 ac
1293 2280 1465 2326 tempora
1490 2279 1527 2312 et
1547 2271 1642 2312 mul-

113 2374 185 2404 edit.
204 2376 302 2413 princ.
339 2372 542 2407 ἐκτυποῦσαν
562 2374 855 2414 Pseudo-Ori9enes.
901 2376 1059 2415 Interpres.

114 2416 305 2452 ἐκτυπῶσαι
326 2421 444 2451 Bittius.
945 2421 994 2453 ltj.
1019 2419 1076 2453 καὶ
1097 2421 1209 2451 addidi
1229 2429 1266 2450 ex
1287 2420 1378 2450 codd.
1402 2420 1507 2450 Veneto
1531 2422 1557 2449 et
1581 2420 1640 2450 Va—

161 2464 209 2495 ll.
233 2462 483 2507 περιερχόμενον
507 2465 649 2503 rescripsi
667 2473 704 2495 ex
728 2465 787 2495 Vct.
804 2466 852 2496 ln-

112 2511 256 2548 terprete,
289 2511 462 2548 postulante
485 2511 640 2541 sententia.
685 2510 853 2548 Epiphanii

111 2555 181 2585 libri
201 2564 301 2585 omnes
318 2557 463 2593 praebent
481 2566 567 2595 7:29.-
559 2552 731 2597 :totamm
758 2555 853 2586 Pseu-

113 2599 176 2630 do·
189 2600 333 2639 Oriyenes
357 2597 441 2651 ε’μτῑε
445 2610 491 2640 pis
493 2599 578 2643 χόμε
581 2610 641 2632 κο)

162 2643 210 2675 l-'.
234 2641 413 2678 δωδεκάδα
438 2646 573 2678 Pseudo·
580 2646 722 2683 Oriqenes
741 2647 769 2676 et
793 2646 853 2676 Vet.

113 2689 273 2728 Interpres-
321 2691 410 2723 δωδ;
413 2689 515 2731 κάτην
539 2690 707 2728 Epiphanii
731 2691 807 2721 libri.

159 2735 209 2765 15.
235 2735 335 2776 κενῆς
353 2735 498 2767 Pseudo·
512 2736 670 2773 Ori9enes.
707 2744 772 2764 non
793 2745 854 2777 ap—

113 2777 256 2819 parentis
275 2782 417 2811 convertit
435 2782 494 2811 lel-
511 2781 679 2818 Interpre85
697 2780 777 2810 uncte
789 2789 855 2811 cor-

114 2827 255 2854 rexerunt
278 2835 314 2856 ου
339 2824 478 2866 φαεινῆς

159 2865 209 2899 14.
233 2868 420 2922 μετρῆσὲα.
439 2871 505 2901 cod.
522 2869 669 2902 Pseudo·
683 2869 831 2909 Oriyem‘s

161 2912 210 2943 15.
234 2909 296 2946 ἀντὶ
313 2913 388 2955 μίαν
407 2911 527 2955 δύναμ.
529 2926 543 2946 ν
560 2914 695 2946 Pseudo·
703 2915 858 2953 Ori9enes.

113 2967 370 3001 unamquamque
394 2958 550 2991 virtutem
572 2961 660 2990 vertit
683 2960 774 2990 etiam
794 2960 855 2991 let.

898 2467 959 2504 lic,
983 2467 1088 2497 ettet
1105 2467 1275 2504 Interprele
1318 2465 1466 2496 Pseudo·
1455 2465 1640 2503 -Oriqeneffi

900 2509 957 2543 καὶ
981 2507 1136 2553 &uoto-m
1161 2509 1335 2542 τίκτουσαν
1360 2512 1425 2540 cett.

946 2555 995 2587 17.
1018 2566 1079 2597 τη)
1098 2566 1143 2587 ατ-
1135 2553 1202 2595 ὀρρ
1207 2566 1273 2587 mot)
1292 2555 1379 2585 codd.
1399 2555 1494 2585 Venet.
1513 2555 1639 2594 Rhedig.

899 2597 985 2632 κατὰ.
1000 2600 1125 2640 (repone
1142 2598 1251 2642 κάτῳ)
1270 2610 1329 2639 την
1349 2610 1394 2631 ατ-
1386 2597 1452 2640 69:
1457 2610 1485 2631 ον.
1488 2610 1524 2630 αν
1544 2599 1640 2630 Pseu-

898 2647 952 2676 do·
941 2647 1111 2685 -Oriyenes
1155 2646 1285 2683 tulqata
1306 2646 1458 2683 scriptura
1479 2647 1520 2674 est
1539 2641 1621 2684 otte-59

901 2701 997 2742 ponza
1029 2692 1092 2723 Pro
1109 2687 1229 2731 δύναμ.
1231 2701 1245 2722 ν
1265 2690 1570 2729 Vet.1nlerpresle91t
1585 2676 1639 2723 δὐ-

899 2731 983 2777 νάυ.ε

947 2782 998 2813 15
1022 2775 1160 2821 &omum
1186 2780 1332 2812 Pseudo·
1345 2780 1499 2819 Origenes.

948 2823 997 2857 19.
1022 2826 1167 2856 Pseudo·
1170 2826 1342 2877 Origenes:
1372 2823 1418 2861 εἰς
1441 2824 1537 2856 τοῦτο
1561 2822 1638 2876 γρό-

900 2880 973 2907 νους
992 2869 1050 2902 καὶ
1067 2881 1140 2911 καις,
1145 2867 1201 2905 οὓς
1187 2892 1237 2929 'a
1233 2865 1285 2909 ἀρ
1303 2880 1330 2900 τ
1349 2879 1371 2901 π
1401 2866 1483 2909 πρὸς
1499 2866 1536 2901 τὸ
1558 2865 1639 2901 αἰω-

900 2926 925 2946 ν
921 2926 962 2948 ο.ν
978 2910 1083 2955 α3τῆς
1100 2925 1136 2946 τε
1139 2913 1283 2946 :ztoima-
1310 2911 1492 2956 Γενόμενον
1510 2911 1568 2955 μὲν
1585 2925 1638 2947 ουν

901 2958 934 2992 ἐ)
957 2959 1005 3003 τῷ
1031 2957 1151 3001 πληὲε.
1174 2962 1239 2991 cett.
