2034 3267
438 151 614 182 PANARn
640 151 723 183 ΜΒ.
743 152 767 183 1.
793 152 898 183 ΤοΜ.
918 153 958 183 11.
983 152 1112 184 HAER.
1135 153 1302 184 xxxni.
1553 144 1632 184 399

110 229 349 271 recensenda
372 230 680 285 confutandaque
705 231 872 286 nequitia
894 245 978 272 cum
1000 231 1302 286 nobismetipsis,
1335 238 1411 272 tum
1436 231 1521 272 aliis
1541 246 1634 285 quo-

109 312 182 352 que
202 297 329 337 divina
353 311 422 351 ope
449 298 535 338 freti
558 299 759 339 consulere
783 299 987 354 possimus.
1035 298 1159 352 Quam
1181 300 1226 340 ad
1248 314 1327 339 rem
1351 299 1493 340 domini
1512 300 1635 340 nostri

110 365 319 405 doctrinam
346 379 391 405 ac
417 366 654 407 notissimam
682 366 855 407 veritatis
882 368 1241 422 contemplationem
1269 367 1554 416 adhibebimus,
1596 374 1635 407 ut

109 433 210 474 illam
234 447 422 488 myagron
445 434 637 489 viperam,
678 449 774 488 quae
800 435 1043 490 plurimarum
1069 435 1227 475 aliarum
1252 436 1386 477 similis
1408 443 1489 487 est,
1529 435 1634 477 velut

109 501 335 555 evangelico
367 501 495 542 calceo
527 502 794 557 proculcantes
826 509 975 543 ceteras
1006 503 1291 557 aggrediamur.

256 661 742 710 ADVERSUS
803 662 1481 722 PTOLEMAITAS,

369 758 475 803 quae
513 746 580 789 est
613 741 806 788 haeresis
836 741 992 801 XIII.,
1029 742 1121 790 sive
1149 741 1368 789 XXXIII.

216 841 419 883 Secundus
445 842 562 896 igitur
587 848 699 895 atque
725 841 946 896 Epiphanes
971 840 1110 882 Isidori
1133 842 1425 882 cohortationes
1452 842 1495 882 ad
1522 857 1630 882 usum

106 917 236 950 sectae
255 924 347 950 suae
368 909 634 964 opinionisque
658 910 950 950 transtulerunt.
993 908 1195 951 Successit
1215 910 1261 950 iis
1282 908 1544 960 Ptolemaeus,
1569 911 1631 964 qui

107 979 195 1018 licet
218 977 514 1027 Gnosticorum,
548 977 609 1030 qui
633 977 684 1017 ita
706 977 904 1029 dicuntur,
940 978 1142 1029 haeresin,
1184 992 1228 1018 ac
1253 977 1630 1028 Valentinianorum,

108 1060 178 1086 nec
205 1061 279 1086 non
307 1053 344 1086 et
370 1046 529 1085 aliorum
555 1046 791 1098 quorundam
816 1046 864 1085 sit
889 1046 1115 1101 amplexus,
1159 1045 1340 1086 nonnulla
1364 1053 1489 1086 tamen
1517 1047 1563 1086 ad
1589 1060 1634 1086 ea

105 1128 203 1168 quae
234 1129 256 1154 a
283 1113 475 1168 magistris
502 1112 704 1163 hauserat,
748 1114 909 1164 adiecit;
954 1113 1061 1154 cuius
1093 1114 1207 1154 etiam
1239 1114 1392 1154 nomine
1419 1120 1632 1154 sectatores

107 1183 255 1236 quidam
277 1182 358 1222 eius
379 1181 609 1235 gloriantur,
636 1196 731 1236 quos
749 1180 995 1222 Ptolemaeos
1015 1182 1227 1222 nominant.
1270 1181 1343 1222 Hic
1363 1182 1427 1222 ille
1447 1197 1531 1222 cum
1554 1182 1633 1223 suis

107 1249 353 1290 Ptolemaeus
381 1250 496 1303 longe
527 1249 572 1290 iis
605 1264 700 1304 quos
727 1257 996 1304 praeceptores
1025 1250 1151 1290 habuit
1180 1250 1396 1290 eruditione
1423 1251 1629 1305 praestitit,

109 1326 146 1359 et
163 1318 312 1358 illorum
334 1318 544 1358 doctrinam
566 1332 702 1371 magna
726 1319 950 1358 accessione
971 1318 1192 1359 cumulavit.
1233 1317 1387 1358 Etenim
1410 1319 1496 1369 (leo,
1522 1333 1631 1373 quem

106 1386 158 1426 illi
181 1383 337 1440 Bython
361 1386 573 1440 appellant,
609 1386 794 1439 coniuges
819 1386 912 1426 duas
937 1401 958 1426 a
982 1401 1023 1426 se
1048 1386 1226 1427 inventas
1252 1387 1446 1437 attribuit,
1481 1401 1573 1440 quas
1597 1395 1635 1427 et

105 1454 346 1494 Affectiones
371 1454 548 1505 vocavit,
583 1451 869 1507 Cogitationem
894 1454 1073 1495 videlicet
1099 1468 1142 1494 ac
1167 1452 1440 1504 Voluntatem3
1474 1470 1632 1508 quarum

104 1521 210 1577 prior
239 1522 276 1562 in
311 1522 374 1562 illo
406 1536 558 1576 semper
586 1522 761 1562 existens
791 1536 836 1562 ac
862 1521 1037 1576 cogitans
1058 1521 1197 1576 aliquid
1221 1523 1469 1577 produxerit,
1512 1523 1632 1563 altera

103 1603 198 1630 vero
232 1596 367 1644 postea
399 1590 596 1631 recentior
630 1589 854 1631 accesserit.
916 1589 1086 1630 Primum
1119 1590 1242 1640 enim,
1285 1590 1431 1645 inquit,
1475 1591 1520 1630 de
1549 1605 1634 1645 pro-

87 1658 272 1698 »creando
295 1658 496 1711 cogitavit,
523 1658 659 1698 deinde
680 1659 814 1698 voluit.
878 1657 1072 1711 Quocirca
1093 1658 1238 1698 duabus
1260 1658 1306 1699 iis
1330 1658 1630 1709 Affectiouibus,

104 1727 187 1766 sive
212 1725 452 1776 Virtutibus,
487 1740 572 1766 nam
601 1733 639 1766 et
663 1724 839 1766 Virtutes
864 1727 1017 1766 easdem
1043 1733 1180 1776 vocat,
1216 1723 1461 1780 Cogitatione
1485 1741 1528 1766 ac
1553 1725 1633 1766 Vo-

105 1795 275 1846 luntate,
309 1794 414 1834 velut
437 1793 603 1834 invicem
626 1793 852 1844 commistis,
886 1792 1089 1848 Unigenae
1108 1792 1374 1848 Veritatisque
1396 1809 1464 1849 par
1484 1801 1544 1834 est
1564 1808 1632 1834 ex-

107 1869 247 1903 ortum.
320 1860 427 1915 Quas
467 1861 617 1916 quidem
657 1862 816 1902 duarum
847 1869 1091 1916 paternarum
1124 1862 1406 1912 Affectionum,
1455 1869 1632 1916 tanquam

107 1944 204 1984 quae
237 1929 359 1970 videri
394 1936 612 1984 nequeunt,
660 1930 916 1984 aspectabiles
948 1930 1090 1984 figuras
1131 1944 1175 1970 ac
1208 1930 1415 1970 simulacra
1443 1931 1631 1985 prodiisse

107 1999 298 2038 sentiunt:
340 1996 562 2038 Voluntatis
588 1997 733 2038 scilicet
762 1997 1000 2047 Veritatem,
1036 1995 1293 2052 Cogitationis
1321 2012 1414 2039 vero
1441 1996 1629 2038 Mentem.

106 2066 166 2106 Ac
193 2080 261 2120 per
285 2064 534 2106 Voluntatem
559 2065 709 2118 quidem
735 2063 934 2120 Ingenitae
960 2063 1220 2120 Cogitationis
1244 2067 1451 2107 masculam
1473 2069 1630 2122 effigiem

106 2133 309 2184 extitisse,
353 2133 553 2188 ipsiusmet
591 2147 684 2173 vero
719 2132 961 2185 Voluntatis,
1007 2134 1209 2174 femineam
1245 2134 1378 2175 fuisse.
1440 2134 1633 2176 Voluntas

109 2216 200 2256 ergo
221 2199 481 2256 Cogitationis
502 2200 726 2241 administra
746 2201 804 2242 vis
828 2202 910 2242 fuit.
968 2200 1164 2256 Siquidem
1188 2202 1282 2242 haec
1304 2203 1455 2242 tametsi
1479 2204 1524 2242 de
1546 2218 1632 2257 pro-

108 2269 287 2310 ductione
307 2270 406 2324 apud
428 2284 471 2309 se
493 2269 703 2323 cogitaret,
746 2269 900 2310 minime
924 2277 1049 2310 tamen
1073 2284 1141 2325 per
1163 2284 1204 2310 se
1224 2269 1346 2323 ipsam
1369 2272 1544 2325 proferre
1568 2285 1631 2310 co-

107 2337 227 2390 gitata
258 2337 394 2391 potuit.
457 2335 535 2378 Sed
568 2344 608 2377 ut
634 2335 855 2378 Voluntatis
886 2337 944 2378 vis
972 2339 1160 2389 accessit,
1203 2345 1279 2378 tum
1311 2339 1410 2392 quod
1439 2339 1632 2393 cogitabat

109 2404 305 2459 produxit.

222 2470 257 2513 Ο
282 2472 418 2514 stultas
441 2471 638 2526 anilesque
664 2472 832 2514 fabulas!
893 2473 1021 2515 Nemo
1045 2474 1168 2524 enim,
1202 2473 1264 2527 qui
1288 2473 1478 2528 paululum
1505 2473 1633 2514 iudicii

111 2564 165 2595 dat
184 2564 318 2595 Pseudo·
325 2565 467 2603 Origenes
487 2565 506 2594 l.
526 2564 545 2595 l.
594 2565 688 2603 Vulqo
709 2567 792 2595 extat
809 2564 852 2608 τῇ
896 2566 953 2598 τοῦ
983 2577 1023 2607 με
1025 2577 1039 2598 a
1062 2563 1258 2605 Θε)·οματος
1283 2562 1339 2597 τὸ)
1362 2563 1470 2603 Νοῦν,
1505 2564 1569 2606 τῆς
1597 2562 1634 2598 δὲ

112 2609 266 2661 προβολῇ.
895 2607 1045 2647 Εννοίας
1068 2607 1129 2651 τήν
1151 2606 1347 2650 Ἀληὲτειαι-
1381 2608 1438 2642 καὶ
1463 2607 1518 2642 διὰ
1540 2610 1634 2642 τοῦτο

157 2653 187 2686 7.
214 2651 261 2691 ὥς
283 2664 373 2690 ‘ttacaeg
396 2654 483 2684 habet
506 2654 648 2684 Pseudo-
661 2655 813 2693 Origenes.
897 2655 953 2688 τοῦ
974 2654 1181 2708 ἐπιβιῶ-ἰοῦ
1204 2654 1250 2686 Θε
1254 2653 1399 2696 λήματος
1416 2666 1431 2686 0
1451 2650 1531 2695 ἅρρε
1533 2652 1622 2692 vocem

156 2698 187 2730 8.
212 2699 352 2732 &emeno
369 2700 456 2730 habet
470 2699 604 2730 Pseudo
611 2699 764 2737 Origenes.
791 2700 852 2731 Ire·
897 2701 960 2741 τῆς
983 2698 1021 2734 δὲ
1043 2696 1103 2742 οἶγε
1105 2698 1219 2752 mito:
1235 2695 1387 2736 ’Emtag
1409 2711 1424 2733 0
1451 2699 1558 2740 ἓῆλυς
1581 2678 1635 2732 &ei

115 2745 183 2774 naen·
211 2745 281 2775 libri
307 2746 385 2775 inter
409 2754 552 2785 egressas
582 2747 608 2775 et
631 2743 798 2785 adgressas
827 2748 852 2775 ec
897 2743 933 2779 τὸ
960 2744 1008 2778 Θέ
1010 2747 1100 2787 ὶημα
1124 2740 1169 2782 ὥ
1159 2755 1231 2786 -περ
1256 2742 1395 2786 δῦααμις
1417 2742 1474 2786 ἐ·έ(
1475 2755 1506 2776 ν-
1494 2755 1546 2777 ..το
1571 2744 1635 2786 τῆς

118 2798 303 2829 progressas
326 2791 462 2820 variant.
896 2787 1005 2824 'Evaoi
995 2801 1057 2828 νας-

162 2831 192 2864 9.
216 2835 303 2865 Recte
326 2836 385 2865 tet.
404 2835 530 2873 Interpr.
563 2833 761 2866 Thelematis
779 2834 854 2877 qui·
946 2835 996 2868 10.
1021 2834 1142 2872 ἐννοίας
1165 2835 1230 2866 cod.
1248 2836 1344 2866 Valic.
1362 2838 1387 2866 et
1406 2835 1476 2866 inde
1493 2836 1563 2866 edit.
1578 2837 1634 2866 Pe-

121 2875 194 2907 dem
212 2878 298 2915 Nun,
320 2879 469 2909 Ennoeas
488 2884 595 2909 autem
615 2879 796 2918 Aletheian,
822 2886 855 2911 et
899 2884 960 2912 tuv.
1015 2876 1130 2917 ου’σίας
1153 2881 1219 2910 cod.
1240 2881 1367 2920 Rhediy.
1395 2883 1421 2911 et
1442 2881 1514 2910 edit.
1535 2882 1633 2919 princ.

121 2927 256 2963 propter
275 2922 340 2954 hoc
359 2923 561 2955 adventiciae
579 2923 762 2955 Voluntatis
782 2935 854 2956 rna-
898 2928 1033 2958 Alteram
1049 2927 1233 2965 scripturam
1253 2928 1379 2957 testatur
1396 2926 1487 2956 eliam
1507 2927 1566 2957 Vel.
1586 2927 1634 2956 In-

124 2965 226 2997 sculus
246 2974 296 2999 est
309 2967 417 3009 imago
437 2972 503 3000 cett.
538 2971 679 3001 Pseudo·
693 2971 854 3010 Origenes:
899 2974 1012 3011 terpres
1035 2972 1160 3003 Irenaei.

1658 849 1734 891 Cap.
1759 850 1780 880 Ι.

1658 2483 1735 2515 CAP.
1764 2486 1802 2515 Π.
