2034 3267
473 166 648 197 PANARH
675 167 752 197 ΜΒ.
778 167 800 197 1.
827 168 930 198 '1'0M.
955 168 991 197 Η.
1018 167 1146 198 HAER.
1169 168 1308 199 xxvii.
1569 164 1647 201 215

133 244 371 299 explicabilis
404 244 526 284 virtus
558 244 716 283 aliorum
750 245 972 298 angelorum
1007 259 1121 284 causa
1153 246 1242 295 fuit,
1290 247 1352 287 vel
1381 248 1415 287 ei
1447 248 1646 288 tribuenda

134 312 209 352 erit
231 311 447 365 ignorantia
471 311 531 364 qui
557 310 606 350 sit
626 311 892 351 universorum
916 326 1078 365 parens,
1111 313 1208 366 quod
1230 313 1386 366 ignarus
1410 329 1539 355 eorum
1565 318 1646 356 sue-

128 378 178 419 rit
202 392 297 432 quae
320 377 432 418 iidem
457 378 508 418 illi
533 392 626 431 quos
653 377 877 431 designabat
899 379 1070 419 effecturi
1094 387 1204 419 erant
1226 382 1367 434 angeli,
1399 396 1522 436 neque
1542 383 1644 424 istud

127 445 308 495 sciverit,
342 445 607 485 subtracturos
632 459 674 485 se
699 444 745 484 ab
771 444 853 484 eius
874 452 1086 497 potestate,
1119 460 1240 500 eaque
1263 462 1358 501 quae
1383 450 1536 490 minime
1565 451 1642 491 vel-

127 513 181 553 let
203 513 404 566 aliquando
428 526 513 552 esse
540 513 730 551 facturos:
764 511 826 550 vel
849 512 904 550 sic
926 512 1010 551 illos
1034 527 1260 566 procreasse
1283 515 1464 556 dicendus
1489 525 1569 568 est,
1603 526 1643 558 ut

128 580 226 634 quod
248 579 329 619 lieri
352 580 470 619 nollet
493 580 661 618 facturos
681 590 767 617 esse
790 585 1059 630 cognosceret,
1086 581 1183 632 quod
1203 581 1250 620 iis
1271 583 1489 624 auctoribus
1510 593 1642 638 postea

127 648 178 687 sit
207 653 402 696 secutum,
445 653 558 700 atque
588 645 658 684 hoc
683 644 795 683 modo
821 644 999 698 quicquid
1024 646 1107 685 ausi
1131 646 1193 686 isti
1218 648 1383 700 suerint,
1428 650 1498 691 hoc
1519 652 1580 692 ille
1605 660 1643 693 ct

126 714 286 755 scientia
309 714 388 768 ipsa
411 721 448 753 et
467 710 721 753 consensione
746 725 790 751 ac
809 711 1006 751 voluntate
1028 714 1202 765 perfecit.
1262 713 1384 768 Igitur
1404 717 1459 767 si,
1493 726 1532 758 ut
1553 726 1641 760 ante

126 782 266 822 dictum
298 788 378 830 est,
420 794 464 820 ea
491 784 623 818 nosset
646 791 742 831 quae
771 778 908 818 facturi
933 786 1043 819 erant
1069 781 1217 833 angeli,
1261 795 1384 835 neque
1411 790 1534 825 tamen
1559 788 1639 826 fieri

126 849 263 897 vellet,
298 862 366 888 cur
385 860 450 886 eos
472 845 533 899 qui
554 845 589 884 id
615 845 764 898 egerint
786 845 967 899 produxit
989 860 1169 900 unquam,
1205 854 1245 888 ut
1268 863 1364 902 quae
1386 851 1503 891 nollet
1524 855 1639 893 aude-

126 924 212 956 rent
235 914 433 969 aliquando
457 912 610 952 facere?
669 911 740 952 Sin
764 912 922 966 angelos
947 913 1027 967 ipse
1054 915 1244 965 condidit,
1277 929 1345 956 sua
1370 924 1412 957 ut
1435 918 1498 957 illa
1523 933 1638 973 opera

126 988 379 1038 praestarent,
411 979 491 1019 fieri
512 979 628 1031 igitur
651 992 694 1018 ea
717 993 791 1019 non
814 980 949 1031 noluit,
982 995 1065 1020 cum
1090 981 1177 1022 ideo
1199 990 1376 1024 auctores
1396 985 1546 1025 illorum
1572 1001 1639 1027 an-

127 1051 234 1103 gelos
256 1055 342 1089 ante
364 1046 626 1101 produxerit„
666 1044 779 1098 Quod
805 1047 835 1087 si
860 1048 904 1087 ad
929 1048 1060 1087 eadem
1080 1049 1143 1089 illa
1168 1050 1339 1090 facienda
1365 1052 1567 1105 produxit,
1601 1062 1638 1093 et

127 1131 171 1157 ea
202 1123 324 1155 tamen
351 1127 445 1168 quae
478 1114 577 1153 facta
605 1120 694 1153 sunt
723 1113 945 1165 interdixit,
987 1115 1185 1156 enimvero
1211 1117 1400 1158 calumnia
1427 1133 1471 1159 ac
1496 1121 1638 1161 malitia

129 1183 306 1237 quaedam
332 1181 567 1220 intercessit.
629 1178 672 1221 Si
698 1194 792 1221 vero
818 1181 892 1221 illis
914 1189 954 1222 ut
978 1184 1170 1224 efficerent
1191 1185 1384 1239 permisit,
1428 1201 1525 1241 quae
1545 1202 1638 1227 vcro

124 1256 210 1290 sunt
229 1249 274 1288 ab
298 1247 344 1287 iis
367 1248 527 1298 effecta,
560 1248 734 1288 homines
755 1248 934 1289 videlicet
958 1257 996 1289 et
1017 1251 1180 1301 animas,
1213 1260 1367 1306 praeter
1386 1254 1547 1294 istorum
1569 1270 1638 1295 vo-

122 1317 301 1357 luntatem
330 1316 376 1355 ad
401 1329 489 1355 sese
517 1329 732 1369 aggregare
760 1317 909 1367 studet,
951 1317 1021 1357 hoc
1046 1318 1194 1358 demum
1219 1320 1308 1360 nibil
1341 1321 1414 1360 erit
1436 1321 1536 1361 aliud
1564 1323 1635 1362 nisi

123 1383 307 1438 cupiditas
328 1383 512 1436 quaedam
533 1382 744 1422 alienorum
765 1390 963 1437 appetens,
997 1399 1082 1424 cum
1101 1385 1274 1426 homines
1294 1387 1339 1426 ab
1363 1388 1507 1442 angelis
1527 1391 1637 1429 efficti

119 1450 252 1491 iisdem
277 1449 370 1505 ipsis
395 1450 525 1489 invitis
551 1464 570 1489 a
594 1464 773 1504 supremo
795 1451 859 1490 illo
885 1451 1121 1492 dominatore
1146 1454 1358 1506 rapiuntur.
1419 1453 1502 1495 imo
1525 1457 1636 1496 etiam

119 1516 389 1558 imbecillitatis
421 1517 522 1557 istud
553 1517 647 1568 erit,
692 1532 776 1558 cum
803 1518 884 1573 ipse
911 1518 983 1559 sibi
1009 1519 1133 1559 moliri
1159 1528 1321 1575 nequeat
1351 1537 1448 1576 quae
1473 1531 1562 1563 sunt
1590 1524 1637 1564 ab

119 1585 167 1625 iis
192 1585 292 1625 sacta
315 1598 473 1638 quorum
502 1591 561 1624 est
586 1592 719 1625 auctor
742 1599 811 1640 per
834 1585 908 1625 vim
933 1600 978 1626 ac
1005 1587 1225 1627 violentiam
1251 1590 1418 1629 auferre.
1480 1588 1566 1643 Quo
1599 1592 1638 1631 tit

122 1659 161 1693 ut
193 1653 238 1692 ad
270 1652 382 1692 inane
417 1659 670 1692 commentum
704 1667 748 1692 ac
780 1652 944 1693 fabulam
976 1660 1054 1694 tota
1084 1655 1234 1695 illorum
1268 1657 1441 1697 doctriua
1474 1659 1634 1708 recidat,

122 1733 218 1774 quae
241 1719 311 1759 hoc
333 1726 505 1770 asserat,
541 1720 690 1759 tametsi
713 1720 861 1760 infimae
883 1720 1046 1762 virtutes
1067 1723 1322 1763 mediocribus
1344 1724 1582 1776 subiaceant,
1615 1741 1636 1765 a

121 1787 375 1827 mediocribus
399 1794 550 1838 tamen,
585 1801 680 1840 quae
704 1787 852 1828 illarum
876 1802 1037 1829 caussae
1058 1796 1169 1840 sunt,
1201 1804 1346 1845 poenas
1368 1792 1520 1846 expeti,
1552 1793 1636 1832 infi-

121 1868 276 1908 masque
306 1854 563 1894 mediocribus
593 1854 782 1908 superatis
811 1856 855 1895 ad
882 1870 1099 1910 supremum
1131 1859 1298 1898 omnium
1323 1867 1517 1899 auctorem
1545 1873 1636 1900 evo-

119 1923 216 1972 lare,
250 1935 294 1962 ac
315 1922 530 1962 libertatem
550 1922 748 1975 consequi,
782 1923 852 1963 hoc
874 1931 933 1963 est
953 1924 1098 1965 animas
1118 1939 1215 1979 quae
1238 1926 1276 1965 in
1301 1926 1370 1966 hac
1392 1941 1519 1967 rerum
1545 1941 1635 1967 con-

120 1989 282 2030 ditarum
302 1989 554 2029 universitate
576 1990 836 2030 continentur.
881 1990 1138 2044 Quamobrem
1160 2007 1360 2046 supremus
1379 1994 1458 2045 ille,
1485 1994 1548 2048 qui
1569 2008 1635 2034 eas

120 2070 255 2097 creare
280 2056 519 2111 nequiverit,
552 2057 819 2098 imbecillitatis
838 2066 1032 2111 arguetur.
1095 2057 1203 2112 Quos
1223 2060 1305 2114 ipse
1327 2074 1422 2101 vero
1443 2062 1635 2116 produxe-

118 2124 191 2176 rit,
233 2124 420 2165 eiusmodi
444 2139 530 2165 esse
552 2124 780 2165 videbuntur
801 2125 863 2179 qui
888 2139 931 2166 ea
956 2127 1083 2167 facere
1107 2127 1256 2181 possint
1279 2142 1374 2182 quae
1397 2129 1459 2169 vel
1480 2129 1542 2169 ille
1567 2143 1634 2169 no-

119 2192 255 2243 luerit,
298 2192 363 2232 vel
394 2199 433 2233 ut
462 2193 629 2232 maxime
653 2192 791 2244 vellet,
835 2194 962 2234 facere
988 2194 1090 2234 nullo
1117 2195 1228 2234 modo
1254 2195 1434 2249 potuerit.
1493 2195 1633 2250 Neque

119 2259 219 2299 enim
244 2274 403 2314 quorum
428 2260 492 2300 ille
516 2259 707 2299 desiderio
728 2266 902 2311 tenetur,
943 2275 990 2302 ea
1014 2261 1085 2316 ipsi
1110 2262 1210 2301 mala
1234 2276 1319 2303 esse
1345 2270 1529 2317 possunt,
1572 2264 1635 2304 vel

118 2341 142 2366 a
161 2327 270 2366 malis
295 2328 492 2381 producta.
552 2325 653 2367 Nam
678 2326 710 2366 si
731 2328 828 2367 mala
850 2335 958 2378 sunt,
992 2329 1118 2384 perire
1146 2330 1312 2369 funditus
1337 2331 1517 2383 oportuit.
1562 2331 1633 2372 Sin

119 2408 206 2448 pars
233 2402 292 2435 est
319 2396 445 2449 operis
469 2394 594 2448 aliqua
620 2395 831 2445 servanda,
871 2396 1009 2436 malum
1034 2397 1156 2451 ipsum
1188 2410 1274 2438 esse
1306 2412 1381 2437 nou
1409 2405 1558 2453 potest,
1600 2400 1633 2439 si

120 2462 182 2502 vel
205 2461 287 2502 eius
310 2462 386 2502 ulla
412 2476 498 2516 pars
524 2462 630 2502 salva
653 2462 862 2515 reperitur,
906 2478 1029 2518 neque
1054 2465 1206 2520 ipsimet
1227 2465 1392 2506 artifices
1416 2467 1501 2507 mali
1526 2473 1630 2516 suut,

119 2529 181 2583 qui
206 2543 290 2569 eum
314 2530 376 2583 qui
399 2530 612 2569 servandus
632 2535 692 2568 est
712 2529 881 2571 fabricati
901 2532 1057 2573 fuerint.
1118 2531 1198 2573 lam
1221 2532 1252 2573 si
1277 2533 1322 2572 ab
1344 2533 1491 2587 angelis
1512 2534 1633 2574 omni-

120 2611 169 2637 no
195 2604 403 2651 propagata
426 2596 476 2636 sit
502 2596 648 2645 anima,
682 2603 792 2650 atque
815 2598 853 2638 in
877 2599 998 2640 lucem
1027 2600 1210 2654 producta
1232 2599 1308 2639 vim
1334 2601 1519 2654 quandam
1545 2615 1633 2642 coe-

120 2663 208 2705 litus
232 2664 446 2718 accepcrit,
486 2664 603 2703 multo
635 2663 751 2717 igitur
774 2666 894 2719 magis
919 2667 1080 2708 salutem
1105 2667 1331 2707 obtinebunt
1356 2668 1504 2722 angeli,
1547 2683 1630 2709 cum

122 2731 168 2771 ab
188 2732 280 2785 ipsis
301 2732 424 2772 anima
446 2732 557 2772 etiam
581 2732 688 2771 malis
712 2740 911 2786 procreata
929 2743 1122 2775 servetur.
1167 2733 1345 2788 Denique
1367 2736 1398 2774 si
1419 2736 1523 2776 salva
1545 2751 1631 2777 csse

123 2799 242 2851 possit
265 2799 412 2850 anima,
455 2813 580 2854 neque
603 2799 685 2853 ipsa
709 2800 805 2840 mala
831 2801 903 2842 erit
924 2803 969 2842 ab
996 2804 1141 2857 angelis
1170 2803 1374 2857 producta,
1417 2817 1540 2858 neque
1566 2819 1631 2844 an-

126 2865 223 2917 geli,
256 2881 278 2906 a
308 2867 442 2921 quibus
474 2867 567 2907 haec
597 2874 721 2907 ortum
755 2868 939 2910 habuerit.

235 2934 292 2973 Ac
315 2934 539 2989 quicumque
563 2935 671 2975 firmo
698 2942 736 2975 et
762 2938 949 2978 constanti
977 2939 1130 2993 ingenio
1160 2937 1352 2992 praeditus
1380 2946 1459 2990 est,
1492 2939 1630 2980 intelli·
1659 2944 1832 2986 Cap-VIII.
