2034 3267
168 841 255 883 Κεφ.
280 838 321 874 δ’.

203 1060 270 1088 pag.
288 1052 330 1079 36

344 151 394 189 88
898 152 1056 184 SANCTI
1082 150 1301 182 EPJPHANII

343 235 410 274 καὶ
437 233 665 286 εἱμαρμένης
697 233 822 269 Δυοῖν
845 225 918 305 γάρ
950 224 1099 304 ἀνάγκη
1125 223 1313 278 θάτερον,
1343 226 1370 279 ἢ
1402 227 1582 281 γενέσεως
1604 224 1856 279 ὑπαρχούσης

347 299 400 353 μή
423 298 522 341 εἶναι
543 301 680 352 κρίσιν,
712 293 776 335 διά
798 293 839 335 τὸ
864 292 933 334 τὸν
956 291 1176 347 πράττοντα
1197 289 1313 332 ούκ’
1289 290 1356 343 αφ’
1381 294 1520 335 ἑαυτοῦ
1540 293 1732 349 πράττειν,
1763 290 1857 334 ἀλλά

345 365 426 409 κατ’
454 364 625 419 ἀνάγκην
661 362 901 415 ἐπικρατείας
933 363 1002 412 τῆς
1033 359 1307 414 πεπρωμένης,
1336 356 1363 411 ἢ
1386 357 1444 399 ὅτι
1476 363 1634 414 κρίσεως
1661 358 1857 415 ὑπαρχού-

346 449 435 485 σης,
466 433 531 473 καὶ
554 432 594 471 έν
619 428 783 485 ἀληθείᾳ
805 427 1152 479 ἐπαπειλουμένης,
1182 427 1249 467 καὶ
1271 424 1403 478 νόμων
1421 426 1663 478 δικαζόντων,
1691 429 1758 469 καὶ
1781 431 1860 468 τῶν

346 499 388 542 vd
415 495 588 552 πονηρόν
619 496 802 551 δρώντων
825 497 939 547 δίκην
969 492 1212 547 ύπεχόντων,
1240 492 1365 545 νόμου
1392 508 1432 533 τε
1462 490 1771 549 ὁμολογουμένου
1802 496 1857 535 δι·

346 568 462 608 καίου
491 565 559 606 καὶ
583 566 742 619 κρίσεως
771 566 870 604 θεοῦ
899 560 1182 615 ἀληθεστάτης,
1214 558 1336 615 ἀργὴν
1363 557 1461 601 εἶναι
1491 558 1562 613 τήν
1591 562 1860 618 πεπρωμένην,

344 634 409 674 καὶ
441 630 494 685 μή
523 633 620 685 ἔχειν
648 630 748 679 ὅλως
776 628 959 671 σύστασιν
987 627 1030 670 τὸ
1061 626 1259 683 παράπαν.

460 831 600 876 Οπότε
624 832 689 875 δια
715 831 757 875 vd
789 830 985 873 δύνασθαι
1017 829 1249 885 ἁμαρτάνειν
1277 831 1344 872 καὶ
1373 827 1425 882 μή
1458 826 1662 883 ἁμαρτεῖν,
1700 826 1767 870 τὸν
1796 829 1864 881 μὲν

347 901 413 944 δια
441 901 488 943 vo}
517 899 772 956 ἁμαρτήματα
800 902 912 952 δίκην
936 897 1205 951 ἀπαιτεῖσθαι,
1235 896 1304 938 τὸν
1330 897 1414 938 δὲ’
1402 899 1562 938 ε’παινον
1585 894 1865 949 ἀπεκδέχεσθαι

347 968 412 1012 διά
434 968 476 1011 vd
501 971 542 1010 εὐ
565 969 823 1023 πεπραχέναι,
855 967 1013 1021 ὥρισται
1037 964 1130 1007 καθ’
1157 965 1347 1020 ἑκατέρων
1373 962 1416 1005 τὸ
1446 963 1648 1018 διάφορον.
1703 961 1771 1011 Ὡς
1799 963 1867 1004 καὶ

350 1040 419 1095 μία
449 1042 565 1094 φωνῇ
588 1039 720 1092 δικαίᾳ
743 1036 862 1090 λέγειν
889 1036 932 1063 1’
920 1036 976 1075 ε’νι
999 1031 1175 1090 συντόμω
1205 1030 1368 1088 ἀληθεία
1398 1030 1462 1072 δια
1485 1029 1644 1072 Ἠσαίου
1673 1035 1742 1072 τοῦ
1771 1047 1864 1084 προ-

348 1104 478 1159 φήτου
503 1106 546 1146 ἐκ
568 1102 779 1158 προςώπου
804 1104 943 1155 κυρίου
972 1101 1193 1156 εἰρημένον,
1221 1098 1286 1150 τὸ,
1314 1097 1404 1140 'Edu
1432 1099 1570 1151 θέλητε
1597 1099 1661 1139 καὶ
1694 1096 1865 1146 είςακού-

349 1173 439 1226 σητέ
461 1189 557 1225 μου,
588 1169 635 1212 τά
657 1169 791 1225 ἀγαθοὶ
814 1174 883 1223 τῆς
905 1173 978 1224 γῆς
999 1167 1200 1223 φάγησθε·
1232 1165 1300 1208 §obv
1323 1166 1365 1207 δὲ
1386 1164 1438 1218 μή
1464 1167 1622 1218 θέλητε,
1653 1166 1748 1218 μηδὲ
1772 1167 1869 1213 εἶςα-

349 1239 516 1293 κούσητέ
539 1256 635 1291 μου,
664 1237 832 1292 μάχαιρα
861 1235 965 1289 ὑμᾶς
987 1236 1200 1276 κατέδεται·
1230 1232 1274 1274 τὸ
1306 1231 1377 1287 γάρ
1407 1231 1530 1285 στόμα
1551 1235 1692 1287 κυρίου
1716 1231 1869 1285 ε’λάλησε

348 1313 480 1349 ταῦτα.
525 1305 643 1353 ’Ώςτε
671 1307 786 1345 παντί
814 1321 866 1360 τῳ
889 1302 1007 1355 δῆλόν
1035 1303 1112 1342 ἐστι
1142 1302 1209 1341 καὶ
1237 1298 1505 1352 ἀναμφίβολον
1535 1297 1589 1347 ὥς
1619 1298 1661 1341 τό
1687 1298 1867 1349 αὐτεξού-

351 1391 436 1417 σιον
461 1375 660 1426 παρείχετο
686 1370 802 1421 θεός,
835 1369 883 1411 δι’
910 1371 1050 1410 ἑαυτοῦ
1079 1366 1210 1420 φήσας
1232 1366 1298 1418 τό,
1327 1365 1418 1408 ’Edu
1443 1367 1600 1419 θέλητε,
1629 1367 1696 1408 καὶ
1719 1365 1771 1420 μή
1801 1367 1869 1408 θέ-

351 1448 456 1495 λητε,
489 1439 580 1488 ὥςτε
610 1440 699 1493 περὶ
730 1437 798 1480 τὸν
828 1436 1044 1491 ἄνθρωπον
1069 1432 1168 1476 εἶναι
1198 1432 1241 1476 τὸ
1280 1432 1552 1489 ἀγαθοεργεῖν,
1581 1433 1608 1487 ἢ
1633 1433 1676 1475 τὸ
1709 1432 1870 1485 φαύλων

354 1511 536 1561 ε’φίεσθαι
563 1505 811 1561 πραγμάτων.
876 1502 947 1552 Οἷς
973 1502 1239 1555 ἐπιφωνητέον
1270 1502 1348 1543 ἐστὶ
1376 1500 1612 1556 πυκνότερον
1637 1502 1703 1542 καὶ
1731 1506 1869 1542 πολλα-

352 1581 450 1630 χῶς,
480 1575 548 1616 καὶ
572 1572 618 1615 οὗ
649 1572 713 1615 διά
741 1577 831 1626 μιᾶς
854 1576 1011 1624 φωνῆς,
1042 1568 1134 1611 ἀλλά
1164 1567 1365 1619 πολλάκις,
1394 1567 1441 1609 τοὶ
1466 1567 1572 1623 παρά
1596 1573 1666 1610 τοῦ
1696 1573 1871 1623 σωτῆρος

354 1642 453 1698 πρὸς
487 1640 630 1689 αύτούς
660 1641 858 1695 εἰρημένα,
894 1637 995 1680 Οὐαὶ
1024 1636 1135 1691 ὑμῖν,
1168 1642 1205 1677 Γ
1201 1642 1406 1690 ραμματεῖς
1436 1638 1503 1677 καὶ
1534 1640 1743 1690 Φαρισαῖοι
1773 1634 1869 1677 ὕπο-

353 1711 502 1766 κριταὶ,
532 1708 592 1750 ὅτι
622 1711 918 1749 καταλελοίπατε
944 1705 991 1747 τὰ
1021 1705 1141 1759 βαρέα
1172 1709 1242 1746 τοῦ
1273 1703 1415 1755 νόμου,
1453 1703 1522 1757 τήν
1554 1707 1678 1758 κρίσιν
1705 1704 1772 1745 καὶ
1802 1702 1871 1745 ‘cdv

354 1780 478 1828 ἔλεον,
509 1777 574 1817 καὶ
597 1774 882 1817 ἀποδεκατοῦτε
903 1772 945 1815 τὸ
973 1772 1124 1826 ι’ίνηθον
1147 1773 1212 1814 καὶ
1234 1770 1276 1813 τὸ
1297 1770 1497 1824 ἡδύοσμον
1523 1773 1588 1812 καὶ
1610 1769 1653 1812 τό
1678 1770 1869 1825 πήγανον,

355 1847 423 1887 καὶ
436 1846 663 1898 καθαρίζετε
681 1842 724 1884 τὸ
745 1841 855 1890 ε’κτός
873 1846 943 1882 τοῦ
962 1843 1152 1895 ποτηρίου
1173 1840 1240 1880 καὶ
1258 1843 1328 1880 τοῦ
1346 1841 1520 1888 πίνακος,
1543 1837 1585 1879 τὸ
1607 1839 1647 1879 δὲ
1665 1837 1773 1887 ε’ντός
1793 1840 1871 1880 ε’στι

356 1911 492 1966 μεστόν
519 1909 765 1964 ἀκαθαρσίας
796 1910 863 1951 καὶ
885 1907 1091 1961 ἀκρασίας,
1121 1909 1187 1948 καὶ
1210 1905 1426 1959 δοκιμάζετε
1451 1908 1599 1947 δίκαιον
1621 1903 1719 1947 εἶναι
1752 1904 1870 1959 ὀμνύ-

356 1998 420 2022 ναι
444 1981 484 2022 έν
507 1983 559 2035 τῷ
588 1978 718 2020 ἐπάνω
747 1982 817 2018 τοῦ
847 1977 1149 2029 θυσιαστηρίου,
1179 1973 1221 2015 τό
1253 1974 1294 2016 δὲ
1322 1975 1362 2015 έν
1391 1971 1493 2029 αὐτῷ
1523 1977 1576 2029 τῷ
1602 1975 1871 2030 θυσιαστηρίῳ

356 2046 446 2103 παρ’
478 2045 571 2100 ύμῖν
600 2050 653 2102 τῷ
687 2045 792 2101 ὅρκῳ
827 2044 1027 2093 2λέλυται,
1059 2043 1125 2083 καὶ
1151 2040 1192 2083 τό
1228 2043 1267 2083 ἐν
1297 2046 1352 2098 τῷ
1378 2039 1531 2097 ούρανῷ
1561 2039 1728 2093 ὀμνύναι
1759 2038 1872 2082 οὐδὲν

360 2114 457 2157 εἶναί
477 2131 587 2167 φατε,
618 2090 685 2155 έάν
705 2113 746 2153 δέ
764 2129 822 2160 τις
841 2109 964 2167 ὀμόσῃ
989 2111 1029 2151 ἐν
1048 2114 1101 2165 τῷ
1119 2107 1301 2163 ύπεράνω
1321 2107 1452 2159 αὐτοῦ,
1479 2112 1593 2149 τοῦτο
1616 2110 1871 2149 δεδικαίωται.

363 2181 459 2236 Οὐχὶ
481 2181 524 2223 τὸ
548 2179 830 2234 θυσιαστήριον
849 2176 1025 2231 βαστάζει
1047 2176 1089 2218 τό
1114 2178 1374 2229 ἐπικείμενον,
1403 2176 1468 2217 καὶ
1491 2173 1514 2216 ὅ
1535 2173 1700 2229 οὐρανὸς
1725 2173 1873 2229 θρόνος

359 2252 438 2293 εστι
461 2254 530 2291 τοῦ
551 2246 607 2290 ἐπ’
627 2246 730 2303 αὐτῷ
753 2246 1100 2298 ἐπικαθεζομένου,
1133 2244 1245 2285 Καὶ
1232 2244 1291 2286 ότι
1311 2245 1446 2299 λέγετε,
1477 2241 1544 2284 ε’ἀν
1564 2259 1621 2290 τις
1642 2244 1732 2298 εἴπῃ
1756 2242 1874 2296 πατρὶ

360 2319 427 2359 καὶ
452 2317 566 2371 μητρὶ
589 2314 771 2369 Κορβαν,
802 2313 825 2356 ὅ
845 2315 922 2355 ἐστι
950 2315 1078 2365 δῶρον
1100 2310 1121 2353 δ
1146 2310 1193 2352 ἀν
1220 2313 1257 2361 ἐξ
1281 2313 1375 2365 ἐμοῦ
1398 2309 1625 2366 ωφεληθῃς,
1654 2310 1721 2350 καὶ
1746 2307 1873 2350 οὐκέτι

362 2403 414 2438 μη
438 2383 588 2437 τιμήσει
608 2400 675 2424 τον
700 2383 859 2436 πατέρα,
889 2380 955 2421 καὶ
975 2377 1189 2432 ήθετησατε
1214 2397 1284 2432 την
1307 2376 1463 2432 ε’ντολην
1485 2381 1554 2418 τοῦ
1576 2380 1688 2425 θεοῦ,
1718 2374 1782 2416 δια
1804 2381 1874 2429 τῆς

361 2457 439 2493 τῶν
459 2451 730 2506 πρεσβυτέρων
751 2447 862 2502 ’ὑμῶν
883 2445 1154 2502 παραδόσεως,
1184 2447 1250 2487 καὶ
1274 2445 1473 2488 κυκλεύετε
1493 2442 1695 2485 θάλασσαν
1721 2444 1787 2483 καὶ
1812 2446 1874 2496 ξη-

363 2519 456 2574 ράν,
486 2523 647 2571 ποιῆσαι
667 2519 733 2559 ἕνα
753 2515 1005 2571 προςήλυτον,
1035 2515 1101 2554 καὶ
1123 2512 1215 2554 ὅταν
1240 2517 1414 2568 γένηται,
1444 2518 1588 2554 ποιεῖτε
1609 2508 1727 2552 αὐτόν
1746 2509 1876 2552 διπλό-

363 2603 474 2641 τερον
496 2583 606 2639 ὖμῶν
630 2584 718 2626 υἵὸν
738 2585 903 2639 γεέννης.
967 2584 1011 2623 Τί
1041 2584 1173 2622 τοίνυν
1197 2579 1462 2635 περιττότερον
1484 2584 1561 2621 τῶν
1583 2575 1702 2632 ἇγίων
1726 2576 1876 2631 ῥήσεων

364 2651 622 2708 ὦπερβάλοιτό
651 2670 708 2701 τις
734 2651 834 2706 πρός
854 2649 1050 2692 ἀντίθεσιν
1071 2653 1147 2689 τῶν
1170 2649 1479 2702 προειρημένων,
1520 2643 1629 2687 Ἀλλοὶ
1656 2645 1721 2686 καὶ
1752 2642 1877 2698 ἀρκεῖ-

364 2727 461 2762 σθαι
488 2719 587 2773 μάλα
618 2717 788 2775 ἡγοῦμαι
817 2724 899 2766 ταῖς
929 2721 998 2758 τοῦ
1030 2720 1206 2769 σωτῆρος
1235 2722 1388 2767 φωναῖς
1417 2715 1481 2756 καὶ
1517 2711 1719 2765 ἀληθιναῖς
1746 2712 1875 2760 λέξεσι,

365 2786 466 2841 πρός
495 2786 542 2835 ἃς
571 2785 642 2828 οὐκ
672 2785 929 2840 ἠδυνήθησαν
958 2782 1201 2836 ἀντωπῆσαι,
1234 2782 1322 2824 οὔτε
1351 2781 1451 2837 πρός
1478 2779 1521 2822 τὸ
1551 2778 1800 2835 βραχύτατον.

408 2936 487 2968 ΩΔΡ.
512 2936 565 2967 IV.
590 2953 631 2960 -—
682 2934 709 2966 1.
734 2936 886 2974 Rescripsi
909 2931 953 2967 ἔνι
974 2941 1031 2972 pro
1053 2930 1107 2972 ἐν,
1130 2933 1212 2971 quod
1234 2933 1323 2972 vulgo
1342 2934 1432 2962 extat.
