2034 3267
488 157 666 189 PANARu
689 158 770 190 Lm.
790 158 813 188 1.
840 157 1018 190 ToM.1u.
1043 156 1352 189 HAER.XXX1V.
1601 148 1681 186 459

161 234 256 276 Inde
289 235 432 276 omisso
463 250 597 277 rursus
623 238 792 291 episemo
824 244 861 277 et
891 237 1060 291 ipsorum
1092 236 1368 276 elementorum
1402 235 1588 276 subducto
1615 249 1684 274 nu-

161 318 267 344 mero
298 311 411 357 atque
442 304 654 358 composito
686 319 805 358 usque
837 305 882 344 ad
915 312 1000 344 oeto
1033 304 1276 344 tricenarium
1307 304 1520 358 perficiunt.
1581 301 1682 343 Nam

160 372 220 425 qui
252 372 297 411 ab
330 375 353 410 ἇ
384 373 575 426 coeperit,
620 379 658 411 et
682 372 718 412 in
743 377 768 423 ῆ
792 372 972 422 desierit,
1018 373 1210 412 elementa
1232 372 1490 421 numerando,
1534 372 1683 425 dempta

161 446 287 478 tamen
314 440 455 479 senarii
481 448 566 480 nota
596 454 640 480 ac
664 440 858 480 literarum
884 440 921 479 in
951 454 1064 479 unum
1095 440 1367 493 progressione
1395 440 1582 489 conflata,
1616 439 1681 478 tri-

157 508 261 561 ginta
286 508 468 562 reperiet.
532 506 721 560 Quoniam
745 508 788 546 ad
811 512 829 546 ἓ
855 521 973 560 usque
992 505 1072 546 XV
1097 514 1348 560 consurgunt.
1413 506 1482 546 His
1506 507 1680 547 adiuncta

157 581 302 628 septem
327 573 451 615 λ’ΧΙΙ
478 575 635 616 Faciunt.
698 573 848 627 Quibus
868 579 913 625 ἦ,
948 575 1018 614 hoe
1041 581 1100 614 est
1122 582 1232 624 octo,
1265 574 1297 614 si
1323 575 1581 624 accesserint,
1616 575 1680 615 ad-

156 642 366 682 mirabilem
388 642 489 683 illum
516 642 788 683 Tricenarium
809 642 1034 696 implebunt.
1096 641 1197 681 Hine
1220 641 1396 681 Aeonum
1422 642 1577 695 triginta
1602 657 1680 682 ma-

156 717 253 750 trem
281 708 506 764 Ogdoadem
528 710 782 751 constituunt.
843 708 894 749 Et
917 709 1094 763 quoniam
1121 709 1239 748 tribus
1264 709 1465 750 virtutibus
1491 709 1681 750 Tricena-

155 779 235 818 rius
262 779 523 832 componitur,
567 785 626 818 ter
651 778 688 817 in
714 791 801 817 sese
827 777 961 817 ductus
989 776 1197 829 nonaginta
1222 777 1412 831 producit.
1472 777 1554 817 Ter
1579 779 1678 817 enim

153 846 311 900 triginta
336 846 381 886 ad
402 846 606 900 nonaginta
630 845 874 900 perveniunt.
938 842 1015 885 Sed
1038 852 1076 884 et
1095 845 1290 885 ternarius
1313 859 1463 899 quoque
1487 846 1621 885 ductus
1642 846 1677 885 in

154 927 197 953 se
229 927 368 954 novem
398 914 524 953 efficit.
587 911 653 953 Sic
680 910 837 966 Ogdoas
861 910 1004 953 XCIX
1036 927 1235 953 numerum
1268 915 1365 968 apud
1397 914 1482 953 illos
1515 913 1675 967 peperit.

156 979 330 1036 Cumque
354 981 600 1022 duodecimus
623 982 736 1020 Aeon
759 980 941 1020 deficiens
963 995 1115 1021 sursum
1136 979 1197 1021 Xl
1220 981 1433 1035 reliquerit,
1467 981 1504 1021 in
1527 977 1677 1034 Λόγου,

153 1049 225 1089 hoe
249 1056 308 1089 est
333 1048 472 1099 Verbi,
507 1049 626 1103 figura
650 1055 948 1089 consentaneam
974 1049 1171 1089 literarum
1196 1050 1356 1089 formam
1381 1050 1586 1089 adhibitam
1611 1064 1678 1104 pu-

154 1124 248 1157 tant.
309 1116 461 1157 Etenim
486 1117 687 1157 undecima
713 1117 847 1157 ordine
873 1117 1069 1158 literarum
1100 1125 1158 1157 est
1189 1109 1228 1166 ἶ,
1272 1117 1332 1171 qui
1358 1117 1588 1158 tricenarius
1621 1124 1678 1157 est

152 1198 356 1234 numerus,
391 1191 429 1224 et
450 1186 494 1225 ad
519 1185 720 1240 exemplar
738 1185 918 1226 coelestis
941 1186 1204 1240 providentiae
1227 1186 1365 1240 posita.
1428 1185 1678 1239 Quandoqui-

151 1253 234 1292 dem
263 1253 294 1292 si
321 1252 367 1292 ab
394 1257 436 1299 ἆ,
478 1253 524 1293 ad
543 1245 567 1292 ’λ
593 1267 735 1307 usque,
780 1254 932 1308 dempto
957 1261 1081 1294 tamen
1106 1255 1300 1308 episemo‚
1343 1255 1522 1294 continua
1549 1253 1678 1294 litera-

149 1333 232 1359 rum
258 1320 450 1360 additione
477 1336 675 1361 numerum
701 1335 832 1361 earum
862 1322 1042 1375 colligas,
1076 1323 1355 1377 comprehenso
1379 1323 1491 1363 simul
1514 1313 1676 1362 [nona-

150 1388 256 1442 ginta
283 1403 420 1429 novem
449 1390 650 1443 prodeunt.
715 1387 898 1429 Ceterum
919 1381 945 1428 ἶ
965 1390 1110 1444 ipsum,
1154 1391 1253 1444 quod
1279 1391 1413 1430 ordine
1439 1401 1498 1431 est
1521 1390 1675 1430 undeci-

149 1471 272 1505 mum,
307 1457 353 1496 ad
375 1459 632 1511 quaerendum
658 1458 716 1497 sui
740 1457 862 1498 simile
889 1458 1159 1509 descendisse,
1194 1467 1233 1499 ut
1260 1458 1523 1499 duodecimum
1545 1458 1676 1511 imple-

148 1531 223 1574 ret,
256 1524 369 1579 idque
396 1539 442 1565 eo
465 1532 619 1580 reperto
641 1533 888 1566 consecutum
915 1540 1019 1577 esse,
1053 1528 1146 1567 satis
1170 1527 1288 1581 ipsam
1316 1527 1495 1567 elementi
1517 1527 1673 1580 figuram

147 1606 328 1645 arguere.
391 1591 541 1648 Quippe
562 1585 589 1632 ἶ
605 1594 648 1633 ad
673 1593 731 1633 sui
753 1594 886 1633 similis
909 1594 1195 1648 inquisitionem
1220 1595 1447 1646 adveniens,
1480 1609 1563 1635 cum
1584 1595 1673 1635 illud

147 1659 364 1700 invenisset
387 1669 425 1701 et
447 1662 490 1702 ad
514 1676 602 1702 sese
627 1662 839 1714 rapuisset,
873 1662 1086 1702 duodecimi
1106 1664 1229 1704 locum
1254 1663 1439 1718 implevit.
1502 1661 1613 1703 [nde
1638 1670 1676 1701 et

146 1730 174 1778 ᾗ
204 1735 383 1768 asserunt
413 1743 464 1769 ex
493 1730 632 1784 duplici
658 1718 698 1768 ᾗ
729 1743 816 1769 esse
848 1739 1087 1771 contextum.
1147 1730 1439 1786 Propter-eaque
1467 1731 1672 1785 nonaginta

148 1809 287 1836 novem
319 1798 515 1850 regionem
549 1798 651 1851 ipsos
681 1797 900 1852 cognitione
927 1800 1081 1852 sugere,
1126 1800 1314 1841 defectum
1340 1799 1488 1840 scilicet
1513 1813 1557 1839 ac
1581 1799 1673 1839 sini-

146 1871 250 1904 strae
276 1879 410 1905 manus
437 1867 620 1919 figuram,
669 1880 782 1905 unum
808 1881 901 1906 vero
927 1869 1165 1919 consectari,
1210 1868 1308 1922 quod
1332 1868 1378 1908 ad
1403 1865 1544 1908 XClX
1569 1867 1673 1907 addi-

146 1939 224 1972 tum
256 1933 432 1974 dextram
463 1935 568 1988 ipsos
599 1934 643 1974 ad
678 1948 829 1974 manum
861 1935 1114 1976 transtulerit.

258 2270 354 2314 Cum
380 2280 419 2313 tu
441 2274 536 2324 ista,
571 2273 792 2325 carissime,
827 2290 1053 2330 percurreS,
1089 2292 1165 2318 non
1190 2277 1318 2318 dubito
1345 2277 1434 2331 quin
1463 2276 1577 2317 hasce
1603 2290 1667 2316 va·
1690 2283 1870 2326 Cap.Xttt.

146 2341 325 2382 nissimas
354 2342 516 2397 ineptias
547 2356 779 2397 magnopere
812 2345 1000 2385 derideas.
1065 2344 1141 2387 Sed
1169 2346 1389 2400 deplorandi
1424 2344 1667 2385 nihilominus

185 2488 238 2522 23.
264 2488 297 2522 ἐν
321 2490 368 2532 τῷ
393 2488 541 2532 σχήματ’.
564 2491 730 2522 secundum
752 2493 812 2523 Vet.
831 2493 881 2524 In·
925 2503 1010 2525 mum
1035 2504 1071 2526 ex
1095 2496 1162 2526 cod.
1187 2495 1282 2525 Varie.
1306 2503 1342 2525 ea
1366 2494 1488 2524 addidit
1511 2494 1666 2524 Pelavius.

139 2538 297 2575 terpretem
321 2538 443 2566 coniecit
467 2536 586 2566 Bittius.
970 2540 1023 2571 ⁴29.
1048 2538 1098 2573 διὸ
1124 2538 1166 2581 δὴ
1192 2539 1249 2572 καὶ
1273 2540 1417 2571 Pseudo-
1432 2540 1584 2578 Origenes.

184 2578 237 2610 24.
263 2580 397 2612 κείσὲαι
425 2582 546 2618 reposui
576 2590 613 2610 ex
640 2582 700 2611 Ver.
720 2582 880 2622 Interprete
971 2583 1024 2616 30.
1049 2587 1095 2618 Ita
1123 2587 1182 2616 Vet.
1202 2587 1351 2624 Interpres
1373 2587 1399 2615 et
1419 2584 1666 2623 Pseudo-onyc-

139 2628 166 2656 et
186 2626 306 2656 Pseudo
319 2644 330 2648 -
345 2626 482 2664 Origene.
524 2626 610 2656 Libri
631 2626 742 2657 habent
764 2631 880 2660 κεῖται.
925 2639 978 2661 nes
993 2630 1041 2672 (in
1059 2641 1117 2670 quo
1139 2634 1165 2661 et
1186 2633 1301 2672 φυγεῖν
1315 2639 1373 2669 pro
1395 2625 1557 2671 φεύγειν).
1594 2630 1665 2659 Vul-

184 2669 236 2701 25.
255 2671 320 2702 τῶν
339 2668 513 2710 τριάκοντα,
532 2672 640 2709 scripsi
658 2680 725 2702 cum
745 2673 881 2704 Pseudo-
925 2685 962 2715 90
991 2672 1102 2708 αὐτοῦ,

142 2715 269 2753 Oriyene
289 2719 315 2746 et
341 2717 398 2746 t'et.
418 2716 588 2754 Inter-prete.
625 2717 719 2755 Vulyo
738 2719 818 2748 enim
837 2719 878 2749 le·
967 2720 1020 2753 31.
1047 2723 1091 2753 Ita
1111 2722 1197 2752 codd.
1217 2722 1286 2751 l'en.
1315 2721 1406 2751 Valic.
1428 2720 1554 2759 Rhedigy.
1575 2722 1601 2750 et
1617 2720 1664 2750 ed.

139 2772 220 2810 gitur
242 2770 307 2803 τῶν
332 2772 358 2804 λ.
922 2780 1028 2809 Petav.
1078 2780 1173 2809 Antea
1196 2778 1342 2816 scriptum
1367 2779 1431 2808 erat
1457 2776 1505 2808 εξ,

183 2814 235 2847 26.
261 2815 506 2870 ouvrfffistgae'vs:
530 2818 841 2871 Pseudo-Ofiyenfs·
967 2834 1019 2866 52.
1044 2830 1164 2870 αὐτοὺς
1192 2835 1313 2872 reposui
1343 2843 1380 2864 ex
1413 2835 1472 2864 Vet.
1494 2834 1664 2873 Interprele.

183 2858 236 2892 27·
260 2871 364 2903 ευρων
388 2863 454 2893 ⁶⁰d·
472 2863 599 2901 Rhed³9·
623 2865 649 2893 εἰ
670 2864 738 2893 edd·
756 2874 854 2903 PW'C·
921 2881 1090 2918 Epiphami
1113 2881 1183 2910 libri
1203 2882 1230 2910 et
1250 2879 1532 2919 Pseudo-Oriyenes
1554 2880 1664 2911 habent

182 2914 235 2948 28.
260 2918 358 2949 Verba
381 2916 430 2951 Τὸ
456 2916 518 2960 γὰρ
544 2911 627 2951 ῗ-
646 2937 687 2942 -
706 2937 750 2942 —-
771 2921 828 2953 τοῦ
855 2924 879 2962 ᾗ.
923 2921 1034 2957 αὑτοῦ.

141 2961 298 3005 στοιχείου
318 2964 532 2995 desiderantur
549 2966 579 2995 in
594 2965 665 2995 edic.
676 2966 776 3003 princ.
807 2967 879 2998 Pri-
