2034 3267
482 139 657 172 PANARH
682 139 763 172 ΜΒ,
780 140 803 171 1.
828 140 992 173 ToM.11.
1015 140 1142 172 HAER.
1163 140 1287 173 xxvi.
1572 134 1647 172 175

136 220 233 260 ciem
257 217 436 273 aperiens
457 217 509 257 ita
534 218 708 272 detegam
733 225 773 258 ut
795 218 839 258 ad
864 232 995 258 eorum
1018 218 1082 272 qui
1103 218 1196 258 haec
1218 225 1350 259 nostra
1371 218 1503 272 legent
1522 220 1651 273 perni-

138 287 235 327 ciem
266 284 392 340 potius
425 299 534 339 quam
565 286 609 324 ad
636 285 940 325 emendationem
968 285 1168 325 redundet.
1231 284 1425 339 Siquidem
1451 286 1512 326 vel
1537 300 1651 327 aures

137 354 240 407 ipsas
269 352 401 407 polluit
431 359 504 392 tam
535 351 704 391 infinitae
731 352 911 392 audaciae
940 352 979 391 in
1009 352 1178 392 divinum
1208 367 1344 393 numen
1375 354 1651 394 contumeliosa

139 420 285 469 series,
329 433 374 459 ac
400 420 460 459 vel
486 419 566 459 sola
591 419 759 459 narratio
784 419 1026 471 turpitudinis
1052 420 1170 473 ipsius
1199 426 1235 459 et
1261 419 1544 461 sordidissimae
1573 422 1652 461 foe-

138 487 267 526 ditatis
290 500 333 526 ac
355 486 563 526 lutulentae
587 486 774 538 flagitiosa
798 484 912 524 ratio.
972 484 1073 524 Hinc
1095 493 1153 525 est
1177 487 1274 539 quod
1298 501 1320 527 a
1344 488 1534 528 nonnullis
1557 488 1652 528 scite

139 554 338 593 admodum
367 552 596 593 Borboriani
628 553 698 592 boc
729 559 788 590 est
817 551 974 591 coenosi
1005 551 1264 593 nominantur.
1323 554 1403 594 Alii
1433 552 1653 595 Coddianos

139 628 304 671 vocant,
347 628 407 660 est
429 622 529 660 enim
556 618 686 660 Codda
710 618 808 657 idem
836 615 999 672 Syriace
1023 619 1119 671 quod
1146 620 1343 673 paropsis,
1387 629 1452 661 aut
1478 623 1650 671 catinus3

139 701 207 741 pro
235 701 280 727 eo
306 688 403 741 quod
430 701 540 728 nemo
567 684 755 725 communi
783 698 868 724 cum
892 685 966 724 illis
992 685 1043 723 uti
1068 685 1151 724 cibo
1176 686 1318 739 possit,
1358 689 1423 727 sed
1448 690 1654 743 separatim

140 755 407 795 contaminatis
438 754 510 794 illis
539 751 675 806 apponi
707 751 852 800 soleat,
897 765 1021 804 neque
1048 752 1242 805 quisquam
1278 753 1325 792 ob
1353 767 1485 794 eorum
1508 757 1654 809 spurci-

142 822 231 861 tiem
258 823 318 862 vel
344 835 437 876 pane
463 834 545 859 cum
571 819 643 858 illis
665 818 768 857 vesci
790 817 1045 857 communiter
1069 826 1196 871 queat.
1259 817 1381 871 Quam
1407 821 1453 860 ob
1478 836 1654 863 caussam

141 889 202 942 qui
230 903 312 928 cum
340 889 412 928 illis
437 885 626 934 habitant,
667 885 772 925 velut
797 898 818 924 a
845 885 1034 924 communi
1059 886 1254 925 consortio
1277 895 1502 940 segregatos
1523 896 1655 942 putan-

142 963 201 996 tes
232 954 449 996 Coddianos
478 952 729 1006 appellarunt.
791 949 909 991 Iidem
939 966 1052 1006 porro
1077 951 1268 993 Militares
1294 954 1331 992 in
1361 954 1567 1009 Aegypto,
1609 970 1653 996 ac

143 1021 383 1063 Pbibionitae
405 1026 494 1059 sunt
513 1018 618 1068 dicti,
644 1019 688 1058 de
711 1033 782 1072 qua
804 1033 848 1058 re
868 1019 1040 1058 nonnihil
1062 1027 1172 1059 antea
1193 1020 1507 1073 significavimus.
1555 1021 1655 1063 Sunt

144 1090 205 1143 qui
228 1088 445 1129 Zacchaeus
466 1093 622 1136 vocent,
649 1085 711 1126 alii
730 1084 961 1126 Barbelitas.
1006 1085 1219 1126 Enimvero
1241 1101 1324 1126 cum
1347 1088 1527 1128 universa
1547 1103 1655 1142 prae-

144 1156 351 1196 termittere
384 1167 592 1207 nequeam,
639 1153 819 1193 nonnulla
853 1154 1075 1194 necessario
1112 1155 1157 1194 de
1191 1154 1266 1194 illis
1299 1155 1519 1208 attingenda
1549 1164 1652 1198 sunt.

142 1222 241 1264 Nam
265 1228 302 1261 et
325 1228 480 1260 sanctus
502 1219 664 1275 Moyses
688 1220 804 1260 divini
829 1221 985 1275 spiritus
1007 1221 1134 1261 afflatu
1154 1221 1330 1276 scripsit:
1367 1225 1414 1261 Sl
1431 1227 1513 1274 quis
1528 1227 1655 1274 parri-

143 1292 272 1328 cidium
297 1291 450 1335 viderit,
492 1303 558 1326 nec
582 1291 876 1335 denunciaverit,
919 1290 1138 1327 emecrabe'lels
1159 1297 1246 1328 esto.
1309 1287 1441 1342 Quare
1466 1305 1541 1330 non
1569 1305 1656 1344 pos-

141 1369 222 1396 sum
251 1355 444 1409 ingentem
478 1355 581 1394 illam
614 1355 768 1395 caedem
806 1369 849 1394 ac
880 1355 1121 1409 parricidiale
1152 1355 1300 1396 facinus
1331 1358 1653 1410 praetermittere,

143 1437 217 1463 non
242 1437 420 1477 possum,
464 1423 616 1476 inquam
633 1454 642 1472 ‚
684 1422 773 1462 illud
799 1436 874 1462 non
899 1422 1052 1462 omnino
1078 1424 1274 1476 detegere.
1335 1421 1530 1464 Fortassis
1554 1425 1656 1464 enim

141 1490 174 1531 si
196 1490 439 1544 praecipitem
466 1490 562 1530 lianc
586 1490 755 1539 ruinam,
788 1490 893 1529 velut
915 1489 1022 1529 exitii
1046 1497 1221 1544 puteum,
1255 1491 1502 1544 prudentibus
1528 1499 1658 1532 osten-

142 1558 258 1607 dero,
299 1565 441 1597 metum
470 1558 517 1597 iis
548 1571 591 1597 ae
623 1564 810 1597 terrorem
841 1557 1044 1606 incutiam,
1087 1565 1127 1596 ut
1154 1572 1229 1597 non
1258 1558 1368 1598 modo
1398 1558 1540 1611 fugiant
1567 1559 1654 1612 ipsi,

142 1626 209 1666 sed
236 1632 274 1664 et
296 1632 509 1665 tortuosum
536 1624 636 1664 illum
664 1624 702 1663 in
731 1638 774 1663 ea
799 1624 985 1678 voragine
1010 1632 1227 1678 serpentem
1255 1639 1299 1664 ac
1324 1625 1540 1665 basiliscum
1567 1626 1660 1680 lapi-

143 1692 251 1732 dibus
274 1692 458 1742 obruant,
502 1699 542 1732 ut
566 1692 690 1732 nullus
715 1692 893 1745 deinceps
919 1692 1057 1730 audeat
1080 1692 1282 1732 accedere.
1342 1693 1470 1746 Atque
1495 1693 1589 1732 haec
1612 1694 1658 1733 de

141 1759 217 1799 illis
240 1759 422 1800 hactenus
446 1760 544 1800 dicta
566 1766 694 1809 sunto,
728 1772 847 1813 pauca
868 1759 913 1798 de
933 1759 1062 1799 multis
1083 1766 1195 1812 atque
1218 1773 1269 1799 ex
1292 1767 1398 1814 parte
1420 1760 1658 1800 solummodo

142 1827 320 1868 delibata.

252 1892 368 1935 Nunc
394 1895 440 1935 ad
463 1893 667 1950 pestiferae
691 1894 840 1933 illorum
865 1893 1060 1934 doetrinae
1082 1893 1186 1934 velut
1209 1894 1339 1934 sedem
1365 1908 1410 1934 ac
1431 1895 1657 1949 voraginem

145 1975 205 2002 me
232 1963 445 2002 conseram.
506 1961 627 2003 Varia
658 1961 758 2001 enim
789 1961 886 2015 apud
915 1961 1001 2001 illos
1036 1962 1207 2001 nefariae
1232 1962 1427 2016 disciplina
1453 1963 1659 2017 voluptatis

144 2037 218 2070 est.
278 2027 448 2069 Primum
476 2030 574 2083 quod
601 2042 820 2069 communes
844 2028 1008 2068 interse
1034 2029 1196 2068 feminas
1221 2028 1376 2070 habent.
1436 2030 1496 2070 Ac
1521 2030 1552 2069 si
1577 2030 1660 2084 quis

144 2096 314 2137 eiusdem
341 2104 470 2136 sectae
495 2096 720 2151 peregrinus
745 2095 965 2145 advenerit,
1008 2095 1157 2149 signum
1183 2097 1368 2149 quoddam
1397 2096 1469 2136 viri
1500 2111 1522 2137 a
1551 2098 1659 2137 femi-

144 2163 228 2214 nis,
271 2163 436 2203 seminae
466 2178 487 2203 a
518 2163 611 2203 viris
643 2162 847 2216 accipiunt.
918 2161 1025 2202 Haec
1056 2171 1180 2203 autem
1218 2164 1404 2203 eiusmodi
1436 2171 1516 2203 est:
1561 2162 1657 2204 Cum

145 2230 336 2271 salutandi
368 2245 412 2271 ac
441 2229 717 2285 complectendi
742 2243 879 2270 caussa
903 2244 1054 2270 manum
1082 2230 1304 2284 porrigunt,
1349 2243 1430 2270 eam
1457 2231 1556 2270 infra
1582 2231 1660 2285 pal-

145 2312 245 2338 mam
275 2299 547 2338 contrectando
581 2311 625 2337 ac
652 2297 868 2336 defricando
893 2297 1031 2337 leniter
1054 2297 1229 2346 titillant,
1273 2311 1394 2351 eoque
1420 2297 1531 2351 signo
1557 2299 1659 2339 eius-

147 2366 231 2405 dem
254 2365 453 2419 religionis
480 2365 663 2418 hospitem
692 2377 778 2403 esse
803 2364 1078 2404 demonstrant.
1139 2363 1232 2404 Inde
1257 2371 1501 2418 posteaquam
1528 2372 1659 2406 mutuo

145 2447 188 2473 se
211 2432 440 2487 agnoverint
466 2432 509 2471 ad
535 2431 751 2471 convivium
775 2431 1011 2485 acciguntur.
1072 2430 1184 2485 Quod
1207 2432 1350 2485 ipsum,
1392 2432 1543 2472 tametsi
1568 2447 1659 2487 pau-

145 2514 259 2556 peres
290 2501 388 2551 sint,
432 2499 575 2553 ingenti
608 2499 802 2552 epularum
833 2506 1016 2553 apparatu
1044 2499 1210 2552 vinoque
1243 2506 1281 2538 et
1310 2499 1487 2539 carnibus
1517 2499 1659 2540 instru-

146 2567 356 2608 ctissimum
385 2567 584 2621 praebent.
644 2563 774 2605 Finito
803 2566 981 2606 convivio
1012 2581 1095 2606 cum
1121 2565 1298 2605 satietate
1323 2580 1442 2606 venas
1468 2567 1659 2607 distende-

145 2635 247 2686 rint,
288 2635 333 2674 ad
365 2633 556 2673 libidinem
589 2633 834 2686 proritantur.
904 2633 1007 2673 Tum
1038 2633 1097 2673 vir
1131 2634 1176 2673 ab
1208 2647 1332 2673 uxore
1364 2633 1564 2673 discedens
1601 2633 1657 2674 sic

147 2715 230 2742 eam
250 2702 475 2755 alloquitur:
511 2703 647 2751 Surge,
672 2708 709 2738 et
720 2702 848 2752 fratri
865 2704 1055 2739 caritatem
1075 2702 1217 2739 exhibe.
1267 2699 1323 2740 lta
1347 2701 1392 2740 ad
1414 2701 1655 2741 concubitum

146 2769 314 2809 venitur.
373 2767 497 2808 Pudet
525 2781 586 2807 me
616 2768 715 2806 bona
745 2767 815 2807 fide
843 2782 937 2820 quae
963 2768 1058 2822 apud
1083 2768 1168 2807 illos
1194 2767 1410 2821 turpissime
1435 2776 1658 2822 perpetran-

1684 1905 1760 1949 Cap.
1780 1908 1836 1941 IV.

148 2841 209 2875 tur
234 2849 454 2890 exponere,
488 2834 798 2888 quemadmodum
829 2836 883 2874 ait
908 2835 1126 2889 apostolus:
1174 2837 1272 2884 Quae
1300 2838 1400 2886 apud
1423 2839 1519 2887 ipsos
1532 2838 1652 2887 fiunt,
1676 2849 1835 2887 Eph.5‚12,

149 2910 254 2954 turpe
273 2912 331 2942 est
349 2911 386 2942 et
406 2906 539 2942 dicere.
604 2900 749 2941 Verum
773 2915 869 2954 quae
895 2901 981 2942 illos
1007 2903 1132 2942 facere
1159 2901 1249 2942 nibil
1274 2903 1411 2956 pudet,
1452 2917 1574 2956 neque
1597 2916 1656 2943 me
