2034 3267
470 151 647 184 PANARn
670 152 751 186 ΜΒ.
773 153 797 184 1.
826 151 933 185 ToM.
950 153 1007 184 111.
1031 152 1159 184 HAER.
1179 152 1283 184 XLn.
1562 143 1637 183 601

123 229 197 282 dit,
231 244 305 270 non
328 230 424 271 alius
449 244 536 271 esse
560 238 686 286 potest
708 232 905 282 conditor,
939 246 1051 292 qnam
1075 232 1105 271 is
1125 231 1206 286 ipse
1232 230 1292 285 qui
1318 244 1384 285 per
1404 230 1541 271 nubem
1568 231 1641 269 lilio

122 312 192 338 suo
223 298 478 338 testimonium
512 299 722 353 praestitit,
768 313 838 339 nee
869 300 906 339 in
940 313 985 339 ea
1016 299 1136 339 solum
1171 313 1267 352 quae
1301 299 1408 338 coelo
1443 298 1641 352 superiora

123 373 211 407 sunt
242 367 473 406 dominatum
507 367 705 407 obtinebit.

233 432 365 474 Sehol.
388 432 507 474 XIX.
552 438 695 486 Rogavi
711 437 909 486 discipulos
931 442 1024 473 tuos.
1077 433 1327 488 Habebatque
1349 441 1494 484 cetera,
1529 446 1637 488 prae·
1659 444 1767 475 Luco,
1785 444 1824 469 w.

123 509 291 555 terquam
307 533 317 552 ,
360 505 444 542 Note
467 511 672 554 potuerant
694 506 826 541 elicere
847 504 943 540 illud
965 510 1002 540 et
1023 505 1079 540 ait
1103 505 1152 540 acl
1176 505 1273 553 epsos
1286 532 1295 549 ,
1342 505 1535 541 Generalis>
1561 516 1641 540 cre-

120 573 228 618 dula,
264 574 435 622 quamdiu
466 586 528 610 vos
551 574 708 622 patiar?

231 637 365 678 Refut.
391 636 511 678 XIX.
558 637 651 678 Vox
681 637 766 688 illa,
809 640 1003 689 quamdiu,
1047 643 1194 691 tempus
1227 636 1315 676 illud
1351 637 1539 690 significat
1568 651 1641 690 quo

120 703 298 746 Christus
330 706 368 746 in
404 714 505 746 terra
541 720 623 746 cum
656 719 770 745 earne
799 711 977 745 versatus
1004 711 1077 744 est.
1141 703 1225 743 Hoc
1252 711 1403 754 autem,
1448 707 1642 743 Generatio

119 777 329 822 incredula,
375 788 420 813 eo
455 773 630 813 nimirum
665 774 852 822 refertur,
897 773 995 826 qnod
1029 773 1065 811 in
1098 771 1217 826 ipsius
1250 773 1402 811 nomine
1436 773 1641 827 prophetae

120 842 289 896 prodigia
315 842 496 896 quaedam
525 840 727 890 ediderint,
759 841 867 893 eique
892 839 1140 890 crediderint,
1169 840 1380 880 cuiusmodi
1403 838 1527 891 Elias,
1561 839 1642 879 Eti-

120 923 257 959 saeus,
292 909 430 963 aliique
464 909 602 948 fecisse
635 908 829 961 leguntur.

230 975 362 1018 Schol.
388 974 487 1017 XX.
531 978 651 1016 Filias
675 979 768 1015 enim
791 979 947 1015 hominis
962 978 1139 1029 ficturum
1165 983 1220 1015 est
1245 984 1287 1015 ut
1311 978 1482 1014 tradatur
1506 979 1542 1014 ile
1567 990 1642 1015 ma-
1662 986 1733 1012 lbitt.
1752 987 1791 1013 44.

119 1061 188 1085 'ms
219 1048 415 1084 homiuum.

229 1112 362 1153 Refui.
389 1110 488 1153 XX.
533 1112 712 1152 Hominis
742 1113 805 1153 ille
832 1112 954 1162 filius,
1002 1112 1062 1166 qui
1093 1112 1132 1152 in
1162 1125 1294 1151 manus
1325 1118 1409 1151 erat
1436 1112 1642 1152 tradendus

119 1181 334 1231 hominnm,
368 1195 443 1220 non
468 1180 647 1235 opinione
671 1181 876 1235 specieque
897 1181 975 1221 sola
991 1211 1001 1230 ,
1035 1181 1100 1220 sed
1125 1179 1297 1234 corporis
1319 1194 1363 1219 ae
1385 1179 1639 1219 membrorum

118 1249 245 1289 habitu
276 1263 320 1289 ac
351 1248 642 1288 confirmatione
676 1249 760 1288 talis
792 1249 936 1289 extitit.

229 1315 364 1357 Scliol.
385 1314 505 1356 XXI.
547 1319 676 1368 Neque
695 1319 762 1355 lzoc
781 1319 938 1367 legistis,
973 1320 1062 1369 quid
1077 1318 1210 1369 feeerit
1231 1319 1362 1363 David,
1397 1331 1476 1355 cum
1495 1319 1639 1367 e'tegres-
1660 1327 1770 1364 Cape,
1785 1329 1809 1356 3.

115 1400 178 1424 sus
209 1393 267 1424 est
293 1388 330 1424 iu
360 1388 503 1424 domum
534 1387 622 1423 clei?

226 1451 359 1493 Refut.
380 1450 500 1492 XXI.
545 1450 643 1492 Cum
667 1452 952 1493 tabernaculum
975 1453 1064 1493 illud
1086 1451 1228 1508 Moyse
1254 1452 1479 1493 collocatum
1498 1452 1557 1491 dei
1576 1453 1641 1491 do-

115 1535 216 1561 mum
240 1521 428 1575 appellet,
462 1534 699 1574 nequaquam
726 1520 846 1573 legem
873 1528 938 1560 aut
960 1522 1069 1561 deum
1095 1521 1215 1575 ipsum
1239 1521 1300 1574 qui
1323 1521 1358 1560 in
1386 1521 1470 1574 lege
1492 1520 1641 1560 loeutus

116 1595 174 1628 est
194 1588 339 1628 abiicit.
405 1587 515 1628 Hunc
539 1589 675 1643 quippe
698 1590 807 1628 deum
833 1589 1002 1629 nominat
1028 1589 1090 1642 qui
1112 1589 1193 1629 eius
1219 1596 1324 1642 pater
1345 1596 1419 1639 est,
1454 1595 1518 1628 aut
1539 1588 1641 1628 elus-

116 1657 199 1696 dem
227 1657 460 1709 unigenitus.
524 1654 634 1697 Solet
657 1657 757 1696 enim
780 1663 913 1696 sancta
937 1657 1111 1707 trinitas,
1153 1664 1261 1712 pater
1284 1663 1322 1697 et
1346 1657 1444 1696 filius
1470 1664 1507 1696 et
1528 1657 1640 1712 spiri-

117 1731 176 1764 tus
209 1731 387 1774 sanetus,
432 1739 507 1764 nou
539 1724 576 1764 in
608 1725 692 1777 lege
719 1725 840 1764 solum
871 1732 908 1765 et
933 1725 1153 1780 prophetis,
1198 1725 1263 1764 sed
1291 1725 1502 1778 evangeliis
1528 1731 1640 1778 atque

117 1792 300 1847 apostolis
332 1806 449 1847 opera
479 1807 546 1833 sua
580 1793 778 1847 perlicere.

229 1858 361 1900 Scliol.
386 1859 525 1900 XXII.
574 1864 723 1899 Gratias
749 1875 820 1912 ago
849 1862 936 1911 tebe‘,
970 1864 1112 1900 domine
1133 1864 1238 1900 coeli.
1302 1860 1388 1901 Nee
1414 1861 1633 1916 adscripsit,
1657 1872 1838 1908 Capua-21.

115 1936 153 1967 et
170 1937 304 1976 terrae,
341 1942 464 1982 neque
487 1930 617 1979 etiam,
644 1937 767 1980 paler.
831 1927 984 1970 Sedex
1009 1943 1054 1969 eo
1079 1938 1204 1969 tamen
1227 1930 1439 1970 revincitur
1463 1931 1560 1983 quod
1583 1929 1639 1969 in-

117 1997 173 2036 fra
205 1997 401 2050 seqnitur:
435 2000 557 2036 Etiam
584 2005 704 2048 paler.

226 2063 361 2104 Ret'ut.
389 2062 528 2104 XXII.
575 2063 739 2104 Domino
771 2064 899 2118 itaque
930 2065 1026 2105 coeli
1056 2067 1201 2119 gratias
1234 2066 1335 2120 agit,
1378 2067 1468 2106 lieet
1498 2074 1633 2113 terrae,

115 2132 336 2181 sustuleris,
364 2132 451 2171 licet
467 2136 591 2183 patris
613 2146 749 2173 vocem
772 2133 1030 2185 subtraxeris,
1054 2133 1221 2185 Marcio,
1247 2149 1293 2175 ne
1315 2141 1459 2189 patrem
1484 2149 1504 2174 a
1527 2131 1639 2174 Chri-

114 2207 174 2240 sto
205 2214 313 2240 snum
340 2200 577 2254 pronuntiari
604 2201 839 2241 conditorem
867 2203 1109 2243 ostenderes.
1172 2201 1320 2244 Vivunt
1347 2202 1468 2242 adhuc
1500 2209 1538 2242 et
1562 2202 1638 2256 spi*

114 2275 202 2308 rant
225 2268 400 2308 veritatis
423 2268 485 2307 illa
509 2282 529 2307 a
553 2275 588 2308 te
611 2268 744 2308 relicta
765 2269 948 2310 membra.
1014 2269 1185 2311 Voculae
1207 2271 1294 2310 illae
1318 2271 1510 2320 nimirum,
1544 2284 1639 2324 quas

114 2343 154 2376 tu
181 2337 286 2376 velut
309 2335 347 2375 in
373 2336 543 2389 reliquiis
568 2336 762 2389 neglectas
786 2351 853 2391 per
878 2338 1107 2379 oblivionem
1135 2339 1350 2379 retinuisti:
1395 2342 1539 2385 Εῐίαηι,
1569 2354 1638 2391 pa-

117 2409 197 2443 ter!
254 2402 321 2444 Ex
351 2403 486 2457 quibus
517 2404 626 2458 plane
657 2404 755 2444 istud
777 2406 998 2456 conficitur,
1043 2407 1196 2461 proprio
1225 2407 1319 2461 patri
1341 2407 1484 2461 gratias
1510 2406 1636 2460 egisse

117 2469 312 2513 Christum
338 2472 546 2522 dominum,
580 2473 816 2526 eundemque
839 2474 934 2514 coeli
959 2475 1151 2515 dominum
1174 2475 1411 2529 appellasse:
1446 2482 1485 2514 ut
1505 2474 1636 2528 singu-

113 2539 231 2579 larem
256 2541 293 2579 in
317 2547 352 2579 te
375 2540 560 2593 quandam
585 2541 711 2580 inesse
733 2542 936 2582 amentiam
959 2550 1149 2598 oporteat,
1184 2557 1256 2596 qua
1278 2543 1435 2583 liberam
1459 2543 1635 2583 veritatis

116 2621 248 2648 vocem
283 2622 357 2647 non
389 2622 593 2661 agnoscas.

228 2673 360 2716 Sebol.
383 2673 543 2715 XXIII.
590 2679 700 2715 Discit
715 2679 940 2730 legzkperz'to,
979 2683 1019 2719 In
1043 2682 1123 2731 lege
1144 2682 1234 2732 quid
1249 2683 1424 2731 scriplum
1447 2685 1530 2718 esc?
1581 2679 1633 2720 Et
1652 2691 1726 2719 Ibid.
1743 2692 1784 2719 26.

117 2744 355 2798 respondens
395 2750 479 2798 post
508 2743 720 2798 legisperiti
752 2746 867 2786 verba
904 2747 1023 2799 dixit,
1063 2751 1170 2787 Recte
1199 2750 1352 2786 dezrz'ste':
1392 2749 1459 2786 lzoe
1496 2750 1560 2799 fac
1600 2758 1635 2787 et

116 2825 223 2850 vwes.

113 2916 243 2952 recepta.
295 2915 387 2954 Vulgo
417 2917 499 2945 extat
528 2912 735 2956 ἐλευὲερίαν,
769 2917 851 2956 quod
940 2915 993 2950 69.
1019 2919 1123 2958 Supra
1147 2921 1230 2949 extat
1255 2914 1343 2956 εἶπες
1364 2928 1420 2958 pro
1446 2916 1548 2956 εἶπας.

115 2957 188 2996 ferri
210 2958 238 2989 h.
260 2960 278 2990 l.
301 2968 390 2998 posse
417 2969 502 2999 neyo.
