2034 3267
477 127 654 160 PANARH
675 128 755 160 ΜΒ.
776 129 798 160 i.
821 128 926 161 ToM.
950 129 1003 160 in.
1030 128 1157 160 HAER.
1176 128 1284 161 XLu.
1565 125 1644 165 565

124 207 188 247 rit.
249 205 372 260 Igitur
396 207 527 247 demus
554 207 657 247 illum
682 207 826 248 viribus
851 208 1033 261 imparem
1058 222 1167 259 esse,
1214 223 1397 263 nusquam
1423 210 1646 252 fabricatum

125 289 218 328 opus
241 275 286 314 ab
306 289 352 314 eo
375 283 553 315 constare
573 276 733 330 poterit,
767 276 832 316 sed
853 275 1075 329 iampridem
1097 276 1336 317 interciderit
1354 285 1526 332 oportet,
1561 293 1645 320 cum

124 342 258 382 diebus
278 342 439 395 singulis
462 343 682 398 decerptum
704 343 868 383 indidem
891 342 1030 397 aliquid
1057 344 1193 398 partim
1222 358 1243 384 a
1267 345 1365 385 malo
1390 346 1579 401 propriam
1607 348 1646 388 in

123 410 344 463 regionem,
389 411 523 464 partim
557 426 576 450 a
605 411 705 451 bono
737 412 775 451 in
798 412 998 465 superiora
1025 412 1293 452 transferatur.
1358 411 1520 454 Ubinam
1552 429 1645 470 ergo

122 479 271 517 demum
294 477 384 518 illud
408 478 595 532 opificium
620 478 831 518 consistet?
891 476 932 519 Si
956 478 1134 533 paulatim
1159 479 1367 520 desiturum
1391 483 1642 535 respondeas,

120 559 163 584 ac
194 545 283 585 boni
314 560 404 586 cura
440 547 641 600 studioque
674 547 784 586 finem
811 544 1012 600 atiqu'ando
1033 554 1353 597 consecuturum,
1398 563 1524 589 nonne
1550 551 1644 591 illati

121 613 246 653 damni
272 613 419 667 culpam
444 614 566 654 bonus
592 615 663 654 iste
686 614 914 664 sustinebit,
948 613 1010 667 qui
1035 614 1131 667 quod
1155 614 1243 654 boni
1269 616 1406 655 fecisse
1433 625 1566 671 postea
1586 619 1643 659 vi-

119 695 185 721 sus
210 688 291 731 est,
326 696 400 721 non
427 681 489 722 diu
512 689 623 731 ante,
657 683 829 735 adeoque
850 681 958 720 initio
982 682 1212 735 perfecerit,
1246 690 1448 737 antequam
1473 685 1644 740 plerique

118 748 293 789 iniuriam
318 750 558 804 acciperent,
601 756 637 789 et
659 750 697 789 in
719 749 854 789 iudicis
879 755 1068 803 potestate
1095 750 1237 790 detenti
1265 750 1449 791 inferiore
1473 753 1558 793 loco
1582 768 1644 795 re-

119 818 346 857 manerent?

232 883 308 925 lam
333 885 431 939 quod
457 899 477 925 e
497 885 619 925 sacris
641 885 900 939 depromptum
925 884 1046 925 literis
1071 886 1204 936 affert,
1239 900 1284 926 eo
1308 900 1508 942 perperam
1530 889 1642 930 intel-
1667 904 1843 947 Cap.V111.

116 954 238 1003 lecto,
281 960 392 1007 atque
418 953 580 1007 apostoli
608 953 814 1007 depravata
842 953 1056 1004 sententia,
1099 953 1318 994 rudioribus
1344 956 1470 996 fucum
1495 957 1639 1010 obiicit,

116 1036 199 1061 cum
223 1021 274 1061 ita
298 1020 463 1074 loquitur
485 1020 702 1074 apostolus:
738 1024 908 1060 Christus
929 1037 996 1060 nos
1018 1037 1039 1060 a
1063 1025 1255 1061 maledicto
1275 1026 1448 1071 redemit,
1477 1040 1550 1076 pro
1574 1041 1638 1065 no-
1656 1038 1755 1067 Galat.
1766 1041 1792 1075 3,
1803 1042 1842 1069 13.

115 1091 314 1143 bessactus
337 1091 581 1128 maledictum.
646 1087 708 1128 Ex
733 1104 806 1143 quo
828 1090 926 1129 istud
949 1089 1108 1144 colligit,
1142 1090 1174 1130 si
1197 1091 1316 1145 ipsius
1339 1105 1530 1143 essemus,
1564 1108 1642 1135 non

115 1158 243 1211 utique
273 1157 372 1210 quod
403 1156 476 1196 iam
508 1170 616 1196 suum
644 1165 728 1197 erat
754 1158 1037 1212 redempturum
1068 1158 1200 1199 fuisse.
1265 1156 1362 1199 Cum
1389 1159 1506 1213 igitur
1529 1163 1641 1202 rede-

114 1226 230 1266 misse
257 1225 425 1275 dicatur,
471 1238 632 1265 neeesse
659 1233 719 1266 est
743 1225 906 1265 alienum
929 1225 967 1265 in
996 1227 1174 1266 mundum
1201 1227 1333 1281 pedem
1356 1229 1553 1282 posuisse,
1601 1238 1641 1271 ut

113 1307 206 1344 nos,
253 1292 314 1347 qui
342 1292 441 1334 illius
469 1308 542 1333 non
571 1307 768 1343 essemus,
813 1294 1033 1333 redimeret.
1098 1292 1206 1349 Opus
1235 1295 1335 1335 enim
1363 1310 1514 1337 eramus
1543 1298 1637 1338 alte-

112 1361 215 1412 rius,
256 1361 418 1415 ideoque
450 1376 520 1402 nos
549 1362 667 1402 vitam
697 1362 742 1402 ad
770 1376 876 1402 suam
903 1363 1219 1417 transportandos
1249 1364 1425 1404 redemit.
1488 1364 1636 1406 Verum

112 1430 200 1470 illud
232 1430 425 1469 hominum
457 1430 728 1470 stolidissimus
759 1430 934 1483 ignorat,
983 1444 1220 1485 nequaquam
1251 1430 1448 1472 Christum
1480 1433 1636 1474 maledi-

112 1504 211 1537 ctum
244 1498 384 1548 fuisse,
429 1498 526 1538 absit
554 1505 593 1537 ut
617 1498 802 1538 eiusmodi
829 1497 1003 1552 quiddam
1032 1498 1284 1550 arbitremur,
1329 1500 1396 1540 sed
1424 1515 1507 1541 cum
1535 1502 1634 1543 ultro

110 1579 262 1606 crucem
290 1566 496 1616 subiisset,
530 1573 767 1606 contractum
794 1580 813 1606 a
839 1566 948 1606 nobis
975 1581 1024 1606 ex
1053 1575 1210 1621 peccato
1238 1568 1477 1609 maledictum
1505 1569 1635 1611 abstu-

109 1634 225 1684 lisse,
272 1641 311 1673 ut
343 1649 444 1674 mors
478 1635 755 1688 quodammodo
789 1635 922 1674 mortis
955 1642 1060 1675 esset
1100 1635 1208 1690 culpa
1247 1643 1378 1676 nostra
1413 1645 1631 1692 susceptae,

107 1702 303 1756 ipsiusque
339 1702 528 1742 maledicti
564 1703 820 1743 maledictum.
892 1700 1022 1755 Quare
1063 1703 1305 1744 maledictum
1342 1701 1521 1746 Christus
1556 1721 1632 1746 non

109 1777 189 1820 est,
235 1770 301 1810 sed
334 1769 533 1811 dissolutio
566 1771 779 1820 maledicti,
825 1778 959 1811 contra
990 1785 1085 1811 vero
1117 1771 1333 1812 benedictio
1367 1773 1543 1814 omnibus
1574 1781 1634 1815 est

106 1838 144 1878 in
169 1852 254 1878 eum
280 1852 372 1878 vere
401 1852 445 1878 ac
470 1839 620 1879 sincere
646 1838 904 1879 credentibus.
966 1837 1077 1880 Unde
1104 1847 1142 1879 et
1165 1843 1320 1879 redemit
1344 1841 1528 1895 scriptum
1554 1849 1628 1893 est,

109 1920 182 1946 non
206 1910 304 1945 emit.
360 1904 499 1960 Neque
523 1906 624 1946 enim
647 1907 683 1946 iu
706 1906 866 1946 alienam
891 1907 1177 1961 possessionem
1199 1908 1399 1962 diripiendi
1420 1910 1481 1950 vel
1501 1924 1631 1951 emen-

107 1974 143 2014 di
175 1974 297 2027 gratia
329 1975 449 2014 venit.
512 1973 613 2014 Nam
648 1975 678 2014 si
713 1981 879 2026 emeret,
927 1976 1025 2029 quod
1054 1983 1143 2016 ante
1172 1990 1247 2016 non
1275 1977 1439 2018 habebat
1466 1987 1626 2029 emeret,

107 2055 150 2081 ac
175 2042 337 2082 mendici
367 2043 488 2083 instar
513 2042 648 2096 quibus
674 2049 849 2082 caruerat
878 2043 949 2083 sibi
974 2053 1228 2098 compararet.
1293 2042 1414 2085 Cuius
1441 2053 1567 2086 autem
1590 2047 1629 2087 in

107 2110 254 2164 peculio
286 2124 460 2160 eramus,
505 2111 659 2150 omniuo
692 2118 862 2164 egestate
896 2126 965 2152 nos
991 2126 1198 2166 oppressus
1222 2114 1346 2167 aliqua
1376 2114 1626 2166 vendidisset,

106 2177 213 2231 quasi
244 2192 266 2218 a
291 2178 483 2218 creditore
510 2178 684 2233 quopiam
714 2186 884 2220 coactus.
946 2178 1083 2234 Longe
1112 2195 1204 2220 vero
1231 2195 1317 2221 sese
1344 2181 1456 2221 aliter
1477 2196 1539 2222 res
1564 2182 1628 2223 ha·

103 2245 183 2285 bet.
244 2244 335 2286 Non
360 2247 458 2286 enim
483 2247 630 2286 emendi
654 2247 771 2287 verbo
795 2262 886 2287 usus
911 2255 992 2298 est,
1025 2250 1091 2288 sed
1120 2249 1345 2289 redimendi.
1408 2247 1482 2290 Cui
1503 2250 1627 2292 simile

105 2321 164 2355 est
196 2314 309 2364 illud,
357 2315 454 2368 quod
488 2315 586 2354 idem
621 2315 816 2370 apostolus
847 2316 922 2356 alio
946 2317 1030 2357 loco
1055 2317 1172 2357 dixit:
1220 2320 1445 2357 Redimentes
1470 2326 1622 2372 tempus,
1645 2334 1809 2371 Eph.5‚1e.

103 2385 272 2435 quoniam
296 2385 373 2421 dies
395 2385 486 2421 mall
504 2391 603 2421 sunt.
668 2383 785 2437 Atqui
807 2397 929 2438 neque
952 2385 1033 2425 dies
1056 2392 1232 2425 emuntur
1253 2400 1274 2425 a
1298 2386 1430 2436 nohis,
1462 2401 1534 2427 nec
1558 2403 1626 2443 pro

103 2449 178 2490 illis
212 2450 375 2505 pretium
408 2451 522 2490 ullum
555 2450 830 2504 persolvimus,
875 2453 941 2492 sed
975 2454 1019 2493 ad
1053 2453 1274 2508 patientiam
1308 2468 1351 2494 ac
1382 2454 1624 2496 tolerantiam

105 2518 296 2573 animique
322 2519 575 2559 constantiam
599 2518 886 2573 exprimendam
913 2534 995 2561 eam
1021 2521 1197 2575 loquendi
1223 2521 1409 2562 rationem
1436 2523 1621 2565 adhibuit.

106 2584 296 2639 Quocirca
330 2587 539 2626 redimendi
576 2587 733 2626 verbum
767 2595 884 2628 totum
915 2589 1003 2629 illud
1035 2590 1202 2644 suscepti
1234 2604 1301 2643 pro
1335 2591 1457 2631 salute
1492 2600 1625 2634 nostra

105 2654 276 2709 corporis
308 2655 569 2708 adventusque
603 2654 797 2708 negotium
832 2656 1040 2710 significat,
1086 2672 1159 2711 quo
1193 2658 1341 2711 quidem
1381 2659 1457 2713 pati
1493 2669 1623 2702 nostra

105 2736 241 2762 caussa
262 2723 438 2776 dignatus
459 2729 517 2762 est
538 2722 646 2771 deus,
677 2724 738 2776 qui
761 2724 835 2778 pati
856 2724 947 2764 nihil
965 2724 1105 2779 alioqui
1125 2732 1287 2779 poterat,
1321 2740 1404 2766 cum
1428 2727 1463 2767 in
1488 2730 1620 2770 eodem

104 2796 205 2830 statu
229 2789 462 2840 divinitatis,
505 2789 668 2844 patiendi
692 2790 894 2842 videlicet,
934 2793 1176 2833 nibilominus
1206 2794 1445 2848 persisteret.
1508 2795 1622 2849 Quod

105 2870 198 2896 vero
229 2858 373 2912 perpeti
406 2858 544 2912 aliquid
577 2872 644 2912 pro
676 2858 785 2898 nobis
815 2860 956 2910 voluit,
1001 2876 1074 2901 non
1105 2861 1142 2901 id
1174 2862 1322 2902 emendi
1349 2864 1469 2904 nostri
1497 2866 1621 2919 gratia

105 2924 318 2977 praestitit,
361 2926 467 2979 quasi
499 2925 624 2966 alieno
650 2926 838 2980 mancipio
865 2934 1106 2980 teneremur,
1149 2930 1216 2970 sed
1242 2944 1316 2971 uuo
1343 2931 1529 2973 duntaxat
1551 2947 1620 2974 uo-
