2034 3267
490 238 668 272 PANARH
692 240 774 273 Lm.
795 242 819 272 1.
842 241 948 273 ToM.
969 242 1009 273 11.
1035 242 1164 274 HAER.
1186 242 1317 274 xxxi.
1583 236 1657 275 311

136 320 253 370 letus,
288 318 387 373 quod
414 318 604 358 etlumen
627 318 779 369 dicitur,
812 318 1034 360 Beatitudo.
1098 319 1411 373 Ecclesiasticus,
1446 320 1655 377 Sapientia.

135 385 314 441 Bythius,
347 384 498 441 Myxis.
559 385 769 439 AgeratuS,
804 385 920 426 Unio.
970 386 1215 442 Autophyes,
1247 387 1510 444 Temperatio.
1561 388 1654 431 Uni-

135 467 255 508 gena,
288 451 442 494 Unitas.
504 451 737 504 Immobilis,
771 452 974 507 Voluptas.

247 519 358 573 Quod
395 521 426 560 si
461 520 718 561 successionis
754 519 887 560 ordine
925 534 1129 560 numerare
1162 522 1282 572 velis,
1327 537 1347 562 a
1383 537 1560 578 supremo
1589 525 1654 565 illo

134 602 205 628 nec
237 588 377 628 effabili
400 586 541 638 Patre,
575 602 684 642 quem
710 586 863 642 Bython
890 587 1110 638 nominant,
1153 589 1198 628 ad
1224 589 1391 630 citimum
1415 605 1534 645 usque
1565 607 1654 633 coe-

132 655 209 695 lum
236 655 464 695 tricenarius
491 669 672 696 numerus
698 654 769 694 hoc
795 654 906 693 modo
931 654 1143 708 colligitur:
1190 654 1364 710 Bythus,
1399 657 1514 712 Sige,
1546 659 1648 710 Nus,

133 722 306 774 Veritas,
339 721 488 776 Logos,
513 722 618 772 Vita,
651 720 794 772 Homo,
828 720 1045 771 Ecclesiae,
1079 720 1321 774 Paracletus,
1353 723 1486 775 Fides,
1519 725 1650 767 Pater-

133 804 219 841 nuS,
254 789 370 845 Spes,
402 789 622 838 Maternus,
657 786 853 838 Charitas,
878 788 1020 838 Ainus,
1057 787 1236 844 Syuesis,
1265 790 1451 832 Theletus
1475 793 1556 833 sive
1572 793 1651 834 Lu-

132 872 234 907 men,
271 856 489 907 Beatitudo,
522 855 845 905 Ecclesiasticus,
879 853 1100 910 Sapientia,
1133 855 1321 912 Bythias,
1353 857 1512 910 Mistio,
1545 861 1650 914 Age-

131 933 259 975 ratus,
292 923 418 975 Unio,
450 923 703 978 AutophyeS,
740 922 1015 978 Temperatio,
1050 921 1254 978 Unigena,
1286 924 1437 977 Unitas,
1471 925 1649 968 immobi-

130 993 200 1043 lis,
234 991 435 1046 Voluptas.

240 1058 439 1100 Eiusmodi
470 1064 529 1098 est
561 1057 723 1098 celebris
749 1057 812 1098 illa
840 1057 993 1112 triginta
1016 1058 1193 1099 Aeonum
1219 1060 1367 1112 fabula,
1401 1061 1645 1103 inanissima-

131 1141 202 1182 que
226 1125 422 1182 spiritalis,
455 1132 497 1165 ut
515 1132 677 1176 vocant,
712 1125 978 1180 complementi
1002 1126 1195 1180 coniugia.
1258 1126 1368 1180 Quae
1393 1129 1424 1170 si
1450 1129 1533 1183 quis
1563 1145 1644 1171 cum

130 1194 312 1243 Hesiodi,
345 1190 561 1234 Stesichori
584 1193 823 1247 aliorumque
845 1192 1084 1234 Graecorum
1118 1201 1314 1248 poetarum
1348 1197 1484 1237 fabulis
1516 1200 1645 1238 confe-

129 1269 210 1313 rat,
240 1261 371 1302 eadem
397 1274 483 1300 cum
505 1259 580 1300 illis
604 1260 755 1315 penitus
780 1274 866 1301 esse
883 1293 892 1310 ,
926 1275 1049 1315 neque
1072 1262 1147 1302 ulla
1179 1262 1216 1302 in
1240 1277 1282 1303 re
1304 1264 1520 1320 discrepare
1543 1281 1644 1306 com-

128 1328 272 1384 periet,
316 1328 557 1382 indidemque
586 1336 796 1382 cognoscet
828 1328 919 1369 nihil
951 1329 1051 1369 aliud
1088 1343 1174 1370 esse
1206 1331 1457 1373 admiratione
1490 1333 1641 1387 dignum

126 1397 225 1451 quod
251 1396 313 1437 isti
339 1396 581 1436 mirificarum
608 1395 822 1436 haereseon
850 1397 1068 1437 conditores
1095 1398 1199 1438 velut
1219 1412 1358 1440 arcana
1383 1401 1566 1454 quaedam
1599 1415 1643 1441 ac

124 1464 308 1519 mysteria
333 1477 451 1518 penes
475 1478 517 1504 se
538 1477 624 1504 esse
648 1464 889 1518 profitentur.
936 1463 1045 1504 Nihil
1066 1465 1166 1505 enim
1189 1465 1286 1506 aliud
1312 1467 1383 1507 nisi
1402 1466 1640 1510 Graecorum

123 1532 294 1587 poeticas
327 1545 448 1585 nugas
479 1545 523 1571 ac
556 1532 754 1586 gentilium
788 1532 921 1571 deliria
954 1539 992 1572 et
1022 1532 1172 1573 inanem
1202 1534 1399 1575 scientiam
1437 1550 1641 1590 expresse-

123 1606 236 1650 runt,
269 1613 393 1654 neque
418 1600 616 1654 quiequam
642 1606 796 1654 praeter
817 1613 936 1640 voces
966 1600 1219 1652 innovarunt,
1254 1617 1347 1655 quas
1381 1603 1433 1643 illi
1466 1605 1640 1646 barbaris

124 1667 440 1721 appellationibus
462 1681 663 1722 perperam
687 1667 946 1707 detorserunt.
1009 1665 1067 1708 lta
1092 1668 1190 1708 enim
1212 1670 1274 1709 vel
1293 1669 1374 1724 ipse
1398 1671 1639 1727 philosopha-

123 1741 184 1774 tur
208 1733 418 1775 Hesiodus.
479 1733 649 1775 Primum
678 1735 844 1775 omnium
873 1732 1001 1776 Chaos
1027 1736 1228 1788 extitisse,
1261 1751 1329 1792 pro
1357 1753 1429 1792 quo
1458 1739 1509 1779 illi
1540 1739 1638 1781 Pro-

123 1802 277 1842 fundum
299 1802 550 1843 substituunt.
595 1800 739 1843 Secuta
762 1810 822 1842 est
841 1801 952 1854 Nox,
976 1802 1144 1854 Erebus,
1169 1804 1313 1856 Terra,
1337 1805 1498 1857 Aether,
1524 1807 1633 1860 Dies,

121 1870 266 1920 Amor,
300 1868 537 1921 Consilium,
578 1869 739 1920 Fatum,
772 1870 993 1922 Aerumna,
1035 1869 1185 1923 Casus,
1225 1871 1430 1926 Nemesis,
1461 1874 1633 1928 Momus,

121 1937 327 1989 Amicitia,
369 1937 504 1989 Mors,
545 1936 745 1988 Licentia,
781 1935 994 1990 Senectus,
1027 1938 1127 1990 Ate,
1160 1939 1427 1992 Desiderium,
1461 1941 1632 1996 Oblivio,

120 2003 304 2055 Somnus,
336 2004 485 2059 Pugna,
520 2004 755 2060 Lysimeles,
789 1998 1053 2057 Contumelia,
1086 2006 1347 2062 EuphroniOS,
1382 2009 1521 2065 Aegle,
1557 2010 1634 2052 Cu-

119 2086 246 2112 rarum
269 2073 464 2124 solatium,
497 2071 638 2122 Fraus,
673 2072 923 2128 Hedymeles,
956 2072 1041 2114 Lis.
1105 2074 1177 2115 Hic
1197 2076 1259 2115 ille
1283 2091 1463 2118 numerus
1490 2086 1547 2119 est
1571 2082 1631 2134 qui

118 2139 277 2180 marium
298 2141 600 2195 feminarumque
626 2140 846 2181 continuata
870 2141 971 2182 serie
996 2142 1242 2183 tricenarium
1273 2145 1398 2186 efficit.
1461 2144 1572 2198 Quod
1600 2147 1632 2187 si

118 2207 201 2261 quis
225 2208 535 2249 animadvertere
557 2208 649 2248 velit
672 2209 984 2262 quemadmodum
1004 2210 1067 2250 isti
1087 2210 1384 2266 uniuscuiusque
1408 2228 1491 2253 cum
1510 2215 1630 2254 altero

118 2275 399 2330 copulationem
432 2276 655 2326 instituant,
696 2276 748 2316 ita
779 2277 991 2332 composita
1024 2286 1317 2333 comparataque
1358 2281 1458 2320 inter
1495 2295 1536 2321 se
1566 2283 1629 2323 illa

117 2351 326 2397 cognoscet
357 2344 670 2398 quemadmodum
695 2358 715 2384 a
743 2345 866 2399 poetis
890 2346 1135 2387 constitutum
1161 2347 1334 2401 legimus.
1396 2348 1514 2389 Velut
1544 2365 1627 2390 cum

116 2423 167 2450 ex
188 2409 304 2466 Bythi
329 2425 413 2451 cum
434 2410 563 2452 Nocte
595 2426 638 2451 ac
665 2409 829 2452 Silentio
854 2413 1123 2455 coniunctione
1147 2423 1385 2470 procreatam
1412 2431 1498 2457 esse
1527 2417 1628 2459 Ter-

113 2492 194 2518 ram
217 2479 428 2530 affirmaut,
461 2479 546 2528 vel,
581 2486 621 2518 ut
643 2479 728 2528 alii,
759 2477 943 2531 Coelum,
977 2496 1088 2536 quem
1114 2490 1152 2523 et
1177 2483 1438 2539 Hyperiouem
1470 2494 1624 2527 vocant.

113 2544 365 2600 Eandemque
388 2561 472 2586 cum
505 2553 609 2586 terra
633 2547 846 2601 copulatum
873 2563 998 2590 mares
1021 2551 1256 2605 feminasque
1279 2552 1482 2605 genuisse,
1514 2560 1625 2607 atque

112 2612 164 2653 ita
197 2627 265 2668 per
298 2621 414 2654 totam
450 2613 614 2654 fabulam
647 2614 820 2655 omnibus
845 2616 1029 2658 accidisse
1051 2619 1230 2672 reliquis,
1273 2619 1483 2660 cuiusmodi
1515 2622 1625 2676 plane

113 2687 173 2720 est
196 2681 399 2735 nugatoria
429 2681 489 2721 illa
514 2680 630 2737 Bythi
657 2688 769 2736 atque
792 2682 1068 2725 inextricabilis
1097 2686 1271 2727 historia.
1332 2685 1500 2728 Possunt
1531 2703 1624 2729 vero

114 2747 210 2787 hunc
239 2749 280 2788 in
313 2749 463 2789 modum
499 2751 580 2790 fere
613 2749 675 2789 illa
707 2750 807 2790 inter
836 2765 923 2792 sese
948 2766 1014 2807 per
1037 2754 1213 2808 coniugia
1239 2755 1431 2809 copulari:
1478 2754 1621 2807 Chaos,

112 2813 222 2866 Nox,
255 2814 424 2867 Erebus,
457 2815 598 2868 Terra,
632 2816 796 2868 Aether,
828 2816 939 2871 Dies,
971 2819 1082 2871 Nox,
1110 2819 1337 2872 Consilium,
1364 2820 1516 2874 Fatum,
1544 2823 1622 2864 Ae-

110 2895 267 2934 rumna,
312 2881 458 2935 Casus,
499 2881 704 2934 Nemesis,
748 2883 927 2938 Momus,
961 2885 1221 2939 Concubitus,
1253 2887 1387 2938 Mors,
1426 2889 1618 2940 Licentia,

110 2974 136 3002 et
158 2972 284 3012 Rhediy.
795 2977 842 3007 ed.
934 2977 964 3010 7.
1086 2980 1151 3010 cod.
1174 2980 1244 3010 Ven.

105 3018 204 3055 princ.
729 3022 844 3053 ed.Pe-
931 3021 962 3053 8.
1309 3021 1334 3067 ri
1557 3028 1622 3058 cod.

109 3064 170 3091 lav.
891 3068 961 3098 Ven.

1672 1069 1749 1114 cap.
1767 1073 1822 1104 111.
