2034 3267
495 171 669 203 PANAnn
694 172 774 203 Lm.
789 172 813 203 1.
837 173 943 204 ToM.
966 172 1006 204 n.
1032 172 1158 204 ΗΑΕΒ.
1177 172 1294 204 xxx.
1571 166 1647 204 251

143 250 272 290 horum
301 249 414 303 igitur
438 257 539 289 metu
565 250 724 289 alterum
750 264 792 290 se
819 250 1099 290 matrimonium
1126 251 1260 291 iniisse
1287 251 1459 302 dicebat,
1504 266 1578 305 quo
1609 264 1652 291 se

142 317 187 357 ab
217 317 280 356 illa
310 330 488 356 manuum
520 317 761 371 impositione
793 317 989 358 liberaret.

250 382 328 424 Sed
354 384 398 424 ad
424 384 662 438 patriarchae
687 384 898 434 historiam,
930 391 968 423 et
987 384 1104 438 ipsius
1128 386 1224 425 adeo
1249 384 1400 440 losephi
1423 385 1648 426 redeamus:
1679 391 1831 434 Cap.V1.

140 463 249 504 quam
278 450 316 490 iu
348 451 532 491 lectorum
561 452 719 504 gratiam
746 452 877 491 iisdem
906 451 1040 504 quibus
1070 452 1131 492 ille
1157 453 1350 492 referebat
1381 453 1508 492 verbis
1540 468 1653 493 accu-

140 524 223 557 rata
253 518 323 557 fide
354 518 742 572 repraesentabimus.
805 514 902 556 Cum
934 517 1061 571 itaque
1092 519 1306 572 patriarcha
1335 520 1522 574 baptismo
1553 520 1652 560 hunc

138 584 178 624 in
204 585 353 624 modum
379 585 608 635 initiaretur,
641 598 728 637 ego,
761 584 971 637 inquiebat,
1005 598 1072 638 per
1095 585 1232 625 ianuae
1259 588 1547 627 commissuram
1577 589 1654 628 t'ur-

139 652 204 691 tim
232 652 514 706 introspectans
543 651 669 691 omnia
695 664 790 703 quae
821 650 867 690 ab
893 651 1072 705 episcopo
1098 652 1335 705 patriarchae
1361 654 1496 694 fierent
1519 656 1652 695 obser-

139 718 274 760 vabam
291 750 300 768 ,
343 733 387 758 ac
411 719 612 772 diligenter
633 717 758 757 animo
779 716 1008 757 retinebam.
1068 717 1140 759 Ubi
1165 719 1265 758 iuter
1287 727 1415 760 cetera
1437 722 1652 775 patriarcha

140 786 214 825 vim
237 787 420 839 quandam
444 786 523 825 auri
547 799 621 824 non
645 784 876 824 mediocrem
898 791 1033 825 tenens
1055 785 1151 825 hanc
1174 786 1353 840 episcopo
1376 791 1563 841 porrexit,
1596 797 1649 839 et,

139 856 211 892 Pro
235 868 310 900 me,
345 853 485 906 inquit,
518 852 665 905 affirm.
728 854 913 902 Scriptum
940 860 995 890 esc
1017 856 1131 900 em‘m,
1165 867 1187 892 α
1208 856 1460 893 sacerdotibus
1485 858 1547 893 dei
1566 859 1652 894 alli-

137 924 230 972 gari
245 923 406 972 solvique
423 922 459 957 ia
482 921 592 957 terris
612 921 745 965 omnia,
779 926 818 957 et
836 921 958 957 eadem
980 922 1017 958 in
1039 922 1138 958 coelo
1159 923 1381 974 solutasore
1401 924 1460 960 vel
1476 924 1647 973 allegata.

139 986 235 1027 Post
256 988 349 1026 haec
369 985 510 1039 apertis
532 984 677 1024 foribus
701 985 1062 1040 sciscitantibusque
1085 988 1130 1027 de
1152 988 1368 1042 patriarcha
1391 988 1452 1042 qui
1475 989 1649 1038 aderant,

141 1053 451 1108 quemadmodum
471 1065 523 1091 ex
541 1065 587 1090 eo
608 1053 776 1092 remedio
799 1053 959 1104 valeret,
982 1056 1250 1108 percommode
1270 1069 1311 1095 se
1334 1056 1473 1096 habere
1493 1070 1653 1110 respon·

140 1122 215 1172 dit3
247 1120 332 1174 quid
357 1119 455 1158 enim
482 1118 626 1158 diceret
650 1120 848 1173 praeclare
874 1128 1050 1161 noverat.
1111 1120 1234 1162 Biduo
1261 1123 1397 1163 dehinc
1420 1124 1481 1163 vel
1510 1123 1649 1173 triduo,

140 1189 300 1229 adeunte
322 1185 473 1240 saepius
496 1199 563 1239 per
583 1186 718 1226 medici
739 1187 905 1241 speciem
927 1189 1121 1244 episcop0,
1157 1190 1255 1230 felici
1277 1204 1327 1230 ex
1351 1190 1421 1231 hac
1443 1191 1521 1230 vita
1545 1192 1652 1231 exitu

140 1253 349 1311 patriarcha
372 1252 561 1304 decessit,
594 1267 677 1293 cum
703 1255 804 1307 prius
829 1253 990 1308 losepho
1015 1264 1052 1296 et
1074 1257 1186 1297 alteri
1209 1258 1355 1298 cuidam
1381 1259 1652 1299 honestissimo

139 1322 223 1363 viro
248 1321 478 1361 tenerrimae
509 1320 632 1360 adhuc
662 1321 799 1362 aetatis
831 1322 944 1362 filium
972 1323 1243 1364 commisisset.
1307 1323 1499 1377 Quocirca
1526 1327 1654 1366 omnia

140 1389 185 1430 ab
206 1388 279 1428 illis
301 1387 485 1428 ambobus
510 1388 888 1439 administrabantur,
922 1391 1020 1443 quod
1044 1399 1147 1431 esset
1167 1392 1381 1446 patriarcha
1405 1393 1525 1433 adhuc
1546 1401 1653 1433 aeta-

139 1463 175 1496 te
199 1469 292 1510 puer
316 1469 359 1495 ac
385 1455 655 1509 propemodum
684 1455 834 1506 infans,
878 1463 916 1496 et
940 1457 1043 1497 inter
1066 1459 1215 1499 illorum
1244 1473 1376 1500 manus
1403 1461 1649 1500 educaretur.

136 1522 215 1564 Per
241 1522 340 1563 idem
365 1529 512 1577 tempus
537 1521 685 1576 losephi
711 1523 874 1563 animum
902 1525 1104 1566 sollicitum
1128 1526 1290 1566 habebat
1315 1541 1446 1567 eornm
1471 1529 1652 1568 recorda-

137 1591 212 1640 tio,
256 1604 351 1644 quae
379 1590 417 1629 in
447 1590 632 1644 baptismo
665 1591 745 1630 ficri
773 1593 934 1645 mystica
959 1606 1173 1647 arcanaque
1198 1594 1367 1645 viderat,
1409 1602 1448 1634 et
1474 1596 1652 1648 quidnam

137 1664 270 1712 ageret
292 1657 406 1697 anxie
426 1657 633 1710 cogitabat.
696 1655 946 1698 Commodum
970 1659 1047 1700 illic
1066 1660 1332 1716 gazophylacii
1354 1662 1448 1702 cella
1469 1663 1653 1715 quaedam

139 1732 222 1765 erat
247 1725 445 1779 obsignata
469 1727 582 1778 (gaza
609 1739 722 1779 porro
746 1724 937 1766 Hebraice
963 1727 1182 1768 thesaurum
1205 1728 1436 1781 significat);
1470 1730 1577 1770 cuius
1601 1731 1652 1770 si-

140 1792 218 1847 gilli
249 1793 371 1846 gratia
404 1793 594 1847 plerisque
620 1793 725 1832 varia
757 1793 802 1832 de
829 1806 875 1832 eo
898 1794 1175 1849 gazophylacio
1200 1795 1504 1850 suspicantibus,
1547 1796 1652 1838 lose-

139 1860 234 1915 phus
260 1859 354 1899 clam
380 1874 493 1900 ausus
518 1860 668 1914 aperire
691 1859 783 1899 nihil
804 1860 1048 1914 pecuniarum
1076 1863 1241 1916 reperit,
1283 1864 1349 1903 sed
1375 1864 1492 1904 libros
1517 1865 1652 1904 dunta-

139 1934 208 1968 xat
237 1927 408 1980 pecuniis
438 1927 612 1967 omnibus
639 1927 954 1981 praestantiores.
1017 1927 1125 1981 Quos
1157 1930 1243 1970 dum
1275 1931 1440 1981 evolvit,
1486 1933 1582 1971 forte
1613 1932 1650 1972 in

139 1994 229 2035 illud
252 1994 384 2034 incidit.
407 1995 451 2034 de
475 2009 548 2048 quo
570 1994 707 2034 dictum
733 2001 813 2045 est,
848 1993 1001 2035 loannis
1022 1997 1262 2051 evangelium
1286 2013 1307 2038 e
1331 1997 1483 2039 Graeco
1509 1999 1547 2039 iu
1572 1998 1651 2040 He-

140 2061 307 2103 braicum
328 2061 575 2111 translatum,
609 2076 681 2101 una
705 2076 788 2101 cum
813 2062 1083 2116 Apostolorum
1108 2064 1285 2105 Actibus.
1347 2067 1408 2106 Ad
1433 2066 1526 2106 haec
1547 2065 1651 2106 Mat-

140 2129 243 2170 thaei
265 2142 414 2182 quoque
438 2128 667 2169 Hebraicam
690 2129 949 2183 genealogiam
972 2131 1134 2172 invenit.
1195 2130 1343 2185 Quibus
1366 2134 1544 2188 perlectis
1567 2148 1651 2174 rur-

141 2211 206 2238 sus
231 2196 313 2237 eius
337 2196 486 2236 animus
511 2196 671 2236 cruciari
695 2196 835 2251 coepit,
867 2203 905 2236 et
927 2195 1186 2239 Christianam
1210 2200 1359 2253 quidem
1385 2201 1491 2240 fidem
1517 2215 1650 2255 capes-

141 2278 228 2304 sere
250 2263 450 2304 molestum
475 2263 510 2304 ei
537 2263 758 2314 videbatur,
797 2264 863 2304 sed
888 2265 981 2305 haec
1002 2267 1075 2306 duo
1102 2266 1366 2318 nihilominus,
1409 2275 1446 2308 et
1466 2268 1647 2308 librorum

140 2330 254 2371 lectio
283 2338 318 2371 et
350 2331 588 2385 patriarchae
618 2331 781 2371 initiatio
809 2332 1059 2373 vehementer
1087 2333 1277 2375 homiuem
1304 2335 1510 2389 angebant.
1572 2334 1650 2390 Qui

139 2398 323 2438 obdurato
352 2405 503 2449 tamen,
537 2405 576 2438 ut.
604 2398 768 2448 assolet,
800 2399 926 2440 animo
955 2402 1180 2455 permansit.

252 2597 358 2640 lnter
392 2600 486 2640 haec
515 2601 757 2642 adolescente
789 2602 862 2643 iam
893 2602 1028 2645 Ellclis
1059 2605 1133 2645 filio
1164 2604 1326 2659 pupillo,
1373 2605 1434 2659 qui
1463 2605 1510 2645 ad
1540 2619 1644 2660 spem
1672 2613 1833 2657 Cap.V11.

142 2667 418 2720 patriarchatus
443 2668 676 2708 educabatur
695 2671 835 2723 (neque
858 2671 957 2711 enim
980 2673 1225 2726 magistratus
1246 2673 1343 2727 apud
1369 2671 1529 2713 ludaeos
1552 2674 1649 2715 ullus

144 2735 346 2789 praeripit,
388 2735 453 2774 sed
480 2735 700 2789 parentibus
725 2736 787 2776 [ilii
814 2741 1062 2792 succedunt),
1106 2755 1199 2780 mox
1223 2747 1264 2780 ut.
1287 2741 1422 2780 aetatis
1448 2741 1578 2780 florem
1602 2756 1647 2781 ac

145 2800 310 2853 vigorem
339 2802 482 2855 attigit,
524 2803 567 2842 ad
600 2803 680 2842 eius
715 2804 1005 2846 familiaritatem
1040 2808 1217 2861 aequales
1251 2807 1400 2861 quidam
1432 2809 1647 2862 perniciose

145 2866 330 2922 obrepunt
363 2869 476 2909 otiosi
509 2870 772 2910 adolescentes
811 2885 854 2912 ac
887 2874 1056 2915 moribus
1089 2874 1256 2928 corrupti
1290 2872 1448 2925 (ludas,
1495 2876 1644 2930 opinor,

190 2955 263 2988 Cn.
280 2958 350 2990 VH.
374 2977 416 2982 —
443 2958 470 2991 1.
497 2961 679 2992 Carnarius:
707 2960 785 2992 Cum
809 2968 917 2994 autem
939 2963 972 2995 in
996 2963 1044 2996 his
1068 2970 1263 2996 attereretur
1287 2965 1344 3007 (sc.
1364 2965 1531 3007 Iosephus).
