2034 3267
483 197 659 229 PANARH
685 197 783 229 Anv.
809 196 1033 229 HAERESES
1057 197 1138 228 LIB.
1157 197 1180 227 1.
1207 195 1312 228 ToM.
1335 197 1357 227 1.
1628 188 1677 226 83

586 365 879 413 CONTRA
917 365 1247 413 SCRIBAS.

387 443 504 504 Quae
541 449 608 491 est
641 445 701 491 ΙΙ.
737 444 948 490 Iudaismi
983 449 1122 503 secta,
1168 444 1318 490 ordine
1348 443 1446 490 XV.

264 541 359 582 Post
380 541 625 583 Sadducaeos
651 542 853 581 interiecto
880 549 1074 596 tempore,
1108 542 1169 581 vel
1196 543 1328 582 eodem
1354 543 1467 582 etiam
1497 556 1570 596 quo
1597 543 1665 593 illi,
1696 542 1772 585 Gap.
1800 545 1821 574 ¹·

157 608 317 650 Scribae
360 610 603 663 prodierunt,
652 608 748 661 legis
788 607 1041 662 interpretes,
1089 623 1132 648 ac
1174 609 1280 648 velut
1318 610 1503 662 quandam
1541 623 1667 664 gram-

155 677 327 716 maticam
361 676 545 729 professi,
589 689 671 714 cum
704 673 869 714 caeteris
901 674 940 713 in
975 674 1090 714 rebus
1126 672 1353 715 ludaeorum
1389 676 1573 717 institutis
1609 680 1666 717 in-

155 743 362 792 haereant,
399 757 495 797 quae
523 740 798 795 superstitiosis
827 747 865 779 et
894 740 1143 780 cavillatoriis
1174 742 1342 781 inventis
1370 743 1663 797 interpolarunt.

153 809 294 863 Neque
326 810 425 850 enim
455 823 506 849 ex
536 808 632 860 legis
667 807 854 846 duntaxat
887 807 1124 861 praescripto
1155 808 1313 858 vivunt,
1346 822 1479 849 verum
1511 811 1668 865 insuper

152 891 291 917 urceos
318 883 355 916 et
376 875 538 923 calices,
571 888 615 914 ac
639 873 788 923 discos,
824 880 861 913 et
886 874 1031 926 reliqua
1054 874 1230 914 utensilia
1254 875 1399 926 lavant,
1432 883 1561 930 utpote
1588 878 1667 918 sin-

154 957 282 994 cerae,
314 957 357 982 ac
381 940 582 982 sanctioris
610 940 830 994 disciplinae
851 941 1035 980 cultores.
1094 940 1196 981 Nam
1223 949 1262 981 et
1285 956 1419 982 manus
1445 945 1666 997 frequenter
1685 954 1778 984 Marc.
1795 958 1819 992 7,
1838 960 1861 986 a.

154 1011 331 1059 abluunt,
366 1015 404 1048 et
427 1007 534 1060 aquis
562 1021 604 1046 se
631 1021 675 1047 ac
698 1007 862 1047 lavacris
887 1007 1128 1061 abstergunt.
1194 1008 1345 1048 Habent
1367 1017 1405 1049 et
1430 1018 1557 1051 certas
1587 1012 1666 1052 fim-

153 1077 278 1127 brias,
311 1087 406 1129 quae
426 1073 589 1113 instituti
614 1080 704 1113 sunt
725 1088 856 1113 eorum
881 1074 1007 1127 signa,
1041 1076 1087 1114 ad
1108 1090 1281 1129 pompam
1306 1084 1344 1115 et
1369 1079 1664 1118 ostentationem

153 1143 408 1198 captandaque
447 1141 699 1194 spectantium
737 1142 945 1195 praeconia
983 1142 1231 1196 compositas.
1302 1143 1362 1182 Ad
1402 1144 1497 1184 haec
1534 1152 1665 1186 vestes

149 1207 390 1264 phylacteriis
415 1207 614 1248 distinctas
638 1208 845 1261 gerebant,
879 1222 975 1262 quae
1000 1217 1090 1249 suut
1109 1210 1245 1249 latiora
1269 1211 1452 1263 quaedam
1477 1226 1666 1265 purpurae

148 1282 358 1329 segmenta.
421 1273 481 1314 De
517 1275 652 1328 quibus
685 1290 768 1315 cum
803 1276 1045 1329 evangelium
1073 1277 1312 1327 meminerit,
1345 1278 1530 1333 suspicari
1562 1280 1663 1332 quis·
1688 1277 1796 1341 22³¹?

147 1343 244 1398 piam
281 1341 403 1396 possit
434 1343 480 1382 de
513 1342 688 1382 amuletis
723 1342 782 1382 hic
821 1356 1038 1383 sermonem
1075 1344 1247 1394 institui,
1288 1346 1385 1397 quod
1417 1359 1439 1385 a
1472 1348 1665 1388 nonnullis
1729 1334 1736 1347 ⁷

145 1409 307 1450 amuleta
333 1409 569 1464 phylacteria
588 1416 790 1450 vocentur.
851 1409 998 1450 Verum
1023 1411 1137 1464 longe
1160 1411 1233 1450 alia
1256 1412 1353 1451 ratio
1377 1419 1451 1452 est.
1513 1412 1664 1469 Quippe

145 1491 229 1517 cum
253 1476 386 1526 stolis,
419 1476 502 1516 sive
526 1476 747 1517 vestimenti
771 1491 916 1531 genere
946 1479 1106 1531 quodam
1131 1485 1332 1518 uterentur
1355 1479 1417 1518 isti
1450 1482 1549 1533 quod
1572 1480 1664 1522 Dal-

144 1544 302 1584 maticas
337 1551 404 1584 aut
428 1541 589 1584 Colobia
615 1544 807 1597 appellare
836 1558 1063 1599 possumus,
1096 1559 1193 1598 quae
1224 1546 1469 1599 amplioribus
1494 1562 1545 1588 ex
1577 1564 1664 1603 pur-

143 1624 239 1665 pura
264 1611 474 1664 segmentis
499 1618 610 1651 erant
633 1611 798 1651 intexta.
859 1610 1058 1652 Eiusmodi
1082 1626 1198 1666 porro
1223 1621 1423 1666 segmenta
1457 1616 1518 1668 qui
1550 1631 1663 1657 accu-

143 1678 264 1718 ratius
288 1678 494 1732 loquuntur
513 1678 711 1718 nominare
734 1679 969 1733 phylacteria
987 1680 1126 1720 solent.
1174 1679 1322 1720 Horum
1345 1683 1662 1724 consuetudinem

143 1753 298 1786 secutus
322 1745 498 1786 dominus
523 1746 656 1785 eadem
678 1746 739 1785 illa
761 1746 994 1800 phylacteria
1017 1747 1267 1801 nuncupavit.
1330 1745 1408 1788 Sed
1434 1755 1473 1788 et
1495 1763 1662 1803 sequen-

143 1813 197 1853 tia
225 1814 271 1853 de
299 1814 523 1867 acceptione
548 1813 656 1852 vocis
681 1813 791 1853 istius
817 1813 913 1853 haud
948 1813 1098 1854 dubiam
1134 1814 1241 1854 fidem
1275 1815 1433 1856 faciunt.
1496 1815 1663 1858 Subiicit

145 1879 245 1920 enim
269 1887 309 1920 et
328 1880 644 1920 vestimentorum
665 1877 878 1933 κράσπεδα,
908 1880 979 1920 hoc
1004 1888 1062 1921 est
1084 1881 1266 1921 fimbrias.
1328 1881 1386 1923 lta
1409 1890 1448 1923 et
1465 1884 1662 1939 phylacte-

142 1949 200 1987 ria
234 1961 447 2001 purpureos
480 1947 565 1987 illos
602 1961 696 2000 quos
728 1947 808 1987 dixi
839 1948 968 1987 clavos
1001 1949 1221 2002 appellavit.
1287 1952 1485 2000 Quoniam,
1518 1952 1656 2005 inquit,

144 2017 310 2054 dilatatis
329 2017 577 2067 phylacteria,
612 2023 649 2053 et
658 2016 835 2066 fimbrias
854 2018 1146 2055 vestimentorum
1163 2019 1360 2068 ampliores
1370 2020 1519 2071 faciles.
1565 2019 1658 2060 Ete-

143 2082 220 2122 nim
256 2083 461 2136 corymbos
484 2081 718 2122 Punicorum
749 2082 931 2122 malorum
968 2084 1096 2137 specie
1131 2092 1295 2138 quatuor
1329 2098 1349 2125 e
1377 2086 1476 2138 pallii
1507 2086 1657 2128 laciniis

141 2149 367 2202 pendentes,
401 2157 514 2203 atque
536 2163 587 2190 ex
607 2150 688 2203 ipso
709 2149 871 2189 stamine
892 2149 1084 2204 alligatos,
1118 2165 1164 2191 eo
1185 2158 1356 2206 tempore
1375 2153 1564 2206 gerebant
1583 2169 1656 2208 quo

141 2217 414 2257 continentiam
435 2225 502 2258 aut
526 2217 786 2270 virginitatem
808 2217 1030 2258 servabant.
1090 2217 1194 2258 Nam
1228 2219 1385 2272 quilibet
1412 2228 1556 2261 certum
1583 2222 1656 2261 sibi

143 2291 290 2337 tempus
315 2284 503 2325 castitatis
527 2291 591 2326 aut
616 2284 874 2324 continentiae
895 2286 1202 2339 praescribebat,
1237 2293 1349 2339 atque
1376 2286 1438 2326 illa
1459 2288 1564 2328 velut
1584 2302 1655 2328 ex-

142 2351 265 2404 empla
284 2352 466 2404 quaedam
490 2359 527 2392 et
551 2352 736 2405 imagines
763 2359 896 2402 erant,
930 2352 1065 2406 quibus
1087 2352 1302 2393 institutum
1327 2367 1436 2393 suum
1462 2356 1656 2409 exprime-

140 2417 256 2467 bant,
291 2431 337 2457 ne
368 2420 452 2471 quis
484 2426 612 2473 utpote
642 2425 795 2458 sanctos
826 2419 985 2461 auderet
1014 2421 1218 2474 attingere.

253 2483 430 2537 Quatuor
451 2487 548 2540 apud
573 2486 725 2525 eosdem
745 2484 1026 2537 Traditionum,
1052 2501 1146 2540 quas
1169 2484 1428 2540 Δευτερώσεις
1444 2489 1650 2541 vocabant,

141 2552 248 2592 fuere
272 2566 430 2606 genera.
474 2551 643 2592 Primum
663 2550 787 2592 Mosis
810 2554 1014 2608 prophetae
1039 2555 1193 2594 nomine
1218 2562 1276 2594 est
1298 2555 1536 2610 inscriptum.
1579 2556 1652 2598 Se-

141 2619 303 2659 cundum
322 2619 474 2660 Akibae
494 2620 640 2660 cuidam
662 2619 859 2673 magistro,
896 2622 955 2661 vel
976 2620 1208 2671 Barakibae,
1242 2622 1427 2662 tribuunt.
1473 2622 1652 2664 Tertium

141 2686 311 2736 Andani,
345 2687 407 2726 vel
427 2687 597 2735 Annam,
629 2687 691 2740 qui
717 2693 755 2725 et
775 2685 885 2729 ludas
909 2689 1061 2728 dicitur.
1111 2687 1249 2741 Quarti
1271 2689 1529 2730 Assamonaei
1554 2692 1652 2732 filios

143 2760 318 2794 auctores
336 2753 522 2793 iactitant.
569 2752 746 2806 Quatuor
764 2768 816 2794 ex
836 2755 939 2796 hisce
961 2756 1127 2796 fontibus
1148 2764 1350 2796 manarunt
1369 2770 1414 2797 ea
1437 2771 1534 2811 quae
1553 2759 1653 2812 apud

142 2818 225 2860 illos
258 2821 363 2861 inani
394 2822 552 2875 quadam
591 2822 770 2876 opinione
802 2822 1012 2877 sapientiae
1044 2824 1272 2873 constituta,
1307 2838 1390 2864 cum
1422 2824 1500 2864 sint
1526 2825 1653 2880 inepta

185 2939 214 2973 4.
236 2941 482 2985 ’Δσσαμαναίου
506 2947 572 2978 cod.
595 2947 750 2984 Rhediqer.
972 2947 1002 2979 ὁ.
1026 2949 1166 2979 Rescribo
1190 2943 1314 2989 ὅσαπερ
1338 2943 1458 2985 αὐτοῖς.

1329 3004 1388 3046 6*
