2034 3267
469 176 646 209 PANARn
674 177 769 209 ADv.
794 177 1013 209 HAERESES
1037 177 1119 209 ΜΒ.
1141 178 1164 209 1.
1188 177 1292 210 TOM.
1312 179 1333 209 t.
1603 172 1654 210 43

152 258 190 298 in
211 255 324 298 Seire
344 262 473 295 monte
493 255 720 295 domicilium
742 256 918 305 collocat,
951 255 1078 309 ibique
1101 256 1274 310 oppidum
1296 255 1417 296 Edom
1444 256 1655 297 constituit.

152 322 275 365 Cuius
299 323 406 363 liberi
428 329 610 376 perpetua
634 323 879 362 successione
902 323 939 362 in
961 321 1139 363 Idumaea
1160 323 1338 363 dominati
1361 330 1462 374 sunt,
1494 324 1658 377 indeque

151 390 343 446 principes
369 389 490 429 Edoni
516 390 817 443 appellabantur.
877 388 941 428 Ex
965 404 1037 442 qua
1058 391 1176 444 stirpe
1201 391 1231 431 si
1256 391 1488 431 Abraamum
1513 404 1533 430 e
1555 390 1657 431 serie

151 458 376 506 sustuleris,
415 465 454 497 et
486 457 530 496 ab
557 455 688 496 lsaaco
718 455 915 508 coeperis,
958 457 1110 509 quintus
1140 458 1273 497 ordine
1304 456 1370 498 lob
1401 458 1658 498 numerandus

150 525 272 567 venit.
334 523 487 564 Etenim
520 522 675 563 Isaacus
701 521 806 561 Esau
831 522 945 561 lilium
979 523 1129 573 babuit,
1162 524 1207 563 ab
1238 525 1307 564 boc
1330 524 1501 579 Raguel,
1533 540 1553 566 a
1577 525 1658 565 Ra-

152 593 263 648 guele
290 591 392 632 Zara
416 592 567 645 genitus
591 595 664 629 est.
719 587 793 627 Hic
816 602 910 627 vero
938 587 1018 628 lobi
1044 597 1152 643 pater
1175 591 1319 641 extitit,
1352 593 1413 645 qui
1439 607 1522 632 cum
1546 599 1658 633 antea

151 659 266 700 Iacob
297 660 489 699 diceretur
514 657 623 712 paulo
647 662 734 694 ante
761 655 1013 695 calamitatem
1045 657 1146 695 illam
1168 656 1283 697 Iobus
1313 659 1385 697 alio
1415 660 1568 699 nomine
1591 674 1659 700 vo-

154 735 263 767 catus
298 733 372 766 est.
433 724 510 765 Per
542 723 629 763 illud
665 735 759 762 vero
795 728 944 776 tempus
981 722 1284 764 circumcisionis
1319 725 1414 766 ritus
1448 727 1657 768 obtinebat.

155 793 365 835 Caeterum
390 791 500 832 Iacob
527 789 632 829 Esau
657 789 786 828 fratris
808 788 904 828 iram
929 796 1102 829 metuens
1135 791 1180 830 de
1206 798 1405 845 parentum
1432 794 1590 834 consilio
1620 794 1660 835 in

151 859 467 916 Mesopotamiam
490 855 646 897 Phadan
674 858 856 910 profugus
885 856 1101 906 concessit,
1134 857 1232 897 ultra
1253 856 1555 912 Mesopotamiae
1576 875 1661 915 par-

155 936 228 969 tem
255 929 433 974 alteram,
467 937 563 977 quae
589 921 740 964 Susoba
770 922 1000 963 nominatur.
1060 923 1171 965 Unde
1193 931 1356 978 quatuor
1379 939 1399 965 e
1424 935 1585 980 cognata
1609 930 1661 968 fa-

154 996 254 1036 milia
277 992 457 1044 coniuges
482 990 605 1041 duxit,
640 1005 660 1030 e
681 990 816 1044 quibus
838 991 1038 1030 duodecim
1059 991 1200 1031 liberos
1222 992 1455 1044 patriarchas
1475 995 1657 1049 suscepit.

155 1061 325 1115 Cumque
348 1058 386 1098 in
412 1056 682 1099 Chananaeam
715 1059 759 1097 ad
789 1065 968 1111 parentes
996 1072 1087 1099 suos
1115 1057 1222 1099 lsaac
1247 1067 1285 1099 et
1311 1059 1529 1101 Rebeccam
1560 1070 1661 1116 post-

152 1128 293 1170 liminio
318 1126 484 1175 rediret,
518 1126 641 1166 visum
668 1126 703 1165 ei
730 1125 917 1179 quoddam
947 1126 1043 1166 baud
1071 1126 1203 1180 procul
1229 1125 1403 1168 Iordanis
1428 1129 1537 1168 vadis
1568 1129 1661 1169 divi-

153 1197 251 1236 nitus
283 1193 447 1233 oblatum
480 1201 560 1243 est,
594 1194 638 1232 ad
667 1199 877 1233 torrentem
901 1192 1039 1243 labor„
1071 1194 1134 1234 ubi
1165 1194 1387 1248 angelorum
1414 1203 1539 1236 castra
1571 1210 1662 1236 con-

150 1262 290 1317 spexit.
349 1264 385 1299 E
388 1269 403 1299 t
424 1276 528 1308 ecce,
562 1260 706 1314 inquit,
740 1264 797 1299 vir
816 1264 962 1312 quidam
989 1276 1070 1300 cnm
1097 1277 1138 1300 eo
1163 1264 1374 1301 luctabatur
1394 1278 1416 1302 α
1443 1278 1592 1315 vespera
1614 1267 1665 1303 acl
1680 1272 1753 1300 Gen.
1772 1273 1812 1300 32.

147 1343 319 1369 auroram
343 1343 480 1380 usque‚·
514 1342 624 1381 quem
649 1330 826 1381 angelum
849 1327 966 1368 fuisse
989 1329 1178 1382 scriptura
1200 1330 1404 1382 significat,
1437 1331 1498 1384 qui
1522 1329 1662 1371 Iacobo

147 1396 379 1437 benedicens
413 1395 535 1434 eidem
573 1394 768 1448 dignitatis
807 1395 960 1435 nomine
994 1394 1151 1436 lsraelis
1186 1397 1477 1450 appellationem
1511 1397 1659 1439 indidit.

145 1463 288 1505 Postea
315 1462 532 1516 digrediens
558 1461 719 1502 Iacobus
744 1463 776 1502 ei
801 1462 885 1501 loco
907 1463 1067 1503 visionis
1094 1464 1153 1503 dei
1175 1478 1313 1504 nomen
1339 1465 1540 1519 imposuit,
1574 1480 1661 1520 pro-

146 1538 278 1586 pterea
299 1531 397 1584 quod
420 1530 481 1583 qui
504 1529 576 1569 sibi
598 1530 699 1569 inter
718 1529 1017 1570 benedicendum
1041 1531 1214 1571 dixerat:
1246 1535 1485 1584 Nequaquam
1504 1536 1661 1585 amplius

147 1600 336 1638 vocaberis
356 1598 480 1644 Iacob,
513 1600 579 1635 sed
596 1599 719 1636 Israel
740 1598 810 1635 tibi
828 1612 956 1636 nomen
979 1601 1064 1645 erit,
1097 1598 1195 1638 idem
1226 1599 1295 1639 hoc
1319 1600 1460 1640 diserte
1485 1600 1660 1640 subiece-

146 1676 230 1707 rat:
266 1668 442 1716 Quoniam
467 1679 547 1703 cum
572 1667 637 1703 cleo
663 1667 882 1703 contendens
900 1673 1122 1716 praepolens
1133 1668 1270 1718 fuisti,
1305 1670 1412 1705 etiam
1441 1676 1571 1707 contra
1595 1670 1660 1706 ho-

146 1737 259 1773 mines
290 1735 430 1772 viribus
461 1734 609 1772 valebis.
673 1731 735 1772 Ab
769 1731 834 1772 illo
870 1731 1049 1786 deinceps
1079 1739 1252 1787 tempore
1282 1732 1484 1775 israelitae
1514 1749 1660 1775 nuncu-

147 1800 223 1856 pati
256 1807 358 1841 sunt.

255 1866 463 1922 Postquam
494 1881 588 1907 vero
626 1867 663 1906 in
689 1867 907 1921 Aegyptum
932 1865 1118 1922 Iosephus
1147 1869 1342 1922 profectus
1374 1876 1456 1920 est,
1497 1870 1540 1909 ad
1573 1883 1657 1910 eum

148 1934 269 1975 lsrael
289 1949 373 1975 cum
402 1934 584 1975 universa
615 1934 754 1973 familia
783 1934 977 1988 perrexit,
1011 1949 1094 1974 cum
1119 1936 1228 1985 filiis,
1261 1936 1436 1990 iuquam,
1471 1951 1514 1976 ac
1542 1951 1659 1991 nepo-

148 2003 270 2053 tibus,
304 2010 416 2057 atque
444 2002 576 2042 horum
605 2002 769 2041 omnium
793 2002 978 2042 uxoribus
1008 2002 1228 2057 reliquaque
1251 2005 1386 2055 domo,
1418 2011 1460 2044 ut
1478 2004 1516 2044 in
1539 2011 1658 2044 totum

147 2069 268 2111 LXX
293 2071 415 2124 capita
440 2077 637 2110 numerata
663 2069 754 2108 sint.
814 2067 958 2108 Mansit
991 2084 1105 2124 porro
1128 2069 1388 2111 Israelitaruni
1415 2072 1452 2111 in
1476 2071 1656 2126 Aegypto

148 2152 270 2191 genus
293 2145 461 2177 aetatum
484 2137 647 2190 quinque
674 2137 811 2190 spatio.
864 2135 1060 2190 Siquidem
1085 2136 1248 2178 Iacobus
1269 2137 1369 2179 Levi
1393 2147 1506 2192 atque
1530 2139 1657 2179 ludam

149 2205 304 2259 genuit,
348 2212 598 2256 caeterosque
634 2203 864 2257 patriarchas
898 2204 1045 2244 decem.
1105 2203 1203 2246 Levi
1237 2203 1360 2246 Caath
1392 2206 1530 2255 filium,
1563 2205 1656 2245 Iuda

148 2271 297 2313 Phares
321 2272 502 2326 suscepit.
566 2269 687 2311 Caatli
710 2270 865 2310 Amram
889 2271 1036 2325 genuit,
1067 2271 1227 2313 Amram
1247 2271 1431 2327 Moysen.
1483 2272 1536 2312 At
1556 2270 1657 2312 Pha-

151 2353 215 2380 res
242 2339 406 2390 Esrom‚
449 2338 588 2378 Esroui
621 2338 758 2388 Aram,
799 2337 917 2378 Aram
949 2338 1186 2389 Aminadab,
1227 2340 1441 2379 Aminadab
1474 2338 1657 2379 Naasson

149 2405 276 2447 Mosis
301 2413 486 2462 tempore.
549 2403 614 2445 Sic
639 2411 762 2445 aetate
788 2406 944 2460 perinde
971 2407 1099 2460 quinta
1122 2405 1301 2446 Naasson
1333 2414 1438 2447 ortus
1469 2413 1541 2447 cst.
1602 2406 1658 2447 At

147 2472 350 2514 Israelitae
379 2487 446 2529 per
467 2471 578 2513 Mare
603 2471 775 2512 Rubrum
801 2486 851 2513 ex
868 2473 1050 2529 Aegypto
1072 2474 1173 2514 inter
1196 2474 1379 2529 stupenda
1408 2474 1576 2529 prodigia
1601 2474 1656 2514 di-

191 2608 244 2641 28.
269 2610 320 2641 Sic
349 2610 418 2640 libri
441 2616 543 2639 omnes
572 2610 638 2638 tam
659 2609 764 2647 scripti
785 2617 880 2648 quam
966 2607 1020 2641 33.
1049 2605 1131 2642 ἀλλά
1165 2610 1230 2640 cod.
1267 2611 1336 2640 Ven.
1389 2605 1459 2642 ἀλλ’
1491 2604 1514 2652 ἦ
1548 2611 1657 2650 reliqui

190 2656 230 2684 Ὑί.
923 2655 962 2684 lib
982 2656 1001 2684 ἱ.

146 2655 243 2741 &1²29-
279 2706 374 2742 πάλιν
410 2706 447 2743 δὲ
482 2708 654 2750 δρομοῦντι
685 2703 776 2741 αὐτῶ
810 2710 876 2742 cod.
965 2663 1019 2730 ’'²:34-
1045 2696 1102 2731 καὶ
1122 2696 1281 2731 &imas
1303 2699 1368 2730 ⁶⁰11·
1395 2700 1493 2730 Venel-

149 2756 247 2786 Venet.
759 2744 763 2752 “
969 2743 1044 2789 CAP.
1066 2743 1125 2774 IX.
1150 2762 1193 2767 —
1240 2745 1267 2775 1.
1293 2744 1415 2787 ψυχαῖς
1437 2745 1503 2776 cod.
1526 2745 1623 2776 venet.

190 2865 245 2917 3¹2
264 2864 313 2918 J&
339 2867 405 2917 0Ρά-
430 2868 526 2897 Vena·
579 2866 626 2908 Τῷ
663 2867 728 2897 ⁶⁰d·
753 2867 878 2906 Rhedissl·
968 2874 998 2908 4.
1027 2880 1121 2908 Verba
1144 2869 1303 2911 Μωῦσέα.
1347 2877 1459 2921 Φαρὲς
1482 2879 1576 2921 γεννᾶ
1599 2876 1654 2910 τὸν

149 2913 175 2941 et
197 2912 270 2942 edm
293 2913 371 2942 lzbrt.
924 2932 983 2954 om,
1003 2924 1069 2954 cod·
1094 2924 1190 2954 Vena,
1563 2914 1567 2922 ¹

192 2965 244 2997 32.
268 2961 321 2999 ὅτι
342 2976 400 2998 om.
423 2968 488 2998 cod.
509 2968 604 2998 Venet.
969 2967 1000 2999 5.
1024 2967 1085 3009 τῆς
1107 2969 1172 2999 cod.
1195 2969 1291 3000 Vencl.

1686 1879 1762 1923 Cap.
1786 1882 1844 1914 IX.

1679 1935 1753 1962 Gen.
1771 1936 1814 1963 46.
