2034 3267
475 184 653 216 PANARH
678 185 759 217 Lis.
779 186 800 217 1.
825 186 930 218 ToM.
947 187 988 218 11.
1012 187 1140 218 HAER.
1163 188 1288 220 XXVI.
1568 183 1645 222 197

125 269 208 303 tur:
241 264 335 302 Nole‘
353 277 408 301 me
426 270 600 314 tangere:
633 267 791 303 nondum
813 268 906 304 enim
927 268 1080 305 ascendi
1100 268 1151 304 ad
1168 273 1313 317 patrem
1334 280 1471 316 meum5
1504 274 1545 308 ut
1569 282 1639 308 ex·
1674 283 1773 312 toann.

122 336 269 383 pertem
298 343 500 384 corporum
528 330 740 371 castitatem
768 332 946 385 nullaque
974 332 1203 386 contagione
1236 333 1415 388 pollutam
1443 335 1636 389 exprime·
1675 319 1718 353 ‘²⁰'
1738 319 1776 346 η

121 403 195 436 ret.
236 397 297 436 Ad
322 397 416 437 haec
439 397 512 437 alio
537 397 574 437 iu
600 398 683 437 loco
707 398 863 452 spiritus
887 407 1044 439 sanctus
1069 407 1142 439 tam
1168 400 1215 440 ob
1240 401 1388 454 priores
1410 401 1496 443 illos
1526 417 1637 456 quam

121 464 357 518 posteriores
385 464 455 503 hoc
489 465 600 504 modo
627 465 858 504 vaticinatus
886 473 968 505 est:
1029 470 1144 505 Beata
1172 470 1312 506 steriles
1343 471 1630 521 incoinquinata,
1651 485 1720 521 Sap.
1734 486 1761 521 3,
1775 486 1816 514 13.

120 545 213 583 quae
235 535 389 571 nese-wic
415 540 533 570 torum
556 535 593 570 ln
615 534 769 578 delicto,
804 539 843 569 et
863 535 976 582 spado
1002 536 1069 584 qui
1087 548 1159 572 non
1190 543 1362 585 operatus
1387 544 1443 575 est
1469 539 1635 576 manibus

117 600 196 636 suis
218 601 468 650 e'nz'qzn'talem‚·
501 606 541 638 ut
565 599 622 639 vel
645 612 688 637 ea
713 611 808 637 voce
837 597 938 638 illam
965 613 1076 652 quam
1103 600 1239 640 fabulis
1264 602 1343 641 suis
1367 605 1636 645 commendare

119 678 163 705 ac
195 666 369 705 manibus
400 679 588 705 exercere
617 665 742 705 solent
773 665 993 705 foeditatem
1025 667 1278 720 praecideret.

231 731 356 785 Quam
381 734 494 773 multa
517 731 674 786 proponi
700 731 771 771 alia
799 733 980 785 possunt!
1025 740 1065 773 ut
1098 748 1182 773 cum
1206 734 1401 788 apostolus
1434 737 1484 776 ita
1512 737 1633 791 loqui·
1651 744 1831 787 Cap.XV1.

119 805 202 839 tur:
235 803 376 839 Mulier
398 804 563 850 ennupla,
589 806 626 836 et
645 801 752 849 virgo
772 802 933 838 sollicita
956 808 1015 838 est
1031 803 1075 838 de
1096 804 1142 839 iis
1161 816 1254 852 qnae
1274 810 1363 841 sunt
1381 806 1529 851 domini,
1547 820 1635 856 qzco-
1647 816 1832 852 1.001.7,3⁴.

118 870 221 907 modo
240 870 389 918 placeat
408 869 564 905 domino.
614 864 698 904 Hoc
723 873 850 906 autem
877 866 1019 906 idcirco
1044 867 1149 918 dicit,
1183 869 1280 921 quod
1310 884 1386 909 non
1414 871 1633 924 perfuncto-

117 936 174 974 rie
198 933 515 975 commendandae
539 932 726 971 castitatis
749 940 919 987 potestas
938 941 1042 974 esset
1065 949 1086 974 a
1103 936 1238 989 spiritu
1260 944 1394 976 sancto
1411 938 1629 980 commissa.

118 1002 217 1043 Tum
242 1016 334 1042 vero
364 1001 408 1039 de
443 998 490 1038 iis
516 999 578 1052 qui
613 999 787 1040 honestis
811 1001 951 1055 nuptiis
977 1002 1110 1055 illigati
1136 1009 1225 1042 suut
1246 1003 1298 1043 ita
1324 1004 1510 1058 disputat:
1556 1009 1632 1045 Ho-

116 1073 280 1110 nor-abile
302 1068 517 1108 connubium
544 1073 583 1105 et
604 1074 707 1105 torus
730 1071 1008 1108 immaculatas:
1036 1071 1288 1122 fornicatores
1309 1079 1427 1110 autem
1459 1080 1497 1111 et
1522 1076 1628 1111 adul·
1648 1083 1738 1111 flebr.
1753 1084 1794 1120 13,
1805 1086 1830 1113 4.

118 1147 214 1177 leros
237 1136 414 1175 indicabit
438 1136 619 1172 dominns.
681 1132 893 1175 Praeterea
920 1144 1053 1176 contra
1085 1138 1240 1177 cosdem
1269 1138 1461 1179 exclamat
1484 1140 1528 1179 ad
1551 1139 1632 1179 Ro-

117 1218 248 1244 manos
269 1202 442 1242 scribens
458 1233 467 1251 ,
502 1208 540 1241 et
562 1215 695 1241 eorum
718 1202 779 1255 qui
807 1202 845 1242 in
870 1203 1057 1244 eiusmodi
1084 1204 1237 1258 flagitiis
1261 1206 1483 1247 volutantur
1514 1207 1632 1261 turpi-

117 1272 279 1311 tudinem
298 1268 440 1321 detegit
462 1267 519 1307 his
540 1269 694 1308 verbis:
736 1272 832 1308 Nam
861 1279 898 1309 et
916 1273 1078 1323 feminae
1104 1288 1228 1311 eorum
1254 1276 1540 1313 immutaverunt
1564 1289 1631 1313 na—
1650 1283 1772 1321 Rom.1‚
1788 1286 1829 1314 26.

114 1340 266 1377 tut-alem
292 1351 396 1375 usum
420 1339 456 1374 z'n
479 1351 559 1374 enm
584 1351 687 1375 usum
701 1367 710 1383 ‚
744 1340 811 1388 qni
835 1347 893 1376 est
921 1347 1051 1377 contr-(1
1072 1347 1258 1378 naturam.
1323 1339 1425 1381 Tum
1448 1342 1493 1380 de
1517 1341 1632 1381 mari-

111 1405 180 1445 bus
204 1403 381 1444 subiicit:
415 1406 583 1442 Masculz·
603 1407 639 1443 in
665 1407 848 1443 masculos
868 1409 1129 1458 turpitudinem
1151 1415 1357 1458 operantes.
1418 1406 1631 1450 Praeterea

109 1473 147 1512 iu
171 1472 331 1525 epistola
357 1471 403 1510 ad
431 1469 677 1510 Timotheum
706 1472 752 1512 de
774 1472 907 1512 iisdem
934 1473 984 1513 ita
1010 1473 1200 1526 loquitur:
1237 1476 1342 1524 Quod
1363 1478 1399 1513 z'n
1424 1479 1630 1515 novissimas
1643 1485 1790 1522 2.'rim.3‚
1804 1487 1827 1515 1.

109 1541 235 1579 delibus
261 1541 455 1578 instabunt
475 1546 635 1590 tempora
651 1543 888 1591 periculosa:
931 1549 967 1580 et
989 1549 1100 1580 erunt
1122 1543 1284 1580 homines
1305 1544 1528 1593 voluptatum
1553 1558 1629 1582 ma-

106 1611 168 1659 gis
188 1615 371 1646 amatores
396 1621 503 1658 qnam
531 1609 602 1645 dei.
664 1606 717 1646 Et
742 1622 918 1648 rursum:
957 1610 1230 1648 Prohz'bentz'nm
1253 1611 1410 1657 nubere,
1443 1611 1628 1650 abstinere
1640 1621 1786 1657 1.'rim.4‚
1802 1622 1826 1649 2,

109 1689 131 1714 α
152 1676 264 1722 cibis,
299 1677 540 1713 cazclet'z'atam
567 1675 775 1714 habentium
808 1691 911 1714 sumn
943 1679 1215 1715 consciente’mn.
1278 1676 1345 1717 Ex
1375 1691 1421 1717 eo
1450 1676 1630 1718 videlicet

108 1743 206 1796 quod
232 1749 336 1781 caste
361 1742 603 1781 matrimonio
628 1743 807 1796 coniungi
832 1758 876 1783 ac
908 1743 1053 1797 prolem
1086 1744 1284 1798 suscipere
1310 1745 1533 1799 prohibent,
1567 1760 1628 1786 ar-

109 1810 223 1849 dente
244 1809 396 1849 interim
422 1809 572 1849 illorum
593 1809 843 1858 conscientia,
868 1811 953 1850 dum
976 1811 1141 1850 assiduis
1160 1810 1199 1850 iu
1222 1812 1520 1853 scortationibus
1543 1828 1629 1853 cor-

107 1876 342 1931 ruptelisque
384 1884 611 1926 versantur,
656 1891 699 1915 ao
737 1877 1002 1929 procreatione
1041 1877 1185 1918 sobolis
1218 1879 1465 1921 interdicunt.
1525 1880 1627 1923 Nam

109 1945 207 1998 quod
236 1945 281 1984 ad
307 1944 397 1984 illud
419 1944 555 1983 attinet
584 1944 682 1997 quod
720 1944 782 1983 isti
806 1944 1032 1984 sacrificium
1056 1953 1221 1996 vocant,
1264 1946 1490 1989 lutulentum
1523 1949 1629 2003 quid-

109 2013 194 2051 dam
219 2018 258 2051 et
280 2011 482 2065 impurum,
506 2012 578 2051 iam
608 2018 683 2051 tum
707 2011 794 2051 olim
818 2026 837 2051 a
862 2012 1046 2066 propheta
1068 2013 1368 2054 demonstratum
1389 2023 1449 2055 est
1469 2030 1630 2071 serpeu-

106 2079 156 2118 tis
185 2093 272 2119 esse
301 2093 472 2129 caruem,
508 2094 580 2118 nou
603 2078 760 2118 domiui.
801 2078 930 2119 Absit.
965 2078 1032 2120 Sic
1059 2081 1159 2120 euim
1185 2081 1375 2136 loquitur:
1410 2086 1630 2123 Contrz'vz'sti
1660 2092 1776 2153 iixsairf'

106 2149 228 2197 capita
248 2149 440 2195 dracones,
475 2155 513 2186 et
531 2149 666 2185 dedisti
685 2161 765 2184 enm
790 2161 907 2185 escam
923 2150 1072 2199 populis
1094 2150 1331 2200 Aethe'opmn.
1397 2148 1502 2191 Saue
1523 2152 1625 2191 enim
1702 2148 1709 2161 '
1762 2145 1770 2152 ⁹

107 2213 352 2267 serpentinae
384 2214 578 2254 cuiusdam
608 2227 720 2253 escae
748 2227 867 2266 genus
903 2221 962 2254 est
989 2214 1139 2255 illorum
1165 2216 1416 2256 abominanda
1443 2219 1628 2272 supersti-

109 2281 177 2331 tio⁷
198 2281 387 2334 iidemque
400 2281 612 2335 Aethiopes
637 2280 690 2319 illi
716 2288 805 2320 sunt
828 2281 1014 2321 scelerum
1039 2296 1195 2322 suorum
1224 2283 1380 2336 nigrore
1408 2284 1627 2335 deformati,

109 2349 171 2402 qui
196 2348 384 2388 eiusmodi
407 2349 502 2387 ritus
528 2361 627 2387 nuuc
654 2348 850 2388 daemonis
874 2346 994 2399 lovis,
1029 2350 1118 2389 olim
1147 2349 1470 2403 praestigiatoris,
1504 2353 1565 2406 qui
1592 2359 1631 2392 et

107 2419 249 2455 frustra
275 2430 295 2454 a
326 2415 517 2455 nonnullis
552 2415 711 2454 habetur
737 2415 852 2464 deus,
886 2416 1070 2470 religioso
1100 2417 1201 2457 cultu
1224 2418 1436 2459 celebrant.
1499 2419 1629 2474 Siqui-

107 2484 190 2523 dem
218 2484 399 2523 haereses
423 2483 626 2522 universae
651 2482 696 2521 de
720 2480 956 2523 Graecorum
983 2484 1119 2524 fabulis
1148 2499 1192 2524 ea
1216 2485 1454 2538 collegerunt
1474 2501 1524 2526 ex
1548 2487 1630 2540 qni-

107 2551 178 2591 bus
201 2565 338 2590 novam
361 2550 432 2590 sibi
455 2549 599 2589 erroris
620 2556 763 2588 sectam
786 2550 1052 2602 eoudiderunt‚
1080 2566 1164 2591 cum
1185 2566 1229 2591 ea
1256 2552 1486 2593 deteriorem
1512 2555 1625 2594 alium

107 2618 154 2658 ad
180 2632 336 2658 sensum
371 2615 674 2657 transtulissent.
734 2615 836 2657 Nam
863 2625 901 2658 et
934 2632 954 2658 a
992 2619 1113 2673 poetis
1139 2617 1263 2658 Metin
1298 2623 1429 2673 (quam
1453 2619 1627 2661 Pruden-

107 2685 196 2724 tiam
223 2685 414 2739 appellare
438 2684 584 2738 possis)
610 2683 721 2723 filiam
744 2698 850 2724 suam
876 2686 1092 2727 absorbens
1114 2687 1353 2728 introductus
1379 2695 1438 2728 est
1464 2686 1622 2742 lupiter.

109 2750 235 2792 Nemo
259 2766 372 2806 porro
398 2752 581 2791 infantem
601 2751 820 2802 absorbeat,
843 2754 1158 2806 quemadmodum
1179 2762 1336 2794 sanctus
1353 2752 1535 2795 Clemens
1558 2756 1625 2804 ait,

110 2832 192 2858 cum
214 2820 369 2859 deorum
393 2818 454 2872 qui
479 2833 498 2857 a
519 2818 682 2859 Graecis
705 2819 881 2859 coluntur
903 2820 1173 2875 turpitudinem
1196 2821 1355 2861 deridet.
1391 2820 1501 2875 Quod
1526 2822 1626 2861 euim

109 2886 317 2927 devorasse
339 2885 462 2925 Metiu
486 2886 638 2935 dicitur,
675 2900 749 2926 uon
776 2887 820 2926 de
844 2888 987 2928 infante
1019 2889 1110 2939 ullo,
1144 2889 1211 2929 sed
1241 2889 1286 2929 de
1309 2888 1461 2944 proprio
1481 2889 1626 2930 semine

109 2965 174 3004 par
204 2960 262 2993 est
291 2954 466 3008 intelligi.
