<?xml version="1.0" encoding="UTF-8"?>
<!DOCTYPE html PUBLIC "-//W3C//DTD XHTML 1.0 Transitional//EN"
    "http://www.w3.org/TR/xhtml1/DTD/xhtml1-transitional.dtd">
<html xmlns="http://www.w3.org/1999/xhtml" xml:lang="en" lang="en">
 <head>
  <title>
</title>
<meta http-equiv="Content-Type" content="text/html;charset=utf-8" />
  <meta name='ocr-system' content='tesseract 3.04.00' />
  <meta name='ocr-capabilities' content='ocr_page ocr_carea ocr_par ocr_line ocrx_word'/>
</head>
<body>
  <div class='ocr_page' id='page_1' title='image "./p1corporishaereseo02epipuoft/p1corporishaereseo02epipuoft_0083.png"; bbox 0 0 2034 3267; ppageno 0'>
   <div class='ocr_carea' id='block_1_1' title="bbox 487 215 1664 255">
    <p class='ocr_par' dir='ltr' id='par_1_1' title="bbox 487 215 1664 255">
     <span class='ocr_line' id='line_1_1' title="bbox 487 215 1664 255; baseline 0 -3"><span class='ocrx_word' id='word_1_1' title='bbox 487 221 661 252; x_wconf 73' lang='lat' dir='ltr'><strong>PANARn</strong></span> <span class='ocrx_word' id='word_1_2' title='bbox 688 223 786 255; x_wconf 64' lang='lat' dir='ltr'><strong>anv.</strong></span> <span class='ocrx_word' id='word_1_3' title='bbox 813 222 1032 254; x_wconf 66' lang='lat' dir='ltr'>HAERESES</span> <span class='ocrx_word' id='word_1_4' title='bbox 1057 223 1137 254; x_wconf 66' lang='grc' dir='ltr'><strong>ΜΒ.</strong></span> <span class='ocrx_word' id='word_1_5' title='bbox 1155 224 1178 253; x_wconf 91' lang='lat'><strong>1.</strong></span> <span class='ocrx_word' id='word_1_6' title='bbox 1205 223 1309 254; x_wconf 84' lang='lat' dir='ltr'><strong>ToM.</strong></span> <span class='ocrx_word' id='word_1_7' title='bbox 1328 223 1352 253; x_wconf 84' lang='lat'><strong>1.</strong></span> <span class='ocrx_word' id='word_1_8' title='bbox 1623 215 1664 253; x_wconf 84' lang='lat'><strong>71</strong></span> 
     </span>
    </p>
   </div>
   <div class='ocr_carea' id='block_1_2' title="bbox 142 298 1865 2971">
    <p class='ocr_par' dir='ltr' id='par_1_2' title="bbox 155 298 1865 1288">
     <span class='ocr_line' id='line_1_2' title="bbox 162 298 1670 354; baseline 0.002 -16"><span class='ocrx_word' id='word_1_9' title='bbox 162 299 269 339; x_wconf 91' lang='lat' dir='ltr'><strong>iussu</strong></span> <span class='ocrx_word' id='word_1_10' title='bbox 291 305 328 338; x_wconf 93' lang='lat' dir='ltr'><strong>et</strong></span> <span class='ocrx_word' id='word_1_11' title='bbox 349 298 388 338; x_wconf 93' lang='lat' dir='ltr'><strong>in</strong></span> <span class='ocrx_word' id='word_1_12' title='bbox 410 313 574 352; x_wconf 84' lang='lat' dir='ltr'>anguem</span> <span class='ocrx_word' id='word_1_13' title='bbox 598 313 785 340; x_wconf 77' lang='lat' dir='ltr'><strong>conversa</strong></span> <span class='ocrx_word' id='word_1_14' title='bbox 808 301 1130 340; x_wconf 73' lang='lat' dir='ltr'><strong>resurrectionem</strong></span> <span class='ocrx_word' id='word_1_15' title='bbox 1148 300 1400 354; x_wconf 84' lang='lat' dir='ltr'><strong>significabat.</strong></span> <span class='ocrx_word' id='word_1_16' title='bbox 1434 298 1537 340; x_wconf 84' lang='lat' dir='ltr'><strong>Idem</strong></span> <span class='ocrx_word' id='word_1_17' title='bbox 1556 314 1670 354; x_wconf 89' lang='lat' dir='ltr'><strong>porro</strong></span> 
     </span>
     <span class='ocr_line' id='line_1_3' title="bbox 162 364 1670 421; baseline 0.001 -16"><span class='ocrx_word' id='word_1_18' title='bbox 162 364 326 420; x_wconf 82' lang='lat' dir='ltr'><strong>Moyses</strong></span> <span class='ocrx_word' id='word_1_19' title='bbox 349 364 551 406; x_wconf 84' lang='lat' dir='ltr'><strong>Rubenitis</strong></span> <span class='ocrx_word' id='word_1_20' title='bbox 574 366 804 406; x_wconf 87' lang='lat' dir='ltr'><strong>benedicens</strong></span> <span class='ocrx_word' id='word_1_21' title='bbox 824 367 874 406; x_wconf 88' lang='lat' dir='ltr'><strong>ita</strong></span> <span class='ocrx_word' id='word_1_22' title='bbox 900 368 1088 421; x_wconf 81' lang='lat' dir='ltr'><strong>loquitur:</strong></span> <span class='ocrx_word' id='word_1_23' title='bbox 1131 370 1237 406; x_wconf 79' lang='lat' dir='ltr'><strong>Vivat</strong></span> <span class='ocrx_word' id='word_1_24' title='bbox 1256 369 1400 415; x_wconf 75' lang='lat' dir='ltr'><strong>Haben,</strong></span> <span class='ocrx_word' id='word_1_25' title='bbox 1433 375 1470 406; x_wconf 79' lang='lat' dir='ltr'><strong>et</strong></span> <span class='ocrx_word' id='word_1_26' title='bbox 1492 382 1566 406; x_wconf 77' lang='lat' dir='ltr'><strong>non</strong></span> <span class='ocrx_word' id='word_1_27' title='bbox 1596 382 1670 406; x_wconf 83' lang='lat' dir='ltr'><strong>mo-</strong></span> 
     </span>
     <span class='ocr_line' id='line_1_4' title="bbox 162 432 1865 488; baseline 0.002 -17"><span class='ocrx_word' id='word_1_28' title='bbox 162 436 298 472; x_wconf 71' lang='lat' dir='ltr'><strong>riatur.</strong></span> <span class='ocrx_word' id='word_1_29' title='bbox 362 432 471 486; x_wconf 82' lang='lat' dir='ltr'><strong>Quod</strong></span> <span class='ocrx_word' id='word_1_30' title='bbox 500 433 532 473; x_wconf 89' lang='lat' dir='ltr'><strong>ei</strong></span> <span class='ocrx_word' id='word_1_31' title='bbox 557 441 734 487; x_wconf 77' lang='lat' dir='ltr'><strong>precatur</strong></span> <span class='ocrx_word' id='word_1_32' title='bbox 756 433 817 486; x_wconf 92' lang='lat' dir='ltr'><strong>qui</strong></span> <span class='ocrx_word' id='word_1_33' title='bbox 843 434 1057 473; x_wconf 88' lang='lat' dir='ltr'><strong>iamdudum</strong></span> <span class='ocrx_word' id='word_1_34' title='bbox 1081 448 1101 474; x_wconf 91' lang='lat' dir='ltr'><strong>e</strong></span> <span class='ocrx_word' id='word_1_35' title='bbox 1123 434 1222 475; x_wconf 91' lang='lat' dir='ltr'><strong>vivis</strong></span> <span class='ocrx_word' id='word_1_36' title='bbox 1245 441 1485 485; x_wconf 82' lang='lat' dir='ltr'><strong>excesserat,</strong></span> <span class='ocrx_word' id='word_1_37' title='bbox 1517 449 1590 488; x_wconf 88' lang='lat' dir='ltr'><strong>quo</strong></span> <span class='ocrx_word' id='word_1_38' title='bbox 1613 435 1669 475; x_wconf 94' lang='lat' dir='ltr'><strong>vi-</strong></span> <span class='ocrx_word' id='word_1_39' title='bbox 1687 442 1865 478; x_wconf 72' lang='lat' dir='ltr'><strong>Deut.33‚6.</strong></span> 
     </span>
     <span class='ocr_line' id='line_1_5' title="bbox 163 499 1668 555; baseline 0.002 -17"><span class='ocrx_word' id='word_1_40' title='bbox 163 506 237 539; x_wconf 86' lang='lat' dir='ltr'><strong>tam</strong></span> <span class='ocrx_word' id='word_1_41' title='bbox 262 500 371 539; x_wconf 88' lang='lat' dir='ltr'><strong>aliam</strong></span> <span class='ocrx_word' id='word_1_42' title='bbox 399 514 484 540; x_wconf 88' lang='lat' dir='ltr'><strong>esse</strong></span> <span class='ocrx_word' id='word_1_43' title='bbox 509 507 593 554; x_wconf 88' lang='lat' dir='ltr'><strong>post</strong></span> <span class='ocrx_word' id='word_1_44' title='bbox 622 499 763 539; x_wconf 89' lang='lat' dir='ltr'><strong>obitum</strong></span> <span class='ocrx_word' id='word_1_45' title='bbox 800 499 979 548; x_wconf 85' lang='lat' dir='ltr'><strong>doceret,</strong></span> <span class='ocrx_word' id='word_1_46' title='bbox 1026 514 1096 539; x_wconf 88' lang='lat' dir='ltr'><strong>nec</strong></span> <span class='ocrx_word' id='word_1_47' title='bbox 1132 515 1207 540; x_wconf 94' lang='lat' dir='ltr'><strong>non</strong></span> <span class='ocrx_word' id='word_1_48' title='bbox 1242 508 1280 540; x_wconf 89' lang='lat' dir='ltr'><strong>et</strong></span> <span class='ocrx_word' id='word_1_49' title='bbox 1309 501 1486 541; x_wconf 88' lang='lat' dir='ltr'><strong>iudicium</strong></span> <span class='ocrx_word' id='word_1_50' title='bbox 1520 501 1557 541; x_wconf 92' lang='lat' dir='ltr'><strong>in</strong></span> <span class='ocrx_word' id='word_1_51' title='bbox 1593 516 1668 555; x_wconf 89' lang='lat' dir='ltr'><strong>qno</strong></span> 
     </span>
     <span class='ocr_line' id='line_1_6' title="bbox 162 566 1668 622; baseline 0.002 -16"><span class='ocrx_word' id='word_1_52' title='bbox 162 566 335 607; x_wconf 80' lang='lat' dir='ltr'><strong>homines</strong></span> <span class='ocrx_word' id='word_1_53' title='bbox 358 567 524 607; x_wconf 79' lang='lat' dir='ltr'><strong>secunda</strong></span> <span class='ocrx_word' id='word_1_54' title='bbox 551 573 673 606; x_wconf 90' lang='lat' dir='ltr'><strong>morte</strong></span> <span class='ocrx_word' id='word_1_55' title='bbox 695 566 938 605; x_wconf 79' lang='lat' dir='ltr'><strong>damnantur.</strong></span> <span class='ocrx_word' id='word_1_56' title='bbox 999 566 1127 619; x_wconf 81' lang='lat' dir='ltr'><strong>Atque</strong></span> <span class='ocrx_word' id='word_1_57' title='bbox 1151 567 1236 606; x_wconf 90' lang='lat' dir='ltr'><strong>ideo</strong></span> <span class='ocrx_word' id='word_1_58' title='bbox 1261 567 1445 622; x_wconf 84' lang='lat' dir='ltr'><strong>duplicem</strong></span> <span class='ocrx_word' id='word_1_59' title='bbox 1473 568 1524 608; x_wconf 93' lang='lat' dir='ltr'><strong>illi</strong></span> <span class='ocrx_word' id='word_1_60' title='bbox 1551 568 1668 609; x_wconf 92' lang='lat' dir='ltr'><strong>bene-</strong></span> 
     </span>
     <span class='ocr_line' id='line_1_7' title="bbox 160 631 1669 688; baseline 0.001 -15"><span class='ocrx_word' id='word_1_61' title='bbox 160 634 364 673; x_wconf 76' lang='lat' dir='ltr'><strong>dictionem</strong></span> <span class='ocrx_word' id='word_1_62' title='bbox 396 634 576 688; x_wconf 90' lang='lat' dir='ltr'><strong>impertit.</strong></span> <span class='ocrx_word' id='word_1_63' title='bbox 638 635 762 678; x_wconf 72' lang='lat' dir='ltr'><strong>Vivat,</strong></span> <span class='ocrx_word' id='word_1_64' title='bbox 796 631 938 685; x_wconf 91' lang='lat' dir='ltr'><strong>inquit,</strong></span> <span class='ocrx_word' id='word_1_65' title='bbox 983 632 1020 671; x_wconf 90' lang='lat' dir='ltr'><strong>in</strong></span> <span class='ocrx_word' id='word_1_66' title='bbox 1048 634 1331 673; x_wconf 88' lang='lat' dir='ltr'><strong>resurrectione</strong></span> <span class='ocrx_word' id='word_1_67' title='bbox 1353 635 1522 685; x_wconf 84' lang='lat' dir='ltr'><strong>scilicet,</strong></span> <span class='ocrx_word' id='word_1_68' title='bbox 1554 650 1669 687; x_wconf 80' lang='lat' dir='ltr'><strong>neque</strong></span> 
     </span>
     <span class='ocr_line' id='line_1_8' title="bbox 160 696 1669 755; baseline 0.002 -16"><span class='ocrx_word' id='word_1_69' title='bbox 160 705 361 748; x_wconf 72' lang='lat' dir='ltr'><strong>moriatur,</strong></span> <span class='ocrx_word' id='word_1_70' title='bbox 407 701 443 740; x_wconf 93' lang='lat' dir='ltr'><strong>in</strong></span> <span class='ocrx_word' id='word_1_71' title='bbox 477 700 630 740; x_wconf 89' lang='lat' dir='ltr'><strong>iudicio.</strong></span> <span class='ocrx_word' id='word_1_72' title='bbox 694 696 842 750; x_wconf 84' lang='lat' dir='ltr'><strong>Quibus</strong></span> <span class='ocrx_word' id='word_1_73' title='bbox 868 698 997 739; x_wconf 89' lang='lat' dir='ltr'><strong>verbis</strong></span> <span class='ocrx_word' id='word_1_74' title='bbox 1030 713 1104 739; x_wconf 91' lang='lat' dir='ltr'><strong>non</strong></span> <span class='ocrx_word' id='word_1_75' title='bbox 1129 700 1228 739; x_wconf 88' lang='lat' dir='ltr'><strong>illam</strong></span> <span class='ocrx_word' id='word_1_76' title='bbox 1254 707 1413 741; x_wconf 90' lang='lat' dir='ltr'><strong>mortem</strong></span> <span class='ocrx_word' id='word_1_77' title='bbox 1439 701 1669 755; x_wconf 87' lang='lat' dir='ltr'><strong>significavit</strong></span> 
     </span>
     <span class='ocr_line' id='line_1_9' title="bbox 161 766 1666 822; baseline 0.001 -15"><span class='ocrx_word' id='word_1_78' title='bbox 161 769 318 821; x_wconf 91' lang='lat' dir='ltr'><strong>quaein</strong></span> <span class='ocrx_word' id='word_1_79' title='bbox 342 767 550 807; x_wconf 88' lang='lat' dir='ltr'><strong>animorum</strong></span> <span class='ocrx_word' id='word_1_80' title='bbox 583 779 601 804; x_wconf 87' lang='lat' dir='ltr'><strong>a</strong></span> <span class='ocrx_word' id='word_1_81' title='bbox 630 779 791 819; x_wconf 89' lang='lat' dir='ltr'><strong>corpore</strong></span> <span class='ocrx_word' id='word_1_82' title='bbox 822 766 1067 819; x_wconf 81' lang='lat' dir='ltr'><strong>separatione</strong></span> <span class='ocrx_word' id='word_1_83' title='bbox 1091 766 1283 816; x_wconf 89' lang='lat' dir='ltr'><strong>cernitur,</strong></span> <span class='ocrx_word' id='word_1_84' title='bbox 1328 768 1394 807; x_wconf 90' lang='lat' dir='ltr'><strong>sed</strong></span> <span class='ocrx_word' id='word_1_85' title='bbox 1426 781 1509 807; x_wconf 85' lang='lat' dir='ltr'><strong>eam</strong></span> <span class='ocrx_word' id='word_1_86' title='bbox 1543 769 1666 822; x_wconf 89' lang='lat' dir='ltr'><strong>potius</strong></span> 
     </span>
     <span class='ocr_line' id='line_1_10' title="bbox 159 831 1666 888; baseline 0.001 -14"><span class='ocrx_word' id='word_1_87' title='bbox 159 849 256 888; x_wconf 89' lang='lat' dir='ltr'><strong>quae</strong></span> <span class='ocrx_word' id='word_1_88' title='bbox 284 836 319 874; x_wconf 91' lang='lat' dir='ltr'><strong>in</strong></span> <span class='ocrx_word' id='word_1_89' title='bbox 347 833 587 874; x_wconf 81' lang='lat' dir='ltr'><strong>damnatione</strong></span> <span class='ocrx_word' id='word_1_90' title='bbox 621 832 812 872; x_wconf 79' lang='lat' dir='ltr'><strong>consistit.</strong></span> <span class='ocrx_word' id='word_1_91' title='bbox 871 831 999 872; x_wconf 82' lang='lat' dir='ltr'><strong>Pauca</strong></span> <span class='ocrx_word' id='word_1_92' title='bbox 1033 832 1126 872; x_wconf 89' lang='lat' dir='ltr'><strong>haee</strong></span> <span class='ocrx_word' id='word_1_93' title='bbox 1161 833 1205 872; x_wconf 86' lang='lat' dir='ltr'><strong>ad</strong></span> <span class='ocrx_word' id='word_1_94' title='bbox 1234 834 1483 873; x_wconf 86' lang='lat' dir='ltr'><strong>evertendum</strong></span> <span class='ocrx_word' id='word_1_95' title='bbox 1517 834 1666 875; x_wconf 92' lang='lat' dir='ltr'><strong>illorum</strong></span> 
     </span>
     <span class='ocr_line' id='line_1_11' title="bbox 160 897 1666 942; baseline 0.001 -2"><span class='ocrx_word' id='word_1_96' title='bbox 160 915 329 941; x_wconf 88' lang='lat' dir='ltr'><strong>errorem</strong></span> <span class='ocrx_word' id='word_1_97' title='bbox 355 899 553 941; x_wconf 77' lang='lat' dir='ltr'><strong>sufficient.</strong></span> <span class='ocrx_word' id='word_1_98' title='bbox 614 897 770 939; x_wconf 84' lang='lat' dir='ltr'><strong>Habent</strong></span> <span class='ocrx_word' id='word_1_99' title='bbox 801 905 840 939; x_wconf 88' lang='lat' dir='ltr'><strong>et</strong></span> <span class='ocrx_word' id='word_1_100' title='bbox 862 899 957 939; x_wconf 88' lang='lat' dir='ltr'><strong>alios</strong></span> <span class='ocrx_word' id='word_1_101' title='bbox 981 906 1135 939; x_wconf 87' lang='lat' dir='ltr'><strong>veteres</strong></span> <span class='ocrx_word' id='word_1_102' title='bbox 1167 900 1261 939; x_wconf 84' lang='lat' dir='ltr'><strong>ritus</strong></span> <span class='ocrx_word' id='word_1_103' title='bbox 1288 914 1371 940; x_wconf 87' lang='lat' dir='ltr'><strong>eum</strong></span> <span class='ocrx_word' id='word_1_104' title='bbox 1397 908 1572 941; x_wconf 84' lang='lat' dir='ltr'><strong>extrema</strong></span> <span class='ocrx_word' id='word_1_105' title='bbox 1603 903 1666 942; x_wconf 91' lang='lat' dir='ltr'><strong>de-</strong></span> 
     </span>
     <span class='ocr_line' id='line_1_12' title="bbox 159 965 1666 1022; baseline -0.001 -13"><span class='ocrx_word' id='word_1_106' title='bbox 159 970 300 1008; x_wconf 83' lang='lat' dir='ltr'><strong>mentia</strong></span> <span class='ocrx_word' id='word_1_107' title='bbox 325 967 563 1007; x_wconf 76' lang='lat' dir='ltr'><strong>coniunctos.</strong></span> <span class='ocrx_word' id='word_1_108' title='bbox 623 965 724 1005; x_wconf 90' lang='lat' dir='ltr'><strong>Nam</strong></span> <span class='ocrx_word' id='word_1_109' title='bbox 759 973 795 1006; x_wconf 88' lang='lat' dir='ltr'><strong>et</strong></span> <span class='ocrx_word' id='word_1_110' title='bbox 834 966 924 1006; x_wconf 90' lang='lat' dir='ltr'><strong>lotio</strong></span> <span class='ocrx_word' id='word_1_111' title='bbox 960 966 1134 1020; x_wconf 86' lang='lat' dir='ltr'><strong>perfundi</strong></span> <span class='ocrx_word' id='word_1_112' title='bbox 1169 967 1293 1006; x_wconf 90' lang='lat' dir='ltr'><strong>solent</strong></span> <span class='ocrx_word' id='word_1_113' title='bbox 1323 968 1472 1021; x_wconf 89' lang='lat' dir='ltr'><strong>quoties</strong></span> <span class='ocrx_word' id='word_1_114' title='bbox 1506 982 1666 1022; x_wconf 84' lang='lat' dir='ltr'><strong>peregre</strong></span> 
     </span>
     <span class='ocr_line' id='line_1_13' title="bbox 159 1033 1667 1088; baseline -0.001 -12"><span class='ocrx_word' id='word_1_115' title='bbox 159 1037 308 1075; x_wconf 88' lang='lat' dir='ltr'><strong>domum</strong></span> <span class='ocrx_word' id='word_1_116' title='bbox 328 1034 513 1082; x_wconf 90' lang='lat' dir='ltr'><strong>redeunt,</strong></span> <span class='ocrx_word' id='word_1_117' title='bbox 547 1040 724 1086; x_wconf 80' lang='lat' dir='ltr'><strong>tanquam</strong></span> <span class='ocrx_word' id='word_1_118' title='bbox 754 1033 880 1087; x_wconf 88' lang='lat' dir='ltr'><strong>aliqua</strong></span> <span class='ocrx_word' id='word_1_119' title='bbox 905 1034 1132 1087; x_wconf 81' lang='lat' dir='ltr'><strong>contagione</strong></span> <span class='ocrx_word' id='word_1_120' title='bbox 1158 1034 1287 1088; x_wconf 92' lang='lat' dir='ltr'><strong>polluti</strong></span> <span class='ocrx_word' id='word_1_121' title='bbox 1315 1041 1352 1074; x_wconf 90' lang='lat' dir='ltr'><strong>et</strong></span> <span class='ocrx_word' id='word_1_122' title='bbox 1376 1049 1472 1088; x_wconf 89' lang='lat' dir='ltr'><strong>aqua</strong></span> <span class='ocrx_word' id='word_1_123' title='bbox 1493 1049 1578 1075; x_wconf 90' lang='lat' dir='ltr'><strong>sese</strong></span> <span class='ocrx_word' id='word_1_124' title='bbox 1601 1050 1667 1075; x_wconf 88' lang='lat' dir='ltr'><strong>ve-</strong></span> 
     </span>
     <span class='ocr_line' id='line_1_14' title="bbox 158 1100 1666 1155; baseline -0.001 -13"><span class='ocrx_word' id='word_1_125' title='bbox 158 1110 307 1155; x_wconf 88' lang='lat' dir='ltr'><strong>stesque</strong></span> <span class='ocrx_word' id='word_1_126' title='bbox 328 1114 416 1140; x_wconf 87' lang='lat' dir='ltr'><strong>suas</strong></span> <span class='ocrx_word' id='word_1_127' title='bbox 443 1100 615 1149; x_wconf 87' lang='lat' dir='ltr'><strong>abluunt,</strong></span> <span class='ocrx_word' id='word_1_128' title='bbox 650 1114 733 1140; x_wconf 90' lang='lat' dir='ltr'><strong>eum</strong></span> <span class='ocrx_word' id='word_1_129' title='bbox 759 1100 917 1140; x_wconf 87' lang='lat' dir='ltr'><strong>alterius</strong></span> <span class='ocrx_word' id='word_1_130' title='bbox 941 1101 1066 1154; x_wconf 88' lang='lat' dir='ltr'><strong>gentis</strong></span> <span class='ocrx_word' id='word_1_131' title='bbox 1094 1101 1305 1155; x_wconf 88' lang='lat' dir='ltr'><strong>quempiam</strong></span> <span class='ocrx_word' id='word_1_132' title='bbox 1328 1101 1539 1154; x_wconf 87' lang='lat' dir='ltr'><strong>tetigerint.</strong></span> <span class='ocrx_word' id='word_1_133' title='bbox 1585 1101 1666 1142; x_wconf 88' lang='lat' dir='ltr'><strong>Hac</strong></span> 
     </span>
     <span class='ocr_line' id='line_1_15' title="bbox 157 1167 1667 1222; baseline 0.001 -14"><span class='ocrx_word' id='word_1_134' title='bbox 157 1169 255 1208; x_wconf 84' lang='lat' dir='ltr'><strong>enim</strong></span> <span class='ocrx_word' id='word_1_135' title='bbox 279 1181 321 1207; x_wconf 91' lang='lat' dir='ltr'><strong>re</strong></span> <span class='ocrx_word' id='word_1_136' title='bbox 343 1167 595 1207; x_wconf 84' lang='lat' dir='ltr'><strong>contaminari</strong></span> <span class='ocrx_word' id='word_1_137' title='bbox 623 1181 666 1207; x_wconf 92' lang='lat' dir='ltr'><strong>se</strong></span> <span class='ocrx_word' id='word_1_138' title='bbox 689 1175 844 1222; x_wconf 81' lang='lat' dir='ltr'><strong>putant,</strong></span> <span class='ocrx_word' id='word_1_139' title='bbox 877 1168 909 1208; x_wconf 93' lang='lat' dir='ltr'><strong>si</strong></span> <span class='ocrx_word' id='word_1_140' title='bbox 936 1182 1160 1222; x_wconf 81' lang='lat' dir='ltr'><strong>quemquam</strong></span> <span class='ocrx_word' id='word_1_141' title='bbox 1183 1168 1399 1208; x_wconf 84' lang='lat' dir='ltr'><strong>mortalium</strong></span> <span class='ocrx_word' id='word_1_142' title='bbox 1423 1176 1488 1209; x_wconf 89' lang='lat' dir='ltr'><strong>aut</strong></span> <span class='ocrx_word' id='word_1_143' title='bbox 1510 1169 1667 1209; x_wconf 87' lang='lat' dir='ltr'><strong>alterius</strong></span> 
     </span>
     <span class='ocr_line' id='line_1_16' title="bbox 155 1233 1426 1288; baseline 0.002 -14"><span class='ocrx_word' id='word_1_144' title='bbox 155 1242 281 1275; x_wconf 87' lang='lat' dir='ltr'><strong>sectae</strong></span> <span class='ocrx_word' id='word_1_145' title='bbox 312 1233 500 1274; x_wconf 84' lang='lat' dir='ltr'><strong>hominem</strong></span> <span class='ocrx_word' id='word_1_146' title='bbox 532 1234 735 1288; x_wconf 87' lang='lat' dir='ltr'><strong>attingant.</strong></span> <span class='ocrx_word' id='word_1_147' title='bbox 798 1235 926 1275; x_wconf 85' lang='lat' dir='ltr'><strong>Tanta</strong></span> <span class='ocrx_word' id='word_1_148' title='bbox 958 1243 1017 1275; x_wconf 90' lang='lat' dir='ltr'><strong>est</strong></span> <span class='ocrx_word' id='word_1_149' title='bbox 1046 1236 1196 1276; x_wconf 91' lang='lat' dir='ltr'><strong>illorum</strong></span> <span class='ocrx_word' id='word_1_150' title='bbox 1227 1236 1426 1276; x_wconf 78' lang='lat' dir='ltr'><strong>vecordia.</strong></span> 
     </span>
    </p>

    <p class='ocr_par' dir='ltr' id='par_1_3' title="bbox 142 1299 1844 2971">
     <span class='ocr_line' id='line_1_17' title="bbox 289 1299 1844 1357; baseline 0.003 -17"><span class='ocrx_word' id='word_1_151' title='bbox 289 1299 368 1341; x_wconf 83' lang='lat' dir='ltr'><strong>lam</strong></span> <span class='ocrx_word' id='word_1_152' title='bbox 422 1301 736 1354; x_wconf 89' lang='lat' dir='ltr'><strong>quemadmodum</strong></span> <span class='ocrx_word' id='word_1_153' title='bbox 786 1304 896 1343; x_wconf 83' lang='lat' dir='ltr'><strong>facile</strong></span> <span class='ocrx_word' id='word_1_154' title='bbox 941 1302 1121 1356; x_wconf 84' lang='lat' dir='ltr'><strong>redargui</strong></span> <span class='ocrx_word' id='word_1_155' title='bbox 1174 1303 1343 1357; x_wconf 89' lang='lat' dir='ltr'><strong>ipsorum</strong></span> <span class='ocrx_word' id='word_1_156' title='bbox 1385 1303 1534 1343; x_wconf 88' lang='lat' dir='ltr'><strong>insania</strong></span> <span class='ocrx_word' id='word_1_157' title='bbox 1578 1317 1666 1357; x_wconf 86' lang='lat' dir='ltr'><strong>pos·</strong></span> <span class='ocrx_word' id='word_1_158' title='bbox 1691 1312 1767 1356; x_wconf 86' lang='lat' dir='ltr'><strong>Cap.</strong></span> <span class='ocrx_word' id='word_1_159' title='bbox 1790 1314 1844 1345; x_wconf 84' lang='lat' dir='ltr'><strong>lv.</strong></span> 
     </span>
     <span class='ocr_line' id='line_1_18' title="bbox 150 1367 1667 1424; baseline 0.001 -16"><span class='ocrx_word' id='word_1_160' title='bbox 150 1369 212 1418; x_wconf 91' lang='lat' dir='ltr'><strong>sit,</strong></span> <span class='ocrx_word' id='word_1_161' title='bbox 246 1367 507 1408; x_wconf 86' lang='lat' dir='ltr'><strong>animadverte</strong></span> <span class='ocrx_word' id='word_1_162' title='bbox 540 1383 707 1423; x_wconf 83' lang='lat' dir='ltr'><strong>quaeso,</strong></span> <span class='ocrx_word' id='word_1_163' title='bbox 742 1384 811 1410; x_wconf 89' lang='lat' dir='ltr'><strong>nec</strong></span> <span class='ocrx_word' id='word_1_164' title='bbox 836 1370 912 1410; x_wconf 93' lang='lat' dir='ltr'><strong>ullo</strong></span> <span class='ocrx_word' id='word_1_165' title='bbox 942 1371 1097 1424; x_wconf 86' lang='lat' dir='ltr'><strong>negotio</strong></span> <span class='ocrx_word' id='word_1_166' title='bbox 1122 1370 1327 1424; x_wconf 83' lang='lat' dir='ltr'><strong>percipies.</strong></span> <span class='ocrx_word' id='word_1_167' title='bbox 1388 1369 1542 1410; x_wconf 86' lang='lat' dir='ltr'><strong>Etenim</strong></span> <span class='ocrx_word' id='word_1_168' title='bbox 1566 1385 1667 1410; x_wconf 89' lang='lat' dir='ltr'><strong>mor-</strong></span> 
     </span>
     <span class='ocr_line' id='line_1_19' title="bbox 149 1436 1664 1491; baseline 0 -15"><span class='ocrx_word' id='word_1_169' title='bbox 149 1436 202 1476; x_wconf 87' lang='lat' dir='ltr'><strong>tui</strong></span> <span class='ocrx_word' id='word_1_170' title='bbox 229 1436 394 1476; x_wconf 88' lang='lat' dir='ltr'><strong>cadaver</strong></span> <span class='ocrx_word' id='word_1_171' title='bbox 415 1436 708 1487; x_wconf 85' lang='lat' dir='ltr'><strong>abominantur,</strong></span> <span class='ocrx_word' id='word_1_172' title='bbox 742 1452 824 1477; x_wconf 92' lang='lat' dir='ltr'><strong>cum</strong></span> <span class='ocrx_word' id='word_1_173' title='bbox 855 1437 932 1477; x_wconf 91' lang='lat' dir='ltr'><strong>sint</strong></span> <span class='ocrx_word' id='word_1_174' title='bbox 962 1438 1041 1478; x_wconf 92' lang='lat' dir='ltr'><strong>suis</strong></span> <span class='ocrx_word' id='word_1_175' title='bbox 1069 1437 1222 1491; x_wconf 86' lang='lat' dir='ltr'><strong>ipsimet</strong></span> <span class='ocrx_word' id='word_1_176' title='bbox 1249 1437 1358 1478; x_wconf 88' lang='lat' dir='ltr'><strong>factis</strong></span> <span class='ocrx_word' id='word_1_177' title='bbox 1389 1437 1544 1477; x_wconf 89' lang='lat' dir='ltr'><strong>mortui.</strong></span> <span class='ocrx_word' id='word_1_178' title='bbox 1592 1437 1664 1477; x_wconf 90' lang='lat' dir='ltr'><strong>At-</strong></span> 
     </span>
     <span class='ocr_line' id='line_1_20' title="bbox 149 1503 1662 1557; baseline 0.001 -14"><span class='ocrx_word' id='word_1_179' title='bbox 149 1503 212 1557; x_wconf 87' lang='lat' dir='ltr'><strong>qui</strong></span> <span class='ocrx_word' id='word_1_180' title='bbox 245 1518 320 1543; x_wconf 90' lang='lat' dir='ltr'><strong>nou</strong></span> <span class='ocrx_word' id='word_1_181' title='bbox 367 1518 442 1543; x_wconf 90' lang='lat' dir='ltr'><strong>uno</strong></span> <span class='ocrx_word' id='word_1_182' title='bbox 485 1504 680 1555; x_wconf 82' lang='lat' dir='ltr'><strong>alterove,</strong></span> <span class='ocrx_word' id='word_1_183' title='bbox 730 1505 797 1544; x_wconf 90' lang='lat' dir='ltr'><strong>sed</strong></span> <span class='ocrx_word' id='word_1_184' title='bbox 834 1504 989 1544; x_wconf 84' lang='lat' dir='ltr'><strong>infinitis</strong></span> <span class='ocrx_word' id='word_1_185' title='bbox 1033 1504 1262 1545; x_wconf 85' lang='lat' dir='ltr'><strong>testimoniis</strong></span> <span class='ocrx_word' id='word_1_186' title='bbox 1305 1504 1548 1544; x_wconf 88' lang='lat' dir='ltr'><strong>convincitur</strong></span> <span class='ocrx_word' id='word_1_187' title='bbox 1587 1518 1662 1544; x_wconf 93' lang='lat' dir='ltr'><strong>non</strong></span> 
     </span>
     <span class='ocr_line' id='line_1_21' title="bbox 150 1570 1663 1625; baseline -0.001 -14"><span class='ocrx_word' id='word_1_188' title='bbox 150 1585 238 1611; x_wconf 86' lang='lat' dir='ltr'><strong>esse</strong></span> <span class='ocrx_word' id='word_1_189' title='bbox 261 1577 496 1610; x_wconf 83' lang='lat' dir='ltr'><strong>mortuorum</strong></span> <span class='ocrx_word' id='word_1_190' title='bbox 528 1585 690 1625; x_wconf 86' lang='lat' dir='ltr'><strong>corpora</strong></span> <span class='ocrx_word' id='word_1_191' title='bbox 713 1571 951 1611; x_wconf 85' lang='lat' dir='ltr'><strong>detestanda.</strong></span> <span class='ocrx_word' id='word_1_192' title='bbox 1012 1570 1112 1612; x_wconf 89' lang='lat' dir='ltr'><strong>Nam</strong></span> <span class='ocrx_word' id='word_1_193' title='bbox 1139 1572 1235 1625; x_wconf 90' lang='lat' dir='ltr'><strong>quod</strong></span> <span class='ocrx_word' id='word_1_194' title='bbox 1260 1571 1325 1611; x_wconf 87' lang='lat' dir='ltr'><strong>lex</strong></span> <span class='ocrx_word' id='word_1_195' title='bbox 1351 1571 1583 1611; x_wconf 90' lang='lat' dir='ltr'><strong>contrarium</strong></span> <span class='ocrx_word' id='word_1_196' title='bbox 1605 1571 1663 1610; x_wconf 91' lang='lat' dir='ltr'><strong>vi-</strong></span> 
     </span>
     <span class='ocr_line' id='line_1_22' title="bbox 150 1636 1661 1692; baseline -0.001 -14"><span class='ocrx_word' id='word_1_197' title='bbox 150 1639 262 1678; x_wconf 88' lang='lat' dir='ltr'><strong>detur</strong></span> <span class='ocrx_word' id='word_1_198' title='bbox 288 1652 489 1688; x_wconf 83' lang='lat' dir='ltr'><strong>asserere,</strong></span> <span class='ocrx_word' id='word_1_199' title='bbox 533 1638 631 1678; x_wconf 88' lang='lat' dir='ltr'><strong>aliud</strong></span> <span class='ocrx_word' id='word_1_200' title='bbox 667 1638 841 1692; x_wconf 89' lang='lat' dir='ltr'><strong>quiddam</strong></span> <span class='ocrx_word' id='word_1_201' title='bbox 874 1639 1088 1692; x_wconf 83' lang='lat' dir='ltr'><strong>aenigmate</strong></span> <span class='ocrx_word' id='word_1_202' title='bbox 1123 1639 1350 1678; x_wconf 86' lang='lat' dir='ltr'><strong>adumbrare</strong></span> <span class='ocrx_word' id='word_1_203' title='bbox 1375 1639 1509 1679; x_wconf 89' lang='lat' dir='ltr'><strong>voluit.</strong></span> <span class='ocrx_word' id='word_1_204' title='bbox 1569 1636 1661 1678; x_wconf 92' lang='lat' dir='ltr'><strong>Non</strong></span> 
     </span>
     <span class='ocr_line' id='line_1_23' title="bbox 149 1705 1662 1760; baseline 0 -15"><span class='ocrx_word' id='word_1_205' title='bbox 149 1706 249 1745; x_wconf 91' lang='lat' dir='ltr'><strong>enim</strong></span> <span class='ocrx_word' id='word_1_206' title='bbox 275 1708 455 1755; x_wconf 88' lang='lat' dir='ltr'><strong>duorum,</strong></span> <span class='ocrx_word' id='word_1_207' title='bbox 489 1712 529 1745; x_wconf 92' lang='lat' dir='ltr'><strong>ut</strong></span> <span class='ocrx_word' id='word_1_208' title='bbox 551 1705 652 1755; x_wconf 81' lang='lat' dir='ltr'><strong>dixi,</strong></span> <span class='ocrx_word' id='word_1_209' title='bbox 687 1706 849 1746; x_wconf 84' lang='lat' dir='ltr'><strong>triumve</strong></span> <span class='ocrx_word' id='word_1_210' title='bbox 873 1706 907 1745; x_wconf 91' lang='lat' dir='ltr'><strong>id</strong></span> <span class='ocrx_word' id='word_1_211' title='bbox 933 1706 1151 1746; x_wconf 86' lang='lat' dir='ltr'><strong>testimonia</strong></span> <span class='ocrx_word' id='word_1_212' title='bbox 1175 1705 1446 1760; x_wconf 89' lang='lat' dir='ltr'><strong>comprobant,</strong></span> <span class='ocrx_word' id='word_1_213' title='bbox 1479 1705 1545 1745; x_wconf 90' lang='lat' dir='ltr'><strong>sed</strong></span> <span class='ocrx_word' id='word_1_214' title='bbox 1571 1719 1662 1745; x_wconf 85' lang='lat' dir='ltr'><strong>sex-</strong></span> 
     </span>
     <span class='ocr_line' id='line_1_24' title="bbox 148 1772 1663 1827; baseline 0 -15"><span class='ocrx_word' id='word_1_215' title='bbox 148 1780 256 1812; x_wconf 81' lang='lat' dir='ltr'><strong>centa</strong></span> <span class='ocrx_word' id='word_1_216' title='bbox 280 1772 415 1826; x_wconf 86' lang='lat' dir='ltr'><strong>viginti</strong></span> <span class='ocrx_word' id='word_1_217' title='bbox 441 1773 513 1813; x_wconf 88' lang='lat' dir='ltr'><strong>duo</strong></span> <span class='ocrx_word' id='word_1_218' title='bbox 539 1773 654 1812; x_wconf 87' lang='lat' dir='ltr'><strong>millia</strong></span> <span class='ocrx_word' id='word_1_219' title='bbox 680 1772 870 1812; x_wconf 86' lang='lat' dir='ltr'><strong>hominum</strong></span> <span class='ocrx_word' id='word_1_220' title='bbox 895 1773 932 1813; x_wconf 92' lang='lat' dir='ltr'><strong>in</strong></span> <span class='ocrx_word' id='word_1_221' title='bbox 960 1774 1137 1824; x_wconf 85' lang='lat' dir='ltr'><strong>deserto,</strong></span> <span class='ocrx_word' id='word_1_222' title='bbox 1171 1773 1403 1827; x_wconf 88' lang='lat' dir='ltr'><strong>totidemque</strong></span> <span class='ocrx_word' id='word_1_223' title='bbox 1426 1773 1516 1823; x_wconf 84' lang='lat' dir='ltr'><strong>alia,</strong></span> <span class='ocrx_word' id='word_1_224' title='bbox 1549 1780 1663 1826; x_wconf 88' lang='lat' dir='ltr'><strong>atque</strong></span> 
     </span>
     <span class='ocr_line' id='line_1_25' title="bbox 147 1839 1663 1895; baseline 0.001 -16"><span class='ocrx_word' id='word_1_225' title='bbox 147 1839 195 1879; x_wconf 85' lang='lat' dir='ltr'><strong>iis</strong></span> <span class='ocrx_word' id='word_1_226' title='bbox 218 1839 332 1880; x_wconf 90' lang='lat' dir='ltr'><strong>etiam</strong></span> <span class='ocrx_word' id='word_1_227' title='bbox 357 1840 478 1894; x_wconf 90' lang='lat' dir='ltr'><strong>plura.</strong></span> <span class='ocrx_word' id='word_1_228' title='bbox 542 1839 643 1893; x_wconf 83' lang='lat' dir='ltr'><strong>Quin</strong></span> <span class='ocrx_word' id='word_1_229' title='bbox 676 1847 712 1879; x_wconf 90' lang='lat' dir='ltr'><strong>et</strong></span> <span class='ocrx_word' id='word_1_230' title='bbox 744 1840 856 1894; x_wconf 87' lang='lat' dir='ltr'><strong>longe</strong></span> <span class='ocrx_word' id='word_1_231' title='bbox 890 1840 1066 1881; x_wconf 90' lang='lat' dir='ltr'><strong>uberiora</strong></span> <span class='ocrx_word' id='word_1_232' title='bbox 1096 1847 1185 1881; x_wconf 91' lang='lat' dir='ltr'><strong>sunt</strong></span> <span class='ocrx_word' id='word_1_233' title='bbox 1214 1841 1424 1894; x_wconf 85' lang='lat' dir='ltr'><strong>scripturae</strong></span> <span class='ocrx_word' id='word_1_234' title='bbox 1458 1841 1540 1881; x_wconf 88' lang='lat' dir='ltr'><strong>loca</strong></span> <span class='ocrx_word' id='word_1_235' title='bbox 1567 1854 1663 1895; x_wconf 87' lang='lat' dir='ltr'><strong>quae</strong></span> 
     </span>
     <span class='ocr_line' id='line_1_26' title="bbox 149 1905 1661 1961; baseline 0.001 -15"><span class='ocrx_word' id='word_1_236' title='bbox 149 1908 194 1947; x_wconf 91' lang='lat' dir='ltr'><strong>de</strong></span> <span class='ocrx_word' id='word_1_237' title='bbox 217 1907 358 1957; x_wconf 85' lang='lat' dir='ltr'><strong>loculo,</strong></span> <span class='ocrx_word' id='word_1_238' title='bbox 388 1907 425 1947; x_wconf 87' lang='lat' dir='ltr'><strong>in</strong></span> <span class='ocrx_word' id='word_1_239' title='bbox 452 1922 524 1961; x_wconf 91' lang='lat' dir='ltr'><strong>quo</strong></span> <span class='ocrx_word' id='word_1_240' title='bbox 548 1906 701 1961; x_wconf 75' lang='lat' dir='ltr'><strong>loseplii</strong></span> <span class='ocrx_word' id='word_1_241' title='bbox 725 1921 811 1947; x_wconf 86' lang='lat' dir='ltr'><strong>ossa</strong></span> <span class='ocrx_word' id='word_1_242' title='bbox 837 1909 985 1948; x_wconf 89' lang='lat' dir='ltr'><strong>condita</strong></span> <span class='ocrx_word' id='word_1_243' title='bbox 1007 1915 1109 1958; x_wconf 90' lang='lat' dir='ltr'><strong>sunt,</strong></span> <span class='ocrx_word' id='word_1_244' title='bbox 1134 1908 1367 1948; x_wconf 89' lang='lat' dir='ltr'><strong>mentionem</strong></span> <span class='ocrx_word' id='word_1_245' title='bbox 1391 1908 1549 1948; x_wconf 81' lang='lat' dir='ltr'><strong>faciunt.</strong></span> <span class='ocrx_word' id='word_1_246' title='bbox 1584 1905 1661 1960; x_wconf 85' lang='lat' dir='ltr'><strong>Qui</strong></span> 
     </span>
     <span class='ocr_line' id='line_1_27' title="bbox 147 1974 1662 2029; baseline 0 -15"><span class='ocrx_word' id='word_1_247' title='bbox 147 1975 294 2014; x_wconf 88' lang='lat' dir='ltr'><strong>loculus</strong></span> <span class='ocrx_word' id='word_1_248' title='bbox 322 1975 571 2028; x_wconf 85' lang='lat' dir='ltr'><strong>quadraginta</strong></span> <span class='ocrx_word' id='word_1_249' title='bbox 596 1982 695 2015; x_wconf 90' lang='lat' dir='ltr'><strong>totos</strong></span> <span class='ocrx_word' id='word_1_250' title='bbox 724 1989 846 2015; x_wconf 88' lang='lat' dir='ltr'><strong>annos</strong></span> <span class='ocrx_word' id='word_1_251' title='bbox 877 1975 914 2015; x_wconf 93' lang='lat' dir='ltr'><strong>in</strong></span> <span class='ocrx_word' id='word_1_252' title='bbox 941 1975 1078 2016; x_wconf 88' lang='lat' dir='ltr'><strong>castris</strong></span> <span class='ocrx_word' id='word_1_253' title='bbox 1104 1976 1348 2016; x_wconf 87' lang='lat' dir='ltr'><strong>circumlatus</strong></span> <span class='ocrx_word' id='word_1_254' title='bbox 1373 1988 1495 2029; x_wconf 91' lang='lat' dir='ltr'><strong>neque</strong></span> <span class='ocrx_word' id='word_1_255' title='bbox 1518 1974 1662 2015; x_wconf 90' lang='lat' dir='ltr'><strong>abomi-</strong></span> 
     </span>
     <span class='ocr_line' id='line_1_28' title="bbox 147 2040 1659 2097; baseline -0.001 -15"><span class='ocrx_word' id='word_1_256' title='bbox 147 2042 293 2082; x_wconf 87' lang='lat' dir='ltr'><strong>nationi</strong></span> <span class='ocrx_word' id='word_1_257' title='bbox 317 2043 407 2093; x_wconf 87' lang='lat' dir='ltr'><strong>fuit,</strong></span> <span class='ocrx_word' id='word_1_258' title='bbox 442 2057 565 2097; x_wconf 89' lang='lat' dir='ltr'><strong>neque</strong></span> <span class='ocrx_word' id='word_1_259' title='bbox 588 2042 816 2096; x_wconf 83' lang='lat' dir='ltr'><strong>contagione</strong></span> <span class='ocrx_word' id='word_1_260' title='bbox 842 2056 909 2083; x_wconf 87' lang='lat' dir='ltr'><strong>sua</strong></span> <span class='ocrx_word' id='word_1_261' title='bbox 935 2043 1057 2089; x_wconf 79' lang='lat' dir='ltr'><strong>labem</strong></span> <span class='ocrx_word' id='word_1_262' title='bbox 1081 2043 1193 2083; x_wconf 88' lang='lat' dir='ltr'><strong>ullam</strong></span> <span class='ocrx_word' id='word_1_263' title='bbox 1221 2043 1400 2097; x_wconf 88' lang='lat' dir='ltr'><strong>aspersit.</strong></span> <span class='ocrx_word' id='word_1_264' title='bbox 1451 2040 1659 2083; x_wconf 88' lang='lat' dir='ltr'><strong>Caeterum</strong></span> 
     </span>
     <span class='ocr_line' id='line_1_29' title="bbox 144 2109 1806 2164; baseline -0.003 -14"><span class='ocrx_word' id='word_1_265' title='bbox 144 2124 238 2150; x_wconf 76' lang='lat' dir='ltr'><strong>vere</strong></span> <span class='ocrx_word' id='word_1_266' title='bbox 264 2109 334 2149; x_wconf 83' lang='lat' dir='ltr'><strong>hoc</strong></span> <span class='ocrx_word' id='word_1_267' title='bbox 361 2124 381 2150; x_wconf 87' lang='lat' dir='ltr'><strong>a</strong></span> <span class='ocrx_word' id='word_1_268' title='bbox 400 2111 587 2164; x_wconf 89' lang='lat' dir='ltr'><strong>scriptura</strong></span> <span class='ocrx_word' id='word_1_269' title='bbox 612 2110 749 2149; x_wconf 88' lang='lat' dir='ltr'><strong>dictum</strong></span> <span class='ocrx_word' id='word_1_270' title='bbox 775 2117 856 2149; x_wconf 90' lang='lat' dir='ltr'><strong>est:</strong></span> <span class='ocrx_word' id='word_1_271' title='bbox 899 2113 946 2150; x_wconf 70' lang='lat' dir='ltr'><strong>Se·</strong></span> <span class='ocrx_word' id='word_1_272' title='bbox 963 2115 1044 2163; x_wconf 76' lang='lat' dir='ltr'><strong>quis</strong></span> <span class='ocrx_word' id='word_1_273' title='bbox 1068 2118 1250 2150; x_wconf 78' lang='lat' dir='ltr'><strong>mortuum</strong></span> <span class='ocrx_word' id='word_1_274' title='bbox 1277 2113 1463 2162; x_wconf 72' lang='lat' dir='ltr'><strong>telegerz&#39;t,</strong></span> <span class='ocrx_word' id='word_1_275' title='bbox 1492 2112 1659 2162; x_wconf 74' lang='lat' dir='ltr'><strong>pollutus</strong></span> <span class='ocrx_word' id='word_1_276' title='bbox 1710 2118 1806 2146; x_wconf 76' lang='lat' dir='ltr'><strong>Levit.</strong></span> 
     </span>
     <span class='ocr_line' id='line_1_30' title="bbox 144 2164 1810 2231; baseline -0.001 -15"><span class='ocrx_word' id='word_1_277' title='bbox 144 2180 195 2216; x_wconf 81' lang='lat' dir='ltr'><strong>ad</strong></span> <span class='ocrx_word' id='word_1_278' title='bbox 218 2192 400 2229; x_wconf 77' lang='lat' dir='ltr'><strong>vesperam</strong></span> <span class='ocrx_word' id='word_1_279' title='bbox 425 2193 538 2230; x_wconf 75' lang='lat' dir='ltr'><strong>usque</strong></span> <span class='ocrx_word' id='word_1_280' title='bbox 558 2179 811 2229; x_wconf 76' lang='lat' dir='ltr'><strong>permanebit.-</strong></span> <span class='ocrx_word' id='word_1_281' title='bbox 845 2186 918 2217; x_wconf 76' lang='lat' dir='ltr'><strong>tam</strong></span> <span class='ocrx_word' id='word_1_282' title='bbox 945 2194 984 2217; x_wconf 79' lang='lat' dir='ltr'><strong>se</strong></span> <span class='ocrx_word' id='word_1_283' title='bbox 1004 2193 1099 2231; x_wconf 77' lang='lat' dir='ltr'><strong>aqna</strong></span> <span class='ocrx_word' id='word_1_284' title='bbox 1122 2180 1277 2226; x_wconf 76' lang='lat' dir='ltr'><strong>lavabit,</strong></span> <span class='ocrx_word' id='word_1_285' title='bbox 1312 2192 1355 2217; x_wconf 81' lang='lat' dir='ltr'><strong>ae</strong></span> <span class='ocrx_word' id='word_1_286' title='bbox 1376 2178 1654 2229; x_wconf 78' lang='lat' dir='ltr'><strong>repurgabz‘tur.</strong></span> <span class='ocrx_word' id='word_1_287' title='bbox 1709 2165 1750 2200; x_wconf 78' lang='lat'><strong>¹¹&#39;</strong></span> <span class='ocrx_word' id='word_1_288' title='bbox 1768 2164 1810 2191; x_wconf 64' lang='grc'><strong>28·</strong></span> 
     </span>
     <span class='ocr_line' id='line_1_31' title="bbox 146 2243 1657 2297; baseline -0.001 -13"><span class='ocrx_word' id='word_1_289' title='bbox 146 2243 296 2297; x_wconf 81' lang='lat' dir='ltr'><strong>Quibus</strong></span> <span class='ocrx_word' id='word_1_290' title='bbox 329 2245 460 2285; x_wconf 88' lang='lat' dir='ltr'><strong>verbis</strong></span> <span class='ocrx_word' id='word_1_291' title='bbox 493 2245 634 2285; x_wconf 87' lang='lat' dir='ltr'><strong>domini</strong></span> <span class='ocrx_word' id='word_1_292' title='bbox 669 2244 790 2285; x_wconf 85' lang='lat' dir='ltr'><strong>nostri</strong></span> <span class='ocrx_word' id='word_1_293' title='bbox 819 2243 905 2286; x_wconf 82' lang='lat' dir='ltr'><strong>lesu</strong></span> <span class='ocrx_word' id='word_1_294' title='bbox 931 2243 1075 2286; x_wconf 88' lang='lat' dir='ltr'><strong>Christi</strong></span> <span class='ocrx_word' id='word_1_295' title='bbox 1109 2252 1271 2285; x_wconf 88' lang='lat' dir='ltr'><strong>mortem</strong></span> <span class='ocrx_word' id='word_1_296' title='bbox 1303 2258 1346 2284; x_wconf 85' lang='lat' dir='ltr'><strong>ac</strong></span> <span class='ocrx_word' id='word_1_297' title='bbox 1373 2251 1588 2297; x_wconf 85' lang='lat' dir='ltr'><strong>susceptam</strong></span> <span class='ocrx_word' id='word_1_298' title='bbox 1620 2244 1657 2283; x_wconf 90' lang='lat' dir='ltr'><strong>in</strong></span> 
     </span>
     <span class='ocr_line' id='line_1_32' title="bbox 145 2311 1655 2367; baseline -0.001 -15"><span class='ocrx_word' id='word_1_299' title='bbox 145 2326 308 2367; x_wconf 85' lang='lat' dir='ltr'><strong>corpore</strong></span> <span class='ocrx_word' id='word_1_300' title='bbox 343 2313 560 2367; x_wconf 89' lang='lat' dir='ltr'><strong>passionem</strong></span> <span class='ocrx_word' id='word_1_301' title='bbox 595 2312 732 2352; x_wconf 86' lang='lat' dir='ltr'><strong>innuit.</strong></span> <span class='ocrx_word' id='word_1_302' title='bbox 792 2311 857 2353; x_wconf 80' lang='lat' dir='ltr'><strong>Ex</strong></span> <span class='ocrx_word' id='word_1_303' title='bbox 884 2327 930 2353; x_wconf 92' lang='lat' dir='ltr'><strong>eo</strong></span> <span class='ocrx_word' id='word_1_304' title='bbox 955 2313 1081 2364; x_wconf 90' lang='lat' dir='ltr'><strong>enim,</strong></span> <span class='ocrx_word' id='word_1_305' title='bbox 1115 2312 1212 2366; x_wconf 91' lang='lat' dir='ltr'><strong>quod</strong></span> <span class='ocrx_word' id='word_1_306' title='bbox 1239 2311 1440 2351; x_wconf 88' lang='lat' dir='ltr'><strong>articulum</strong></span> <span class='ocrx_word' id='word_1_307' title='bbox 1466 2311 1655 2366; x_wconf 88' lang='lat' dir='ltr'><strong>apposuit,</strong></span> 
     </span>
     <span class='ocr_line' id='line_1_33' title="bbox 145 2377 1656 2433; baseline 0 -15"><span class='ocrx_word' id='word_1_308' title='bbox 145 2380 390 2420; x_wconf 88' lang='lat' dir='ltr'><strong>distinctione</strong></span> <span class='ocrx_word' id='word_1_309' title='bbox 426 2379 590 2419; x_wconf 88' lang='lat' dir='ltr'><strong>nominis</strong></span> <span class='ocrx_word' id='word_1_310' title='bbox 625 2393 719 2433; x_wconf 92' lang='lat' dir='ltr'><strong>opus</strong></span> <span class='ocrx_word' id='word_1_311' title='bbox 756 2393 844 2420; x_wconf 90' lang='lat' dir='ltr'><strong>esse</strong></span> <span class='ocrx_word' id='word_1_312' title='bbox 869 2381 1123 2420; x_wconf 84' lang='lat' dir='ltr'><strong>demonstrat.</strong></span> <span class='ocrx_word' id='word_1_313' title='bbox 1182 2377 1283 2418; x_wconf 89' lang='lat' dir='ltr'><strong>Nam</strong></span> <span class='ocrx_word' id='word_1_314' title='bbox 1318 2378 1544 2432; x_wconf 91' lang='lat' dir='ltr'><strong>ubicumque</strong></span> <span class='ocrx_word' id='word_1_315' title='bbox 1566 2378 1656 2418; x_wconf 90' lang='lat' dir='ltr'><strong>arti-</strong></span> 
     </span>
     <span class='ocr_line' id='line_1_34' title="bbox 143 2444 1658 2501; baseline -0.001 -15"><span class='ocrx_word' id='word_1_316' title='bbox 143 2447 252 2487; x_wconf 88' lang='lat' dir='ltr'><strong>culus</strong></span> <span class='ocrx_word' id='word_1_317' title='bbox 277 2447 516 2501; x_wconf 84' lang='lat' dir='ltr'><strong>adiungitur,</strong></span> <span class='ocrx_word' id='word_1_318' title='bbox 550 2454 655 2486; x_wconf 87' lang='lat' dir='ltr'><strong>certa</strong></span> <span class='ocrx_word' id='word_1_319' title='bbox 685 2461 729 2486; x_wconf 88' lang='lat' dir='ltr'><strong>ac</strong></span> <span class='ocrx_word' id='word_1_320' title='bbox 760 2447 959 2501; x_wconf 84' lang='lat' dir='ltr'><strong>perspicue</strong></span> <span class='ocrx_word' id='word_1_321' title='bbox 981 2446 1135 2487; x_wconf 88' lang='lat' dir='ltr'><strong>definita</strong></span> <span class='ocrx_word' id='word_1_322' title='bbox 1170 2460 1233 2486; x_wconf 90' lang='lat' dir='ltr'><strong>res</strong></span> <span class='ocrx_word' id='word_1_323' title='bbox 1260 2445 1501 2499; x_wconf 88' lang='lat' dir='ltr'><strong>intelligitur.</strong></span> <span class='ocrx_word' id='word_1_324' title='bbox 1562 2444 1658 2486; x_wconf 89' lang='lat' dir='ltr'><strong>Sine</strong></span> 
     </span>
     <span class='ocr_line' id='line_1_35' title="bbox 143 2512 1655 2569; baseline 0 -16"><span class='ocrx_word' id='word_1_325' title='bbox 143 2514 307 2555; x_wconf 85' lang='lat' dir='ltr'><strong>articulo</strong></span> <span class='ocrx_word' id='word_1_326' title='bbox 332 2517 377 2554; x_wconf 89' lang='lat' dir='ltr'><strong>de</strong></span> <span class='ocrx_word' id='word_1_327' title='bbox 402 2515 570 2569; x_wconf 91' lang='lat' dir='ltr'><strong>quolibet</strong></span> <span class='ocrx_word' id='word_1_328' title='bbox 591 2514 708 2567; x_wconf 85' lang='lat' dir='ltr'><strong>accipi</strong></span> <span class='ocrx_word' id='word_1_329' title='bbox 731 2514 876 2554; x_wconf 81' lang='lat' dir='ltr'><strong>infinite</strong></span> <span class='ocrx_word' id='word_1_330' title='bbox 899 2516 1012 2556; x_wconf 88' lang='lat' dir='ltr'><strong>solet.</strong></span> <span class='ocrx_word' id='word_1_331' title='bbox 1059 2513 1108 2556; x_wconf 92' lang='lat' dir='ltr'><strong>Ut</strong></span> <span class='ocrx_word' id='word_1_332' title='bbox 1130 2513 1298 2567; x_wconf 85' lang='lat' dir='ltr'><strong>exempli</strong></span> <span class='ocrx_word' id='word_1_333' title='bbox 1319 2526 1453 2553; x_wconf 84' lang='lat' dir='ltr'><strong>caussa</strong></span> <span class='ocrx_word' id='word_1_334' title='bbox 1477 2513 1525 2563; x_wconf 93' lang='lat' dir='ltr'><strong>si,</strong></span> <span class='ocrx_word' id='word_1_335' title='bbox 1547 2512 1655 2563; x_wconf 82' lang='lat' dir='ltr'><strong>Rex,</strong></span> 
     </span>
     <span class='ocr_line' id='line_1_36' title="bbox 144 2580 1655 2636; baseline -0.001 -15"><span class='ocrx_word' id='word_1_336' title='bbox 144 2580 306 2632; x_wconf 86' lang='lat' dir='ltr'><strong>dixero,</strong></span> <span class='ocrx_word' id='word_1_337' title='bbox 340 2595 478 2621; x_wconf 88' lang='lat' dir='ltr'><strong>nomen</strong></span> <span class='ocrx_word' id='word_1_338' title='bbox 502 2581 651 2635; x_wconf 88' lang='lat' dir='ltr'><strong>quidem</strong></span> <span class='ocrx_word' id='word_1_339' title='bbox 680 2581 800 2635; x_wconf 89' lang='lat' dir='ltr'><strong>ipsum</strong></span> <span class='ocrx_word' id='word_1_340' title='bbox 827 2583 1004 2634; x_wconf 86' lang='lat' dir='ltr'><strong>declaro,</strong></span> <span class='ocrx_word' id='word_1_341' title='bbox 1047 2581 1130 2636; x_wconf 89' lang='lat' dir='ltr'><strong>quis</strong></span> <span class='ocrx_word' id='word_1_342' title='bbox 1160 2581 1224 2621; x_wconf 92' lang='lat' dir='ltr'><strong>ille</strong></span> <span class='ocrx_word' id='word_1_343' title='bbox 1255 2580 1306 2620; x_wconf 87' lang='lat' dir='ltr'><strong>sit</strong></span> <span class='ocrx_word' id='word_1_344' title='bbox 1330 2580 1375 2620; x_wconf 90' lang='lat' dir='ltr'><strong>de</strong></span> <span class='ocrx_word' id='word_1_345' title='bbox 1408 2594 1482 2635; x_wconf 92' lang='lat' dir='ltr'><strong>quo</strong></span> <span class='ocrx_word' id='word_1_346' title='bbox 1505 2580 1655 2634; x_wconf 87' lang='lat' dir='ltr'><strong>loquor,</strong></span> 
     </span>
     <span class='ocr_line' id='line_1_37' title="bbox 143 2646 1656 2703; baseline -0.001 -15"><span class='ocrx_word' id='word_1_347' title='bbox 143 2655 276 2703; x_wconf 87' lang='lat' dir='ltr'><strong>aperte</strong></span> <span class='ocrx_word' id='word_1_348' title='bbox 313 2663 387 2688; x_wconf 92' lang='lat' dir='ltr'><strong>non</strong></span> <span class='ocrx_word' id='word_1_349' title='bbox 419 2649 608 2701; x_wconf 85' lang='lat' dir='ltr'><strong>significo.</strong></span> <span class='ocrx_word' id='word_1_350' title='bbox 669 2647 818 2702; x_wconf 85' lang='lat' dir='ltr'><strong>Regem</strong></span> <span class='ocrx_word' id='word_1_351' title='bbox 852 2649 952 2690; x_wconf 90' lang='lat' dir='ltr'><strong>enim</strong></span> <span class='ocrx_word' id='word_1_352' title='bbox 987 2657 1060 2690; x_wconf 89' lang='lat' dir='ltr'><strong>tam</strong></span> <span class='ocrx_word' id='word_1_353' title='bbox 1084 2647 1292 2689; x_wconf 88' lang='lat' dir='ltr'><strong>Persarum</strong></span> <span class='ocrx_word' id='word_1_354' title='bbox 1319 2661 1428 2701; x_wconf 90' lang='lat' dir='ltr'><strong>quam</strong></span> <span class='ocrx_word' id='word_1_355' title='bbox 1451 2646 1656 2688; x_wconf 92' lang='lat' dir='ltr'><strong>Medorum</strong></span> 
     </span>
     <span class='ocr_line' id='line_1_38' title="bbox 142 2714 1656 2770; baseline 0 -15"><span class='ocrx_word' id='word_1_356' title='bbox 142 2722 258 2770; x_wconf 88' lang='lat' dir='ltr'><strong>atque</strong></span> <span class='ocrx_word' id='word_1_357' title='bbox 280 2715 529 2756; x_wconf 89' lang='lat' dir='ltr'><strong>Elamitarum</strong></span> <span class='ocrx_word' id='word_1_358' title='bbox 558 2716 804 2770; x_wconf 88' lang='lat' dir='ltr'><strong>appellamus.</strong></span> <span class='ocrx_word' id='word_1_359' title='bbox 856 2715 968 2769; x_wconf 82' lang='lat' dir='ltr'><strong>Quod</strong></span> <span class='ocrx_word' id='word_1_360' title='bbox 991 2717 1023 2758; x_wconf 90' lang='lat' dir='ltr'><strong>si</strong></span> <span class='ocrx_word' id='word_1_361' title='bbox 1047 2716 1210 2756; x_wconf 88' lang='lat' dir='ltr'><strong>articulo</strong></span> <span class='ocrx_word' id='word_1_362' title='bbox 1231 2715 1345 2755; x_wconf 87' lang='lat' dir='ltr'><strong>etiam</strong></span> <span class='ocrx_word' id='word_1_363' title='bbox 1366 2714 1548 2766; x_wconf 86' lang='lat' dir='ltr'><strong>adhibito,</strong></span> <span class='ocrx_word' id='word_1_364' title='bbox 1582 2714 1656 2755; x_wconf 86' lang='lat' dir='ltr'><strong>Hic</strong></span> 
     </span>
     <span class='ocr_line' id='line_1_39' title="bbox 143 2781 1659 2838; baseline -0.001 -15"><span class='ocrx_word' id='word_1_365' title='bbox 143 2796 240 2832; x_wconf 83' lang='lat' dir='ltr'><strong>rex,</strong></span> <span class='ocrx_word' id='word_1_366' title='bbox 273 2784 456 2833; x_wconf 90' lang='lat' dir='ltr'><strong>dicimus,</strong></span> <span class='ocrx_word' id='word_1_367' title='bbox 490 2797 602 2823; x_wconf 89' lang='lat' dir='ltr'><strong>nemo</strong></span> <span class='ocrx_word' id='word_1_368' title='bbox 625 2796 734 2836; x_wconf 91' lang='lat' dir='ltr'><strong>quem</strong></span> <span class='ocrx_word' id='word_1_369' title='bbox 756 2783 919 2825; x_wconf 90' lang='lat' dir='ltr'><strong>velimus</strong></span> <span class='ocrx_word' id='word_1_370' title='bbox 940 2784 1108 2838; x_wconf 85' lang='lat' dir='ltr'><strong>ignorat.</strong></span> <span class='ocrx_word' id='word_1_371' title='bbox 1169 2781 1242 2822; x_wconf 92' lang='lat' dir='ltr'><strong>Hic</strong></span> <span class='ocrx_word' id='word_1_372' title='bbox 1270 2782 1370 2822; x_wconf 88' lang='lat' dir='ltr'><strong>enim</strong></span> <span class='ocrx_word' id='word_1_373' title='bbox 1399 2796 1471 2822; x_wconf 86' lang='lat' dir='ltr'><strong>rex</strong></span> <span class='ocrx_word' id='word_1_374' title='bbox 1491 2797 1537 2823; x_wconf 88' lang='lat' dir='ltr'><strong>eo</strong></span> <span class='ocrx_word' id='word_1_375' title='bbox 1563 2783 1659 2822; x_wconf 88' lang='lat' dir='ltr'><strong>arti-</strong></span> 
     </span>
     <span class='ocr_line' id='line_1_40' title="bbox 144 2849 1656 2905; baseline 0.001 -18"><span class='ocrx_word' id='word_1_376' title='bbox 144 2850 228 2890; x_wconf 91' lang='lat' dir='ltr'><strong>culo</strong></span> <span class='ocrx_word' id='word_1_377' title='bbox 250 2858 404 2891; x_wconf 90' lang='lat' dir='ltr'><strong>notatur</strong></span> <span class='ocrx_word' id='word_1_378' title='bbox 425 2851 471 2890; x_wconf 90' lang='lat' dir='ltr'><strong>de</strong></span> <span class='ocrx_word' id='word_1_379' title='bbox 497 2865 571 2905; x_wconf 90' lang='lat' dir='ltr'><strong>qno</strong></span> <span class='ocrx_word' id='word_1_380' title='bbox 595 2850 767 2904; x_wconf 82' lang='lat' dir='ltr'><strong>quaestio</strong></span> <span class='ocrx_word' id='word_1_381' title='bbox 789 2852 851 2891; x_wconf 89' lang='lat' dir='ltr'><strong>vel</strong></span> <span class='ocrx_word' id='word_1_382' title='bbox 873 2866 1001 2892; x_wconf 88' lang='lat' dir='ltr'><strong>sermo</strong></span> <span class='ocrx_word' id='word_1_383' title='bbox 1026 2851 1161 2905; x_wconf 86' lang='lat' dir='ltr'><strong>aliquis</strong></span> <span class='ocrx_word' id='word_1_384' title='bbox 1185 2849 1377 2901; x_wconf 85' lang='lat' dir='ltr'><strong>inciderit,</strong></span> <span class='ocrx_word' id='word_1_385' title='bbox 1410 2849 1572 2904; x_wconf 88' lang='lat' dir='ltr'><strong>denique</strong></span> <span class='ocrx_word' id='word_1_386' title='bbox 1594 2849 1656 2904; x_wconf 90' lang='lat' dir='ltr'><strong>qui</strong></span> 
     </span>
     <span class='ocr_line' id='line_1_41' title="bbox 145 2915 1657 2971; baseline 0.001 -17"><span class='ocrx_word' id='word_1_387' title='bbox 145 2916 192 2955; x_wconf 86' lang='lat' dir='ltr'><strong>sit</strong></span> <span class='ocrx_word' id='word_1_388' title='bbox 212 2918 388 2971; x_wconf 87' lang='lat' dir='ltr'><strong>cognitus</strong></span> <span class='ocrx_word' id='word_1_389' title='bbox 412 2932 456 2957; x_wconf 87' lang='lat' dir='ltr'><strong>ac</strong></span> <span class='ocrx_word' id='word_1_390' title='bbox 479 2925 585 2958; x_wconf 89' lang='lat' dir='ltr'><strong>certo</strong></span> <span class='ocrx_word' id='word_1_391' title='bbox 612 2917 773 2971; x_wconf 88' lang='lat' dir='ltr'><strong>imperio</strong></span> <span class='ocrx_word' id='word_1_392' title='bbox 797 2918 1027 2959; x_wconf 87' lang='lat' dir='ltr'><strong>dominetur.</strong></span> <span class='ocrx_word' id='word_1_393' title='bbox 1073 2916 1261 2958; x_wconf 88' lang='lat' dir='ltr'><strong>Similiter</strong></span> <span class='ocrx_word' id='word_1_394' title='bbox 1284 2931 1385 2968; x_wconf 89' lang='lat' dir='ltr'><strong>cum,</strong></span> <span class='ocrx_word' id='word_1_395' title='bbox 1415 2915 1537 2967; x_wconf 86' lang='lat' dir='ltr'><strong>Deus,</strong></span> <span class='ocrx_word' id='word_1_396' title='bbox 1567 2917 1657 2958; x_wconf 91' lang='lat' dir='ltr'><strong>sim-</strong></span> 
     </span>
    </p>
   </div>
  </div>
 </body>
</html>
