2034 3267
435 199 611 232 PANARlI
637 200 734 232 ADv.
760 200 980 232 HAERESES
1004 201 1084 233 LIB.
1104 202 1128 234 Ι.
1151 201 1256 234 ΤΟΜ.
1276 203 1300 233 Ῑ.
1550 198 1622 236 111

119 279 222 320 nullo
256 291 380 332 neque
417 278 667 327 ludaeorum,
709 291 832 331 neque
867 277 1085 332 gentilium,
1126 293 1250 334 neque
1280 278 1625 334 Samaritanorum,

120 360 242 400 neque
280 345 438 385 alterius
481 345 635 398 generis
673 352 925 399 repugnante.
999 344 1179 386 Secundo
1217 348 1411 402 praeconii
1449 349 1628 390 coelestis

119 427 219 454 anno
251 412 547 467 quamplurimos
573 412 852 451 obtrectatores
884 412 1039 462 babuit3
1073 414 1133 467 qui
1158 414 1306 468 quidem
1332 415 1496 456 Herodis
1527 417 1629 457 eius-

119 481 202 520 dem
225 479 364 529 XlX.,
399 478 543 519 Christi
566 476 750 518 XXXII.
782 478 923 518 extitit.
984 477 1147 519 Demum
1178 480 1277 521 XX.
1307 484 1519 524 tetrarchae
1544 484 1629 524 Hc-

120 547 221 587 rodis
246 561 346 587 auno
374 544 551 587 Christus
578 545 750 585 dominus
777 545 823 583 ob
851 545 1004 585 humani
1026 547 1180 599 generis
1203 549 1364 589 salutem
1389 565 1538 604 passus,
1571 559 1628 592 at-

119 628 192 668 que
221 615 353 654 eodem
381 621 552 668 tempore
589 612 679 652 nibil
710 625 846 665 passus
878 619 961 662 est,
1004 619 1080 652 tum
1115 628 1198 652 cum
1232 624 1390 656 mortem
1423 619 1629 672 degustans

119 681 240 736 ipsum
269 681 379 721 etiam
407 680 531 720 crucis
555 678 776 732 supplicium
803 678 939 727 subiit,
973 692 1056 718 cum
1085 679 1236 720 interim
1265 683 1356 722 nibil
1383 684 1464 738 ipsa
1493 685 1629 726 divini-

121 755 198 789 tate
220 755 427 802 pateretur.
476 749 620 785 Christo
643 748 750 792 enim,
785 745 839 784 ait
860 745 1065 799 scriptura,
1093 761 1164 797 pro
1185 750 1289 787 nobis
1310 753 1346 788 in
1370 765 1481 790 carne
1498 768 1622 803 passo.
1646 763 1790 798 tren-ai,
1804 763 1826 790 1.

121 814 388 868 Rursumque:
432 814 683 863 Mortzficatus
711 826 842 859 carne,
885 814 1091 864 vilificatus
1117 822 1236 852 antem
1265 819 1419 866 spirita,
1462 826 1500 857 et
1530 835 1625 873 quae
1646 819 1767 880 ¹3¹'12tf-

123 890 348 936 sequuntur.
408 878 450 919 In
476 892 588 918 cruce
610 879 877 932 suspenditur,
909 879 1116 934 sepelitur,
1150 881 1195 920 ad
1217 882 1360 922 inferos
1385 898 1467 923 cum
1492 886 1627 927 divini·
1678 874 1685 887 ⁷
1740 875 1746 881 ’

123 957 199 989 tate
227 963 296 989 sua
323 947 520 999 animaque
552 945 771 995 descendit,
805 947 990 1000 captivam
1021 947 1123 987 ducit
1151 948 1409 1002 captivitatem
1440 965 1483 991 ac
1515 955 1628 993 tertio

123 1017 182 1056 die
205 1031 286 1056 cum
307 1013 545 1055 sanctissimo
571 1026 641 1052 suo
665 1027 826 1066 corpore
856 1014 901 1053 ad
926 1014 1042 1054 vitam
1065 1016 1272 1055 excitatur.
1336 1014 1447 1069 Quod
1479 1019 1626 1072 quidem

124 1097 260 1137 corpus
285 1094 404 1134 neque
426 1079 710 1119 dissolvendum
736 1080 918 1134 amplius,
951 1095 1022 1121 nec
1047 1096 1273 1135 passurum,
1307 1098 1377 1124 nec
1402 1085 1471 1124 sub
1497 1089 1629 1127 mortis

124 1150 346 1190 dominatum
374 1153 506 1201 postea
534 1160 733 1186 cessurum
757 1161 840 1186 cum
864 1162 933 1187 sua
962 1149 1158 1188 divinitate
1182 1151 1397 1190 coniunxit.
1458 1150 1499 1192 ld
1531 1155 1629 1207 quod

122 1215 279 1270 apostoli
309 1213 527 1254 testimonio
555 1214 847 1268 comprobatur:
879 1218 1004 1264 Mors,
1039 1216 1183 1270 inquit,
1215 1233 1287 1257 non
1316 1221 1473 1270 amplius
1502 1224 1540 1259 εἰ
1563 1224 1626 1260 do·
1644 1233 1729 1261 Rom.
1744 1235 1769 1269 c,
1786 1235 1810 1260 9.

121 1284 329 1323 minabitur.

228 1347 313 1388 Hoc
337 1348 453 1402 igitur
474 1349 595 1404 ipsum
617 1362 770 1403 corpus,
804 1363 958 1390 carnem
979 1350 1100 1404 ipsam
1124 1358 1162 1391 et
1179 1352 1358 1404 animam,
1390 1353 1472 1408 ipsa
1495 1354 1628 1409 quibus
1655 1359 1731 1402 Cap.
1750 1361 1806 1392 111.

119 1415 318 1456 constabat
350 1416 500 1466 omnia,
543 1431 618 1456 non
650 1416 750 1456 aliud
783 1417 981 1471 quicquam
1015 1425 1167 1471 praeter
1198 1433 1332 1460 verum
1365 1435 1528 1475 corpus,
1561 1424 1629 1463 sed

117 1483 321 1538 ipsummet.
345 1483 436 1523 illud
464 1482 502 1522 vi
528 1483 684 1523 coelesti
712 1484 898 1536 perfudit,
931 1491 969 1524 et
998 1485 1036 1525 in
1071 1500 1184 1526 unum
1218 1487 1415 1541 idemque,
1448 1489 1486 1529 in
1516 1504 1630 1530 unam

118 1551 271 1604 inquam
293 1550 528 1590 divinitatem
551 1550 803 1600 consociavit,
832 1558 873 1591 ut
893 1558 931 1591 et
951 1566 1065 1592 carne
1089 1562 1270 1594 constans
1293 1562 1331 1594 et
1350 1555 1627 1611 incorruptum,

120 1632 345 1672 corporeum
369 1618 480 1658 simul
503 1632 546 1658 ac
570 1618 764 1672 spirituale
779 1649 789 1668 ‚
822 1627 1042 1659 concretum
1066 1634 1110 1660 ac
1132 1627 1271 1672 tenue,
1304 1623 1465 1663 mortale
1488 1624 1632 1677 pariter

120 1692 233 1739 atque
258 1685 470 1725 immortale
492 1685 584 1725 illud
609 1692 725 1735 esset,
760 1686 857 1739 quod
882 1687 983 1726 nulla
1012 1687 1166 1728 omnino
1191 1689 1277 1728 tabe
1303 1689 1525 1731 dissolutum
1548 1693 1630 1731 fue-

121 1760 203 1802 rat,
235 1766 358 1806 neque
381 1752 463 1792 eius
495 1753 618 1793 anima
644 1753 740 1806 apud
764 1752 909 1793 inferos
929 1754 1083 1804 relicta,
1117 1769 1187 1795 nec
1211 1755 1332 1810 ipsum
1358 1757 1463 1798 velut
1485 1758 1628 1798 instru-

121 1827 288 1860 mentum
319 1820 506 1873 quoddam
529 1821 653 1874 aliqua
682 1833 732 1860 ex
762 1827 868 1874 parte
895 1822 1038 1875 peccati
1070 1822 1110 1862 in
1142 1822 1364 1877 obsequium
1395 1825 1624 1879 impensum,

121 1900 244 1941 neque
277 1900 385 1927 mens
421 1887 495 1927 ulla
525 1895 607 1927 erat
640 1887 678 1927 in
710 1887 877 1928 deterius
907 1888 1116 1929 mutatione
1151 1890 1304 1944 polluta.
1365 1890 1444 1932 Sed
1474 1892 1526 1933 ita
1555 1893 1628 1933 sibi

121 1955 247 1996 omnia
270 1968 365 2008 quae
389 1954 580 1994 hominum
605 1954 755 2009 propria
777 1961 866 1995 sunt
889 1956 1071 2007 adscivit,
1105 1957 1238 1998 eadem
1260 1966 1298 1998 ut
1322 1958 1472 2013 integra
1494 1973 1627 2001 serva-

121 2030 204 2073 ret,
238 2036 334 2075 quae
356 2035 472 2062 verae
504 2022 557 2062 illi
584 2036 693 2076 quam
725 2021 794 2062 sibi
821 2022 1093 2077 conciliaverat
1124 2032 1282 2066 naturae
1308 2028 1549 2068 necessarios
1579 2029 1626 2069 ad

121 2104 214 2130 usus
241 2089 419 2130 divinitas
445 2096 712 2139 concesserat,
745 2103 835 2129 usus
864 2089 1039 2131 nimirum
1073 2092 1181 2143 illos,
1215 2093 1276 2146 qui
1304 2101 1342 2134 ut
1366 2108 1452 2135 esse
1476 2095 1627 2150 penitus

122 2156 269 2212 possint
291 2157 425 2211 partim
449 2157 620 2211 corporis
644 2163 781 2209 egent,
813 2156 945 2211 partim
968 2159 1106 2208 animi,
1139 2167 1251 2213 atque
1278 2161 1466 2202 humanae
1487 2163 1625 2202 mentis

122 2223 373 2274 adminiculo,
406 2223 615 2264 cuiusmodi
637 2230 725 2263 sunt
747 2225 882 2274 fames,
915 2225 1021 2276 sitis,
1055 2226 1164 2266 fletus
1189 2241 1232 2267 ac
1259 2228 1381 2278 dolor,
1413 2229 1622 2284 lacrymae,

122 2304 278 2332 somnus
299 2305 343 2331 ac
365 2291 534 2345 requies.
583 2290 691 2330 Haec
714 2291 813 2331 enim
835 2291 961 2332 omnia
981 2293 1081 2332 nulla
1102 2293 1289 2335 infuscata
1310 2296 1455 2350 peccati
1478 2296 1622 2350 specie,

121 2365 321 2412 susceptae
341 2358 468 2413 reipsa
487 2365 643 2398 naturae
663 2358 824 2399 hominis
842 2367 1064 2413 argumenta
1090 2362 1303 2412 continent,
1331 2376 1404 2416 qua
1425 2377 1508 2403 cum
1529 2377 1623 2404 vere

121 2425 342 2466 consociata
365 2425 541 2466 divinitas
565 2425 766 2466 humanum
790 2432 915 2466 tamen
944 2427 1084 2482 patitur
1111 2428 1225 2478 nihil,
1259 2430 1408 2470 tametsi
1436 2445 1532 2485 quae
1561 2445 1623 2472 ra-

122 2492 217 2532 tioni
234 2499 495 2533 consentanea
515 2493 656 2542 forent,
681 2499 720 2532 et
739 2492 785 2532 ab
802 2493 904 2534 omni
925 2495 1072 2535 scelere
1095 2502 1207 2549 atque
1226 2496 1264 2536 in
1286 2497 1392 2550 peius
1415 2498 1622 2538 mutatione

121 2560 252 2614 procul
275 2567 427 2609 essent,
460 2559 669 2599 admiserit.
728 2559 790 2600 Ad
813 2560 907 2601 haec
929 2561 1119 2603 excitatus
1150 2577 1170 2603 a
1202 2571 1325 2603 morte
1350 2561 1527 2606 Christus
1557 2572 1740 2633 oc-{3a112133

122 2627 237 2667 clusis
263 2627 386 2668 ianuis
407 2626 604 2680 ingressus
626 2633 700 2677 est,
731 2627 786 2668 uti
807 2629 905 2682 quod
924 2628 1108 2670 hactenus
1133 2644 1301 2671 crassum
1325 2639 1620 2686 concretumque
1674 2627 1681 2641 ’

122 2694 248 2734 fuerat
281 2708 418 2749 corpus
450 2693 580 2734 eadem
616 2707 699 2733 cum
735 2708 850 2734 carne
883 2696 1109 2750 ossibusque
1143 2704 1254 2738 tenue
1289 2712 1332 2738 ac
1366 2698 1504 2739 subtile
1535 2713 1621 2740 esse

123 2767 370 2801 monstraret.
415 2758 552 2801 Statim
575 2760 674 2801 enim
695 2767 807 2814 atque
830 2762 1090 2817 introgressus
1113 2771 1171 2804 est
1194 2779 1327 2805 manus
1350 2779 1395 2806 ac
1418 2766 1550 2820 pedes,
1583 2774 1622 2807 et

124 2828 341 2868 confossum
366 2827 464 2868 latus
486 2841 569 2867 cum
595 2827 746 2868 ossibus
771 2842 816 2868 ac
837 2831 967 2871 nervis
990 2832 1179 2881 ostendit3
1211 2832 1307 2872 adeo
1334 2846 1430 2887 quae
1460 2839 1538 2874 tum
1563 2833 1621 2874 vi-

125 2893 308 2934 debantur
339 2894 461 2935 solida
488 2901 620 2945 eraut,
662 2908 733 2935 nec
767 2895 894 2949 specie
925 2904 1035 2938 tenus
1068 2898 1267 2939 extabant.
1328 2898 1475 2953 Quibus
1506 2900 1619 2940 rebus

126 2971 256 3000 eorum
275 2962 457 3013 omnium,
490 2975 585 3016 quae
602 2961 688 3002 fidei
709 2962 863 3017 speique
885 2971 1039 3006 nostrae
1062 2965 1257 3021 proposita
1280 2974 1384 3019 sunt,
1413 2967 1620 3022 promisso-
