2034 3267
209 894 273 921 pag.
296 885 352 912 123.

196 2103 282 2145 Κεφ.
307 2099 353 2144 η’.

370 122 451 162 235
933 126 1092 158 SANCTx
1117 127 1340 160 EPIPHANH

372 206 486 249 οὐδὲν
514 207 653 259 ἕτερον.
716 205 901 255 Χρῶνται
933 201 975 242 δὲ
1008 196 1119 242 οὗτοι
1150 200 1198 242 οὐ
1228 202 1350 254 μόνον
1379 206 1446 262 νέᾳ
1474 206 1668 264 διαθήκῃ,
1700 205 1791 248 ἄλλοι
1821 209 1888 248 καὶ

371 277 530 328 παλαιᾷ,
561 268 742 322 καθάπερ
766 269 832 309 καὶ
858 269 898 309 οἷ
918 266 1118 309 Ἰουδαῖοι.
1182 267 1240 308 Οὐ
1263 268 1336 323 γαρ
1360 269 1619 327 ἀπηγόρευται
1643 273 1732 329 παρ’
1756 273 1888 322 αὐτοῖς

370 341 584 392 νομοθεσία
608 337 675 377 καὶ
700 339 902 390 προφῆται
933 337 999 376 καὶ
1031 341 1199 389 γραφεῖα
1230 335 1276 376 τοὶ
1305 336 1411 389 παρὰ
1433 337 1641 390 Ἰουδαίοις
1669 341 1887 395 καλούμενα

370 409 512 459 βιβλία,
545 404 670 456 ὥςπερ
695 401 802 456 παρά
824 408 904 451 τοῖς
927 404 1234 457 προειρημένοις,
1265 402 1358 445 οὐδέ
1380 422 1416 445 τι
1436 407 1563 460 ἕτερον
1586 404 1694 450 οὗτοι
1717 414 1885 462 φρονοῦ-

369 490 448 523 σιν,
479 471 572 513 ἅλλᾶ
594 469 692 512 κατοέ
713 469 756 512 το“
780 469 961 524 κήρυγμα
981 475 1053 511 τοῦ
1072 469 1216 523 νόμου,
1245 473 1309 512 καὶ
1335 469 1388 520 ὦς
1409 474 1450 514 οἱ
1466 470 1652 517 Ἰουδαῖοι
1673 476 1798 517 πάντα
1818 495 1885 518 κα-

368 545 443 588 λῶς
473 538 726 594 ὁμολογοῦσι,
757 539 874 591 χωρὶς
902 542 974 579 τοῦ
1003 539 1058 586 εἰς
1084 537 1253 592 Χριστὸν
1276 541 1399 591 δῆθεν
1424 544 1724 584 πεπιστευκέναι.
1785 543 1886 598 Παρ’

371 607 504 656 αὐτοῖς
524 605 597 662 γαρ
622 607 688 648 καὶ
718 610 866 659 νεκρῶν
891 603 1098 653 ἀνάστασις
1127 603 1384 661 ὁμολογεῖται,
1413 608 1479 648 καὶ
1503 609 1545 648 ἐκ
1568 613 1668 650 θεοῦ
1689 608 1736 650 τοὶ
1759 610 1887 652 πάντα

369 680 611 730 γεγενῆσθαι.
656 673 759 714 “Eva
782 673 824 714 δὲ
853 671 951 714 θεὸν
975 675 1290 728 καταγγέλλουσι,
1320 675 1385 715 καὶ
1412 673 1480 716 τὸν
1503 674 1644 717 τούτου
1667 681 1788 718 παῖδα
1808 677 1883 732 Ἰη-

370 748 466 785 σοῦν
487 740 678 797 Χριστόν·
706 739 919 794 Ἑβραικήν
939 740 980 781 δὲ
999 739 1196 782 διάλεκτον
1217 739 1388 796 ἇκριβῶς
1409 744 1503 783 εἰσιν
1522 740 1744 795 ἠσκημένοι.
1786 745 1886 798 Παρ’

370 809 504 859 αὐτοῖς
524 809 596 865 γάρ
619 814 696 857 πᾶς
717 806 738 850 ὁ
759 807 901 861 νόμος,
932 810 997 850 καὶ
1021 810 1062 850 οἷ
1087 813 1305 862 προφῆται,
1335 811 1401 850 καὶ
1423 808 1468 851 τοὶ
1491 815 1667 864 Γραφεῖα
1687 811 1885 866 λεγόμενα,

373 879 476 930 φημὶ
509 878 550 918 δὲ
579 877 625 918 τοὶ
655 875 832 930 στιχήρη,
863 877 928 917 καὶ
958 878 1001 917 αῖ
1019 881 1234 927 Βασιλεῖαι,
1263 878 1329 917 καὶ
1355 877 1696 931 Παραλειπόμενα,
1727 880 1794 920 καὶ
1817 882 1887 920 Αἰ-

370 945 494 999 σθήρ,
525 947 591 986 καὶ
621 943 735 986 τᾶλλα
762 943 890 985 πάντα
914 942 1131 997 Ἑβραϊκῶς
1161 942 1478 999 ἀναγινώσκεται,
1510 944 1635 999 ὥςπερ
1666 944 1794 998 ἀμέλει
1821 949 1888 988 καὶ

369 1012 475 1068 παρά
496 1012 718 1061 Ἰουδαίοις.
755 1009 821 1053 Ἐν
841 1010 966 1068 τούτῳ
988 1012 1029 1052 δὲ
1053 1011 1174 1064 μόνον
1195 1010 1293 1066 πρός
1311 1009 1528 1060 Ἰουδαίους
1549 1014 1800 1066 διαφέρονται
1820 1015 1886 1054 καὶ

374 1079 650 1136 Χριστιανούς,
679 1078 891 1127 Ἰουδαίοις
921 1079 989 1132 μὲν
1022 1078 1074 1132 μή
1107 1084 1426 1132 συμφωνοῦντες,
1465 1078 1528 1120 δια
1561 1078 1603 1121 τό
1635 1082 1689 1129 εἰς
1716 1080 1887 1135 Χριστὸν

1079 1146 1088 1160 ἱ

369 1149 676 1198 πεπιστευκέναι,
705 1152 955 1201 Χριστιανοῖς
977 1147 1017 1188 δὲ
1037 1165 1087 1199 μη
1120 1152 1133 1174 ¹
1147 1145 1522 1201 όμογνωμονοῦντες,
1553 1146 1617 1189 διὰ
1636 1148 1678 1189 τὸ
1702 1150 1756 1190 ἔτι
1776 1147 1884 1206 νόμῳ

369 1219 627 1269 πεπεδῆσθαι,
658 1220 847 1272 περιτομῇ
869 1231 906 1255 τε
927 1216 993 1255 καὶ
1015 1213 1197 1271 σαββάτῳ
1217 1216 1283 1254 καὶ
1304 1220 1382 1262 τοῖς
1401 1213 1536 1263 ἄλλοις.
1589 1217 1689 1269 Περὶ
1712 1221 1885 1271 Χριστοῦ

371 1285 412 1326 δὲ
437 1283 509 1326 οὐκ
532 1282 621 1325 οἶδα
642 1285 780 1332 εἰπεῖν,
812 1283 927 1323 εἶκαὶ
952 1280 1062 1321 αὐτοὶ
1087 1286 1133 1338 τῇ
1156 1286 1234 1322 τῶν
1256 1283 1543 1335 προειρημένων
1567 1285 1655 1338 περὶ
1680 1283 1886 1338 Κήρινθον

368 1354 434 1394 καὶ
455 1351 675 1404 Μήρινθον
695 1351 891 1404 μοχθηρίᾳ
915 1347 1096 1401 ἀχθέντες
1118 1346 1235 1400 ψιλόν
1254 1347 1468 1403 ἄνθρωπον
1488 1353 1719 1402 νομίζουσιν,
1750 1350 1789 1404 ἢ,
1819 1369 1886 1392 κα-

372 1419 457 1468 θώς
478 1417 503 1472 ἦ
528 1417 690 1471 ἀλήθεια
709 1419 796 1470 ἔχει,
828 1414 892 1457 διιῗι
913 1414 1132 1468 πνεύματος
1151 1414 1264 1470 οἳγίου
1285 1421 1534 1470 γεγεννῆσθαι
1558 1420 1599 1459 ἐκ
1619 1421 1782 1474 Μαρίας
1803 1421 1884 1459 δια-

371 1490 629 1542 βεβαιοῦνται.
676 1484 785 1526 ’Ἐστι
816 1484 857 1525 δὲ
886 1483 983 1536 αὕτη
1008 1481 1033 1536 ἡ
1060 1481 1251 1537 αἵρεσιςὴ
1276 1488 1511 1539 Ναζωραίων
1538 1487 1578 1527 ἐν
1600 1490 1645 1543 τῇ
1670 1488 1886 1539 Βεροιαίων

369 1556 457 1609 περὶ
486 1553 555 1607 τήν
583 1556 727 1606 Κοίλην
751 1554 922 1606 Συρίαν,
959 1552 1025 1592 καὶ
1056 1553 1097 1593 ἐν
1128 1556 1174 1608 τῇ
1201 1551 1414 1593 Δεκαπόλει
1443 1554 1530 1606 περὶ
1562 1551 1608 1594 τα
1641 1557 1710 1606 τῆς
1736 1554 1885 1605 Πέλλης

370 1624 480 1676 μέρη,
508 1623 573 1663 καὶ
590 1623 631 1662 ε’ν
652 1626 699 1678 τῇ
716 1622 940 1661 Βασανίτιδι
961 1624 1006 1677 τῇ
1027 1621 1211 1676 λεγομένῃ
1230 1619 1414 1676 Κωκάβῃ,
1440 1619 1611 1678 Χωχάβῃ
1635 1621 1676 1662 δὲ
1687 1618 1886 1675 Ἐβραϊστὶ

367 1691 562 1746 λεγομένῃ.
601 1688 776 1729 Ἐκεῖθεν
796 1687 867 1742 γάρ
891 1686 917 1740 ἡ
937 1685 1032 1741 ἀρχὴ
1050 1688 1180 1742 γέγονε
1203 1685 1296 1739 μετα
1318 1685 1387 1740 τὴν
1408 1685 1484 1729 ἀπὸ
1504 1693 1579 1729 τῶν
1601 1685 1884 1742 Ἰεροσολύμων

371 1756 620 1810 μετάστασιν,
650 1755 805 1797 πάντων
822 1760 899 1796 τῶν
925 1759 1115 1808 μαθητῶν
1136 1759 1214 1796 τῶν
1238 1756 1278 1796 ἔν
1303 1755 1428 1812 Πέλλῃ
1451 1753 1677 1812 ῷκηκότων,
1713 1759 1886 1807 Χριστοῦ

372 1824 568 1877 φήσαντος
587 1829 819 1875 καταλεῖψαι
839 1821 886 1864 τα
908 1821 1181 1876 Ἰεροσόλυμα,
1211 1824 1278 1863 καὶ
1301 1820 1562 1876 ἀναχωρῆσαι,
1596 1823 1729 1876 ἐπειδὴ
1753 1822 1886 1876 ἤμελλε

371 1892 530 1946 πάσχειν
552 1894 787 1945 πολιορκίαν.
848 1892 927 1932 Καὶ
951 1892 992 1932 ἐκ
1013 1895 1080 1943 τῆς
1102 1889 1282 1942 τοιαύτης
1302 1888 1525 1938 ’ὑποθέσεως
1544 1889 1614 1942 τὴν
1636 1893 1812 1944 Περαίαν
1832 1892 1886 1931 οἰ-

373 1959 559 2014 κήσαντες
589 1961 726 2009 ἐκεῖσε,
759 1957 811 2007 ὥς
833 1960 953 2011 ἔφην,
985 1959 1189 2013 διέτριβον.
1247 1956 1448 1999 Ἐντεῦθεν
1470 1955 1496 2010 ἡ
1519 1956 1616 1998 κατα
1640 1956 1730 2006 τούς
1752 1961 1885 2007 Ναζω-

374 2031 510 2083 ραίους
540 2030 685 2081 αἵρεσις
715 2028 794 2079 ἔσχε
823 2024 893 2078 τὴν
922 2023 1051 2080 ἇρχήν.

494 2094 766 2147 Πεπλάνηνται
803 2094 844 2134 δὲ
878 2094 944 2134 καὶ
982 2088 1112 2144 οὗτοι,
1151 2091 1361 2148 περιτομὴν
1396 2091 1621 2146 αὐχοῦντες,
1659 2093 1725 2134 καὶ
1758 2093 1814 2134 ἔτι
1848 2094 1889 2133 οἱ

374 2168 546 2205 τοιοῦτοι
567 2161 644 2204 ὑπὸ
671 2161 844 2216 κατάραν
869 2162 962 2211 εἶσὶ,
993 2159 1047 2214 μὴ
1069 2160 1274 2213 δυνάμενοι
1299 2159 1368 2202 τὸν
1385 2160 1505 2213 νόμον
1526 2165 1734 2215 πληρῶσαι.
1790 2164 1886 2208 Πῶς

375 2231 447 2287 γᾶρ
473 2231 705 2284 δυνήσονται
729 2234 904 2284 πληροῦν
926 2227 972 2270 tn}
996 2230 1036 2270 έν
1061 2234 1113 2285 τῷ
1136 2228 1242 2286 νόμῳ
1268 2229 1466 2282 εἰρημένα,
1496 2227 1556 2269 ὅτι
1581 2229 1662 2281 τρὶς
1683 2232 1754 2269 τοῦ
1777 2228 1887 2277 ἔτους

377 2298 539 2356 όφθήσῃ
562 2298 729 2340 ἐνώπιον
750 2300 888 2352 κυρίου
909 2301 978 2338 τοῦ
999 2302 1097 2337 θεοῦ
1121 2312 1211 2348 σου,
1241 2295 1340 2337 κατά
1360 2313 1398 2337 τε
1419 2295 1463 2337 τοὶ
1477 2294 1626 2348 ’Ἀζυμα
1646 2296 1711 2336 καὶ
1734 2299 1884 2347 Σκηνο-

378 2371 522 2422 πηγίαν
551 2368 617 2408 καὶ
646 2364 715 2419 τήν
742 2363 1037 2418 Πεντηκοστὴν,
1069 2366 1109 2405 ἐν
1140 2369 1192 2422 τῷ
1224 2363 1331 2421 τόπῳ
1354 2362 1650 2418 Ἰεροσολύμων,
1691 2360 1884 2403 Ἀποκλει-

378 2436 542 2483 σθέντος
571 2433 642 2489 γὰρ
668 2438 738 2475 τοῦ
757 2432 903 2486 νόμου,
933 2433 999 2473 καὶ
1019 2437 1095 2472 τῶν
1118 2433 1158 2473 ἐν
1179 2436 1230 2489 τῷ
1250 2431 1360 2488 νόμῳ
1386 2430 1440 2484 μὴ
1463 2431 1687 2483 δυναμένων
1715 2434 1882 2483 πληροῦ-

377 2510 494 2553 σθαι,
525 2503 642 2543 παντὶ
664 2506 717 2558 τῷ
742 2505 836 2542 νοῦν
859 2502 981 2553 ἔχοντι
1007 2500 1125 2550 σαφὲς
1149 2498 1196 2540 δι’-ν
1218 2502 1276 2552 εἰή
1297 2499 1355 2541 ὅτι
1379 2497 1545 2553 Χριστός
1565 2493 1662 2550 ἦλθε
1681 2495 1885 2549 πληρωτὴς

378 2576 448 2613 τοῦ
471 2569 614 2623 νόμον,
646 2568 692 2611 οὗ
713 2568 780 2610 τόν
799 2567 921 2621 νόμον
940 2566 1181 2618 καταλύσων,
1214 2565 1305 2608 ἄλλα
1325 2566 1391 2608 τὸν
1411 2566 1533 2618 νόμον
1555 2563 1787 2618 πληρώσων,
1817 2565 1884 2604 καὶ

381 2637 535 2690 οἶφελεῖν
557 2637 627 2690 τήν
650 2635 822 2690 κατάραν
842 2635 911 2688 τὴν
933 2633 1030 2676 κατα
1052 2639 1119 2687 τῆς
1141 2634 1396 2688 παραβάσεως
1415 2639 1485 2675 τοῦ
1505 2631 1627 2685 νόμου
1648 2629 1883 2685 ὁρισθεῖσαν.

381 2705 496 2746 Meto}
524 2705 596 2760 γάρ
625 2705 665 2745 τό
695 2706 932 2745 ἐντείλασθαι
961 2701 1026 2743 τὸν
1050 2703 1225 2743 Μωϋσέα
1246 2707 1373 2743 πᾶσαν
1397 2699 1568 2753 ἐντολὴν,
1598 2694 1718 2752 ἦλθεν
1746 2700 1811 2740 ἐπὶ
1839 2697 1881 2740 τό

327 2770 330 2772 ’
379 2774 497 2826 τέρμα
528 2778 597 2826 τῆς
629 2774 785 2825 βίβλου,
816 2771 882 2812 καὶ
905 2770 1115 2811 συνέκλεισε
1140 2768 1181 2810 τὸ
1214 2775 1291 2810 πᾶν
1319 2771 1372 2817 εἰς
1396 2766 1586 2822 κατάραν,
1615 2767 1754 2820 λέγων,
1782 2763 1886 2807 Ἐπι-

426 2886 502 2918 CAP.
522 2887 590 2917 VII.
616 2905 657 2910 —-
705 2886 732 2918 1.
757 2882 1059 2928 ὁμογνωμονοῦντες
1085 2884 1154 2915 edit.
1187 2887 1308 2961 paine}
1330 2881 1598 2925 ὁμογνωμοῢντες
1621 2882 1687 2912 cod.
1711 2881 1836 2920 Rhediy.
1858 2883 1885 2911 et

1191 2931 1261 2960 eit.
1310 2931 1388 2960 etav.
