2034 3267
490 170 662 202 PANAun
687 171 766 203 Lm.
784 173 806 203 1.
830 172 935 204 ToM.
965 173 1001 203 11.
1028 172 1154 203 HAER.
1175 172 1307 204 xxxi.
1573 163 1650 205 383

139 245 241 288 Nam
266 247 299 287 si
323 248 474 288 veritati
499 248 562 289 illa
587 257 846 290 consentanea
871 251 1020 299 forent,
1053 258 1156 291 certe
1183 251 1380 302 dominus,
1413 252 1474 306 qui
1502 251 1546 291 ad
1570 251 1653 291 illu-

140 315 356 355 minandum
387 315 517 356 orbem
549 324 732 369 venerat,
774 325 812 358 et
841 325 928 357 ante
959 317 1062 357 illum
1094 318 1323 372 prophetae,
1366 326 1444 360 tum
1471 318 1650 374 apostoli,

141 383 203 437 qui
226 382 407 423 falsorum
429 384 584 424 deorum
607 385 916 439 superstitionem
937 399 980 424 ae
998 385 1229 438 flagitiorum
1250 387 1513 441 scelerumque
1532 399 1653 440 genus

141 463 252 490 omne
287 451 588 504 redarguerunt,
636 466 706 493 nec
739 452 889 506 impiam
922 466 1072 491 omnem
1105 453 1411 507 contrariamque
1445 453 1653 494 doctrinam

139 517 291 572 scriptis
313 517 391 558 suis
415 520 618 573 profligare
642 527 730 560 sunt
750 519 887 569 veriti,
920 518 972 559 illi
993 519 1144 573 inquam
1167 527 1299 574 aperte
1324 521 1434 561 nobis
1455 521 1518 561 illa
1536 521 1655 575 signi-

138 584 341 636 ficassent,
384 588 607 640 praesertim
634 601 717 627 cum
743 587 912 626 salvator
937 585 987 626 ita
1012 587 1093 640 ipse
1118 587 1301 627 dixisset:
1348 590 1486 628 Ceteris
1512 591 1653 641 quidem
1672 594 1742 623 Luc·
1755 596 1782 630 8,
1796 596 1835 622 1⁰-

138 656 174 691 in
187 655 394 704 parabolis,
424 656 522 693 vobis
540 663 658 693 autem
673 655 876 706 parabolae
895 656 944 692 ad
960 657 1072 704 regni
1086 656 1251 693 coelestis
1271 659 1540 695 enm-rationem
1559 659 1653 695 edite-

135 724 311 760 serendae
339 730 437 761 sunt.
502 720 693 775 Quocirca
724 735 982 775 quaecumque
1012 721 1049 760 in
1075 722 1278 775 evangelio
1304 723 1508 776 parabolae
1536 724 1581 764 ab
1607 737 1653 764 eo

136 789 351 843 propositae
378 797 489 840 sunt,
532 789 658 829 statim
686 789 832 829 illarum
857 802 1010 828 sensum
1039 789 1237 843 aperuisse
1263 789 1428 830 videtur.
1490 790 1590 831 Nam
1617 798 1655 831 et

135 870 295 910 granum
327 857 469 912 sinapis
500 857 587 911 quid
613 856 684 896 sibi
711 857 825 897 vellet
849 856 1050 910 exposuit,
1095 856 1181 909 quid
1210 858 1459 908 fermentum,
1504 872 1649 911 quaeve

136 923 273 964 mulier
295 933 398 965 esset
420 925 482 964 illa
505 938 599 978 quae
622 925 659 964 in
686 924 756 963 tria
781 924 924 964 farinae
952 930 1031 964 sata
1058 924 1284 965 fermentum
1308 925 1530 975 immiserit,
1564 926 1651 979 quid

136 990 200 1031 illa
230 991 319 1032 vitis
349 1006 393 1032 ac
424 992 539 1042 ficus,
587 992 670 1046 quis
702 991 762 1031 ille
794 992 856 1045 qui
882 991 1067 1042 seminat,
1115 1005 1262 1045 quaeve
1290 992 1430 1047 optima
1458 993 1507 1032 sit
1532 999 1649 1033 terra.

138 1055 270 1113 ltaque
299 1059 440 1099 frustra
465 1060 517 1099 illi
545 1074 660 1100 caeco
687 1059 881 1099 daemonis
905 1059 1045 1114 impetu
1072 1059 1212 1099 conciti
1237 1061 1458 1115 rapiuntur,
1502 1062 1548 1101 de
1573 1062 1653 1116 qui·

136 1125 206 1166 bus
231 1126 365 1167 merito
391 1134 547 1167 sanctus
573 1125 714 1167 Paulus
740 1127 790 1166 ita
818 1127 1003 1181 loquitur:
1046 1129 1264 1167 Novissimzs
1295 1130 1515 1180 temporibus
1540 1144 1646 1169 aver-
1666 1135 1851 1168 1.Tim.4,1.

139 1202 215 1233 tent
232 1208 271 1233 sc
291 1197 437 1246 quidam
459 1209 481 1233 a
503 1197 671 1234 doctrina
684 1226 695 1242 ‚
729 1197 956 1234 intendentes
965 1196 1136 1248 sabulis,
1171 1203 1208 1234 ct
1225 1198 1404 1236 doctrinis
1424 1200 1649 1237 daemonum.

138 1259 210 1302 Cui
238 1268 274 1301 et
306 1259 468 1303 lacobus
499 1263 771 1317 adstipulatur,
819 1263 864 1302 de
895 1263 1082 1303 eiusmodi
1115 1264 1353 1317 dogmatibus
1383 1266 1436 1304 ita
1466 1265 1650 1320 loquens:

136 1330 220 1368 Non
241 1337 298 1368 est
318 1333 411 1369 enim
436 1333 507 1369 ista
533 1334 713 1383 sapientia
735 1333 925 1370 desursum
951 1333 1191 1379 descendens,
1225 1335 1290 1371 sed
1313 1340 1481 1380 terrena,
1514 1337 1654 1373 anima-
1673 1338 1730 1366 lac.
1750 1339 1776 1374 3,
1797 1340 1835 1368 15.

137 1398 201 1444 lis,
247 1398 441 1437 diabolica.
506 1401 605 1449 Quae
634 1407 753 1438 autem
783 1401 972 1438 desursum
1004 1407 1062 1438 est
1083 1403 1285 1451 sapientia,
1325 1404 1486 1452 primum
1511 1404 1652 1453 quidem

127 1467 265 1516 pudica
295 1473 368 1514 est,
415 1469 543 1505 deinde
566 1469 747 1519 pacfice,
793 1469 975 1514 modesta,
1017 1469 1231 1515 suadibilis,
1277 1469 1379 1507 bonis
1408 1472 1648 1517 consentiens,

129 1534 241 1584 plena
263 1537 516 1573 misericordia
538 1542 576 1574 et
584 1536 778 1588 fructibus
801 1536 902 1573 bonis
926 1541 1000 1574 etc.
1028 1534 1136 1574 cuius
1165 1549 1211 1575 ne
1235 1535 1412 1576 minimus
1437 1536 1587 1590 quidem
1611 1538 1649 1577 in

135 1600 192 1640 his
222 1615 317 1655 quos
349 1603 731 1643 commemoravimus
763 1603 909 1642 fructus
940 1601 1123 1643 cernitur.
1187 1601 1334 1657 Quippe
1363 1605 1459 1658 apud
1484 1605 1570 1645 illos
1595 1604 1652 1646 in-

135 1669 346 1709 constantia
367 1683 411 1710 ae
434 1670 581 1710 nefaria
608 1670 733 1710 onmia
759 1670 951 1720 facinora,
983 1670 1285 1724 daemonumque
1311 1671 1409 1712 fetus
1434 1679 1472 1712 et
1493 1686 1651 1727 serpen·

137 1742 212 1775 tum
243 1736 342 1776 sibili
373 1739 629 1791 reperiuntur.
691 1737 818 1777 Aliter
847 1737 930 1777 aliis
961 1737 1218 1792 temporibus,
1259 1745 1373 1792 atque
1403 1739 1502 1780 aliud
1535 1754 1651 1781 unus-

134 1803 293 1857 quisque
323 1805 530 1859 praetlicat.
593 1803 710 1845 Nulla
739 1805 816 1845 illic
840 1804 1104 1845 misericordia
1130 1806 1190 1846 vel
1214 1806 1439 1858 clementia,
1483 1808 1549 1848 sed
1576 1808 1651 1849 dis-

135 1871 338 1913 sensiones
359 1887 402 1913 ac
424 1872 660 1923 discordiae,
695 1873 793 1914 nulla
815 1886 973 1927 usquam
997 1873 1238 1925 castimonia,
1271 1874 1374 1915 nulla
1397 1889 1489 1929 pax,
1522 1875 1652 1930 aequi-

136 1946 193 1980 tas
225 1940 340 1980 animi
371 1941 488 1981 nulla.
940 1978 943 1981 s

243 2009 304 2049 Ac
335 2009 423 2049 mihi
454 2022 547 2050 sane
578 2008 691 2059 libet,
732 2007 908 2062 quoniam
939 2010 983 2049 ad
1015 2010 1051 2049 id
1075 2010 1264 2050 sermonis
1295 2018 1333 2051 et
1351 2011 1567 2065 argumenti
1591 2025 1649 2052 me
1723 2017 1799 2060 Cap.

135 2076 346 2117 necessitas
369 2077 540 2131 impellit,
575 2076 724 2116 tametsi
745 2076 857 2116 finem
881 2078 1007 2117 facere
1029 2077 1320 2129 constitueram,
1352 2093 1471 2133 pauca
1494 2093 1544 2119 ex
1566 2079 1650 2120 illo·
1673 2062 1849 2096 XXXVH.

139 2157 222 2184 rum
246 2143 410 2184 decretis
433 2145 478 2184 ad
497 2144 737 2184 refutandum
759 2143 937 2198 seligere.
990 2143 1129 2199 Neque
1148 2146 1247 2186 enim
1270 2146 1455 2187 orationis
1474 2146 1650 2198 artificio,

136 2212 203 2252 sed
225 2211 410 2253 lectorum
436 2212 586 2253 utilitati
609 2211 699 2252 mihi
719 2211 963 2253 serviendum
986 2213 1166 2254 arbitror.
1228 2214 1348 2254 Aiunt
1369 2214 1486 2268 igitur
1508 2215 1650 2255 duode-

136 2279 273 2320 cimum
296 2280 495 2330 Aeonem,
541 2294 625 2320 eum
653 2280 880 2331 defecisset,
922 2295 942 2320 a
969 2282 1203 2322 duodenario
1229 2282 1293 2322 illo
1318 2297 1477 2323 numero
1499 2283 1649 2337 penitus

135 2346 344 2398 excidisse,
378 2356 491 2402 atque
510 2348 562 2388 ita
584 2348 844 2388 duodecimum
867 2348 965 2389 hunc
986 2363 1185 2389 numerum
1207 2363 1294 2390 esse
1314 2351 1519 2391 sublatum.
1569 2349 1650 2391 Hoc

136 2422 262 2456 autem
290 2423 367 2455 tum
391 2415 623 2470 contigisse,
669 2430 753 2456 cum
779 2414 890 2457 ludas
913 2417 1174 2471 apostolorum
1200 2417 1444 2460 duodecimus
1469 2418 1650 2458 exclusus

137 2489 217 2535 est,
251 2483 382 2537 sieque
406 2484 653 2524 duodecimus
679 2497 859 2524 numerus
885 2484 948 2525 ille
972 2485 1099 2538 periit.
1163 2482 1350 2526 Similiter
1372 2494 1410 2526 et.
1430 2486 1468 2526 in
1491 2486 1650 2526 muliere

136 2549 220 2601 illa,
256 2565 351 2605 quae
376 2551 572 2604 sanguinis
595 2551 781 2606 profluvio
807 2551 1024 2602 laborabat,
1059 2559 1097 2592 et
1123 2553 1159 2592 in
1185 2552 1280 2604 alia,
1323 2567 1419 2607 quae
1444 2554 1576 2594 decem
1600 2567 1651 2594 ex

137 2617 325 2658 drachmis
351 2633 460 2659 unam
486 2619 715 2673 perdiderat.
769 2620 884 2674 Atqui
908 2620 1162 2660 demonstrari
1182 2620 1272 2660 illud
1293 2628 1441 2675 potest,
1476 2622 1650 2662 Aeonem

136 2684 240 2725 illum
265 2686 529 2727 duodecimum
550 2685 667 2728 tudae
692 2701 891 2742 personam
912 2687 1065 2728 minime
1090 2702 1202 2742 posse
1227 2688 1434 2730 sustinere.
1496 2688 1652 2730 Etenim

140 2750 252 2794 ludas
282 2755 448 2794 funditus
479 2755 613 2809 periit,
656 2755 899 2796 duodecimus
930 2763 1055 2796 autem
1081 2757 1193 2796 Aeon
1222 2755 1307 2806 ille,
1352 2756 1413 2797 vel
1437 2763 1478 2797 ut
1502 2757 1653 2812 ipsimet

140 2819 235 2860 fictis
265 2821 360 2862 iisce
390 2822 524 2862 fabulis
556 2823 714 2872 docent,
760 2838 834 2863 non
858 2824 1007 2878 penitus
1031 2824 1225 2864 extinctus
1251 2831 1324 2864 est.
1387 2822 1505 2865 Stetit
1532 2824 1648 2875 enim,

140 2886 266 2939 aiunt,
301 2903 352 2930 ex
372 2890 454 2930 eius
477 2890 639 2931 adverso
660 2888 937 2945 Metagogeus,
973 2891 1043 2932 hoc
1064 2898 1124 2933 est
1143 2892 1351 2943 traductor,
1385 2892 1448 2946 qui
1468 2899 1505 2932 et
1527 2892 1652 2933 Horo·

207 2978 281 3011 CAP.
301 2980 477 3013 XXXVII.
499 2999 543 3005 —
574 2981 601 3014 1.
625 2982 743 3021 Repone
768 2977 786 3015 ὁ
811 2979 848 3016 δὲ
871 2981 1077 3022 δωδέκατος,
1101 2984 1148 3014 vel
1174 2979 1190 3015 ὁ
1216 2982 1404 3021 δωδέκατος
1427 2981 1474 3017 δὲ.
