2034 3267
446 175 621 207 PANARH
647 175 745 206 ADV.
769 174 991 206 HAERESES
1017 173 1097 206 LlB.
1118 174 1141 205 Ι.
1167 173 1271 206 ΤΟΜ.
1291 174 1314 204 Ι.
1583 166 1634 203 79

126 262 224 295 tates
254 260 463 302 exercent,
507 260 620 306 atque
658 253 789 293 eodem
824 267 897 306 quo
931 250 1059 292 Iudaei
1097 259 1267 305 tempore
1299 252 1394 290 festa
1432 264 1500 290 sua
1536 251 1636 290 cele-

126 323 260 372 brant,
294 321 533 376 Azymorum
567 320 734 369 scilicet,
778 318 1001 369 paschatis,
1043 317 1318 368 pentecostes,
1353 316 1634 371 Scenopegiae,

126 395 164 428 et
195 388 365 428 solennis
399 387 499 427 iltius
534 386 670 427 leiunii
708 388 805 440 quod
842 387 877 425 iu
917 400 1028 426 uuam
1064 386 1162 425 diem
1200 386 1422 425 observant.
1492 382 1638 425 Contra

127 469 236 508 quam
270 455 334 495 alii
365 455 588 505 instituunt,
632 454 693 507 qui
726 454 763 492 in
793 453 927 492 iisdem
961 453 1173 493 indicendis
1206 453 1250 492 ad
1278 451 1452 492 Essenos
1478 466 1544 502 se,
1584 450 1638 491 uti

124 521 264 561 dictum
297 529 377 574 est,
410 521 710 561 accommodant.

503 675 794 726 CONTRA
828 674 1268 723 DOSITHEOS.

324 757 533 805 Haeresis
567 755 646 802 IV.
685 753 1058 800 Samaritanorum
1071 789 1083 812 ‚
1121 753 1272 799 ordine
1307 753 1437 802 XIII.

238 857 298 897 Ab
324 857 381 896 bis
404 853 580 896 Dosithei
604 852 862 906 multipliciter
890 853 1120 906 discrepant.
1180 850 1283 892 Nam
1314 859 1352 892 et
1380 854 1634 894 resurrectio·
1661 853 1737 897 Cap.
1762 857 1785 887 I·

127 938 212 964 nem
257 923 482 971 admittunt,
530 927 566 960 et
605 920 802 960 severiora
848 920 944 974 apud
991 920 1075 959 illos
1118 925 1208 958 sunt
1254 918 1428 959 instituta
1467 919 1635 961 vivendi.

130 990 226 1031 Item
261 991 305 1030 ab
339 987 513 1029 animatis
548 987 755 1027 abstinent.
824 986 1011 1027 Nonnulli
1045 986 1157 1026 etiam
1197 994 1281 1041 post.
1318 987 1467 1040 nuptias
1507 989 1638 1027 uxori-

128 1059 198 1098 bus
230 1056 386 1097 mortuis
413 1054 686 1094 continentiam
720 1061 894 1094 servant.
955 1054 1033 1094 Alii
1061 1054 1320 1106 virginitatem
1353 1054 1534 1093 retinent.
1596 1053 1639 1094 Iu

128 1139 174 1165 eo
202 1138 294 1163 vero
326 1136 408 1161 eum
439 1122 523 1161 aliis
554 1122 800 1161 consentiunt
826 1122 923 1175 quod
953 1131 990 1160 et
1020 1121 1351 1161 circumcisionem
1381 1129 1418 1160 et
1442 1120 1638 1160 sabbatum

128 1191 278 1239 colunt,
321 1195 360 1228 et
389 1189 592 1228 cuiuslibet
623 1188 786 1228 hominis
823 1195 1038 1228 contactum
1072 1188 1265 1239 devitant,
1306 1188 1404 1242 quod
1435 1188 1640 1228 universos

127 1256 404 1298 abominentur.
467 1254 612 1296 Eadem
647 1270 761 1310 porro
792 1270 874 1296 cum
903 1256 987 1296 aliis
1021 1255 1163 1295 ieiunia
1194 1263 1308 1309 atque
1339 1255 1641 1295 exercitationes

125 1323 316 1365 adhibent.
379 1321 487 1362 Haec
520 1323 646 1363 omnia
673 1337 693 1362 a
721 1322 908 1363 Dositheo
940 1323 1010 1363 bac
1044 1337 1095 1363 ex
1123 1322 1328 1363 occasione
1356 1323 1503 1363 sancita
1534 1329 1637 1362 sunt.

127 1389 221 1432 Cum
255 1391 356 1430 enim
383 1388 547 1430 Iudaeus
583 1397 708 1440 esset,
749 1404 837 1431 sese
871 1391 915 1430 ad
943 1388 1208 1430 Samaritanos
1236 1390 1426 1430 adiunxit.
1490 1387 1641 1444 Quippe

125 1464 163 1498 et
185 1457 223 1497 in
247 1457 344 1510 legis
368 1457 553 1497 institutis
582 1458 751 1512 apprime
773 1465 952 1498 versatus
979 1464 1015 1497 et
1041 1457 1283 1497 traditionum
1308 1471 1401 1511 quas
1425 1456 1478 1496 illi
1508 1457 1641 1496 obser-

127 1531 216 1565 vant
239 1525 518 1565 scientissimus
544 1524 750 1579 principem
778 1525 879 1564 inter
906 1538 996 1564 suos
1024 1524 1147 1564 locum
1173 1524 1343 1578 appetiit.
1403 1525 1441 1563 A
1471 1538 1544 1577 quo
1576 1524 1641 1563 de-

124 1592 270 1646 pulsus,
305 1606 375 1631 nec
398 1606 574 1645 magnam
597 1591 698 1632 inter
720 1590 880 1632 ludaeos
906 1591 1169 1631 auctoritatem
1194 1593 1367 1646 adeptus,
1400 1591 1444 1631 ad
1471 1589 1642 1631 Samari-

126 1667 236 1700 tanos
259 1658 421 1709 defecit,
455 1666 493 1699 et
518 1659 616 1699 illam
643 1666 787 1699 sectam
810 1659 990 1699 condidit.
1052 1657 1201 1699 Deinde
1226 1659 1264 1698 in
1290 1659 1508 1713 speluncam
1534 1672 1642 1698 sece-

125 1727 218 1766 dens
247 1740 338 1781 prae
365 1726 543 1766 affectata
571 1727 729 1780 quadam
754 1726 939 1781 sapientia
963 1726 1156 1780 perpetuis
1180 1740 1222 1766 se
1248 1726 1301 1765 uti
1332 1727 1460 1765 ferunt
1487 1726 1642 1766 ieiuniis

124 1793 291 1833 inaniter
315 1807 359 1833 ac
383 1793 561 1834 simulata
584 1794 723 1849 pietate
747 1793 927 1844 confecit,
960 1794 1081 1833 donec
1102 1793 1176 1833 cibi
1198 1807 1241 1833 ac
1265 1800 1374 1846 potus
1396 1792 1538 1842 inedia,
1573 1807 1641 1833 vo-

125 1860 290 1901 luntaria
321 1860 470 1901 seilicet
494 1868 640 1912 morte,
673 1868 920 1915 consumptus
951 1868 1024 1900 est.
1085 1860 1246 1914 Aliquot
1272 1861 1359 1900 inde
1392 1867 1478 1915 post
1508 1860 1642 1900 diebus

126 1928 190 1981 qui
221 1928 266 1968 ad
293 1941 377 1968 eum
402 1936 592 1968 venerant
617 1929 868 1983 putrefactum
900 1942 945 1968 ac
976 1927 1197 1969 verminans
1226 1928 1391 1968 cadaver
1419 1927 1639 1978 inveniunt,

126 2008 170 2035 ae
201 2009 417 2035 muscarum
452 1996 629 2036 examine
660 2002 828 2036 scatens.

237 2061 347 2102 Haec
369 2069 457 2102 suut
481 2077 576 2116 quae
600 2064 644 2103 ad
671 2077 740 2103 uos
763 2076 974 2117 pervenere
991 2069 1159 2117 quatuor
1181 2069 1374 2102 sectarum
1399 2062 1640 2114 discrimiua3

127 2142 223 2182 quae
248 2129 358 2169 facite
381 2143 433 2169 ex
453 2129 500 2170 iis
526 2144 621 2184 quae
646 2137 780 2170 contra
807 2130 890 2170 illas
917 2129 1102 2184 disputata
1127 2136 1215 2170 sunt
1239 2136 1477 2170 evertentur.
1524 2128 1641 2170 Nunc

126 2195 310 2237 haereses
333 2196 516 2250 reliquas,
551 2211 646 2251 quae
670 2204 881 2251 temporum
902 2197 1148 2238 successione
1171 2211 1368 2252 perperam
1387 2197 1640 2251 irrepserunt,

128 2270 166 2303 et
188 2262 406 2304 aberrantia
429 2264 556 2304 omnia
589 2278 729 2319 pecora
755 2271 976 2318 pertexam,
1010 2265 1218 2318 eademque
1254 2264 1478 2304 convincam
1506 2263 1642 2318 partim

129 2374 250 2418 βιῶσαι
273 2374 372 2407 vitam
394 2375 570 2407 secularem
592 2386 697 2417 agere.
743 2379 780 2408 At
802 2378 861 2408 Ca·
949 2376 979 2410 6.
1005 2373 1052 2414 ὥς
1073 2372 1182 2414 αὕτως
1201 2387 1237 2409 τε
1260 2377 1326 2408 cod.
1350 2377 1448 2408 Venet.

128 2422 264 2452 saubono
293 2424 319 2452 et
342 2422 499 2453 Salmasio
523 2423 714 2461 patrocinari
744 2423 863 2453 videtur
950 2422 980 2455 7.
1005 2422 1059 2463 ςΔιγ
1062 2425 1169 2464 (αιεῐν
1192 2422 1257 2453 cod.
1283 2423 1352 2452 Ven.

128 2466 353 2504 quodammodo
383 2468 503 2497 Mcetas
535 2468 704 2504 Chonia!a‚
745 2468 796 2505 qui
830 2468 862 2497 in
949 2466 982 2498 ὅ.
1008 2464 1094 2520 αὐτῆ
1118 2468 1183 2497 cod.
1207 2468 1276 2497 Veu.

130 2510 214 2540 Thes.
237 2511 361 2541 Orthod.
384 2512 522 2550 FideiI,
545 2510 597 2542 35.
621 2511 667 2541 his
690 2512 787 2542 verbis
809 2520 862 2541 ex·
950 2510 982 2543 9.
1008 2507 1196 2553 ὄρμῆμενος
1219 2511 1262 2552 (h
1284 2520 1308 2541 e.
1335 2506 1546 2553 ωρμημένος)
1574 2512 1639 2543 cod.

128 2556 249 2593 scripsit
267 2556 495 2594 Epiphaniam:
531 2555 706 2596 „Aoot‘zw
728 2553 765 2589 δὲ
785 2551 861 2588 οἰνά-
909 2558 979 2588 Veri.

132 2608 245 2631 στασιν
277 2610 335 2640 μεν
364 2595 579 2641 &noxam-32,
615 2611 670 2632 και
699 2598 772 2640 περὶ
803 2597 862 2637 τὰς
954 2602 1002 2634 10.
1027 2599 1125 2643 ἔξῖιη,
1159 2599 1191 2633 ε’)
1213 2597 1386 2633 παιδεύσει
1407 2597 1445 2633 δε
1466 2598 1551 2634 κατὰ
1575 2602 1640 2632 cod.

131 2641 245 2684 ἑορτὰς
282 2644 503 2696 συμφρονσῦσι
546 2647 614 2680 τοῖς
651 2643 850 2685 semim-iguo
835 2668 861 2686 ,
909 2647 979 2678 Ven.

134 2686 201 2739 ἰδίᾳ
235 2685 272 2721 δε
305 2685 381 2740 παρ’
414 2685 526 2742 αιῗζτος
558 2688 667 2721 πολλοὶ
703 2687 861 2742 ἐμψυχων
954 2691 1003 2723 ll.
1029 2691 1107 2731 impr.
1111 2687 1181 2731 ώμε
1183 2701 1234 2727 ³03
1254 2688 1291 2723 δὲ
1314 2687 1355 2722 τὰ
1379 2690 1443 2720 cod.
1466 2691 1536 2721 Ven.

132 2727 324 2775 ἇπέχοιται,
358 2729 439 2765 ἀλλὰ
471 2732 574 2785 γ’,άμσψ
607 2731 690 2789 ufir&
724 2731 760 2766 τὸ
794 2745 863 2766 τε-
955 2736 1005 2766 12.
1028 2747 1095 2786 ημε
1089 2734 1157 2775 ’ρας
1178 2732 1266 2771 τινὰς
1290 2736 1355 2765 cod.
1379 2735 1476 2765 Venet.

133 2777 297 2809 κνῶσαι
322 2775 590 2819 ἐγκρατεύονται,
626 2776 759 2811 ἐπειδὲ
782 2790 862 2819 παρ·
955 2781 1004 2812 15
1030 2776 1129 2812 αὑτὸν
1153 2781 1219 2810 cod.
1242 2781 1311 2810 ten.

135 2817 352 2854 ἓτενεύουσιφ.“
400 2824 461 2854 Sed
489 2832 592 2854 vereor
619 2826 651 2853 ut
679 2822 709 2854 υἱ
712 2822 765 2855 σῦν
796 2833 863 2854 ver-
956 2823 1004 2856 14.
1028 2835 1110 2866 παοε
1113 2821 1243 2861 ‚avasgi
1267 2825 1331 2855 cod.
1356 2825 1454 2854 Venet.

134 2866 204 2895 bum
222 2875 254 2897 eo
273 2877 331 2906 quo
354 2868 551 2898 Casaubonus
570 2871 595 2898 et
618 2869 791 2899 Salmasius
808 2878 863 2907 po·
957 2870 1004 2901 15.
1029 2871 1168 2901 Fortasse
1189 2879 1404 2910 κσσμηματα.
1444 2870 1561 2900 Eadem
1586 2879 1639 2900 vo-

134 2914 255 2941 suerunt
274 2913 450 2951 significatu
469 2913 554 2951 apud
572 2914 747 2952 scriptorem
769 2915 864 2944 Grae-
909 2916 1018 2946 cabula
1037 2916 1177 2954 leyurztur
1198 2915 1324 2953 confusa
1343 2914 1428 2952 infra
1445 2914 1527 2945 haer.
1540 2914 1595 2952 oo,
1607 2914 1639 2945 5.

135 2962 201 2985 cum
223 2958 393 2994 reperiatur
415 2959 522 2988 ullum.
