2034 3267
527 213 703 245 PANARH
727 214 806 245 Lis.
830 215 854 245 1.
877 214 983 247 ΤοΜ.
1004 214 1046 246 11.
1069 213 1198 245 HAER.
1218 214 1332 244 xxx.
1602 206 1680 245 243

172 306 215 332 ac
238 291 452 346 multiplex,
484 298 537 341 et,
571 299 611 331 ut
633 292 684 332 ita
707 292 844 341 dicam,
878 292 1073 332 fabulosae
1095 291 1197 332 illius
1219 305 1263 332 ac
1286 292 1488 333 multorum
1517 294 1681 348 capitum

172 357 329 413 Hydrae
353 359 612 412 serpentinam
640 359 676 398 in
701 373 787 399 sese
817 359 974 412 figuram
1003 359 1246 412 exprimens,
1279 373 1412 399 rursus
1442 360 1487 400 ad
1518 361 1679 401 exitium

171 425 325 465 humani
348 426 503 479 generis
527 426 665 479 erupit.
705 426 765 466 Ac
785 425 875 465 licet
897 439 947 464 ex
968 425 1119 465 illorum
1141 426 1336 480 disciplina
1359 428 1556 481 prodierit,
1583 443 1679 468 nou-

170 492 273 532 nulla
297 500 420 533 tamen
449 500 712 546 praeterquam
745 491 792 531 ab
817 491 892 531 illis
914 492 1123 531 doceantur
1143 493 1309 533 asseruit
1330 501 1442 547 atque
1464 497 1675 550 proposuit.

173 558 222 600 Ut
250 559 349 599 enim
373 560 403 599 si
430 559 513 613 quis
538 560 657 600 variis
685 573 735 598 ex
755 557 893 611 lapillis
917 565 1088 597 ornatum
1114 559 1184 598 sibi
1207 559 1370 612 aliquem
1394 562 1584 611 conficiat,
1615 570 1679 603 aut

169 627 406 679 variegatam
433 626 625 667 coloribus
653 632 797 665 vestem
821 623 974 674 induat,
1008 631 1120 677 atque
1143 626 1370 678 exquisitam
1395 631 1579 681 quandam
1601 631 1679 670 ele-

169 693 334 747 gantiam
358 693 555 743 adbibeat,
588 693 642 733 sic
663 692 726 731 ille
752 698 885 730 contra
908 691 1083 730 omnibus
1109 692 1274 745 undique
1299 695 1523 746 perniciosis
1549 711 1593 737 ac
1615 711 1679 751 pe-

169 760 314 800 stiferis
337 760 574 814 dogmatibus
599 757 817 807 arcessitis,
852 758 1026 811 quicquid
1050 772 1300 812 unaquaeque
1328 760 1498 802 haeresis
1522 763 1679 804 horren-

169 828 254 867 dum
281 827 466 881 imprimis
492 833 530 866 et
557 824 752 865 exitiabile
778 839 822 864 ac
846 825 1107 864 detestandum
1135 826 1296 876 asserit,
1330 834 1439 882 turpe
1465 829 1615 882 inquam
1641 839 1679 870 et

168 895 352 934 absonum
377 892 693 944 absurditatisque
714 891 864 945 plenum
887 899 924 931 et
943 891 1117 932 odiosum
1140 906 1160 932 e
1181 892 1341 946 singulis
1364 894 1498 947 dogma
1524 898 1678 937 concin-

169 976 265 1001 nans
290 961 454 1000 omnium
479 961 516 998 in
540 972 583 998 se
608 959 749 998 formas
771 959 996 1012 speciesque
1020 960 1227 1000 transtulit.
1289 959 1390 1000 Nam
1414 960 1677 1003 Samaritano-

168 1042 250 1067 rum
272 1028 452 1081 impuram
477 1024 788 1079 superstitionem
810 1026 1020 1066 affectavit.
1081 1026 1118 1066 A
1146 1025 1295 1067 ludaeis
1319 1043 1432 1082 porro
1453 1044 1591 1069 nomen
1615 1046 1678 1070 ac-

169 1096 284 1149 cepit,
310 1095 354 1133 ab
376 1091 550 1140 Ossaeis,
576 1090 796 1132 Nazaraeis
820 1100 857 1132 et
880 1092 1095 1133 Nasaraeis
1119 1095 1309 1147 dogmata,
1339 1093 1675 1137 cerinthianorum

168 1162 301 1201 deinde
328 1161 507 1209 formam,
542 1156 931 1214 Carpocratiauorum
965 1160 1195 1215 nequitiam,
1231 1159 1539 1204 Christianorum
1573 1165 1678 1205 deni-

168 1242 238 1282 que
260 1226 547 1281 appellationem
574 1240 759 1281 usurpare
782 1229 992 1268 contendit.
1037 1227 1177 1281 Neque
1204 1230 1303 1269 enim
1325 1230 1370 1270 ab
1395 1230 1452 1270 his
1475 1233 1678 1285 postremis

165 1309 247 1335 cum
272 1294 424 1334 nomine
449 1295 546 1334 facta
568 1294 651 1348 ipsa
673 1294 830 1348 pariter,
863 1309 908 1335 ac
928 1303 1094 1335 mentem
1117 1296 1467 1351 cognitionemque,
1501 1306 1540 1338 et
1562 1313 1679 1340 evan-

164 1361 347 1415 geliorum
382 1368 496 1415 atque
530 1361 789 1415 apostolorum
825 1362 870 1402 de
900 1362 972 1402 fide
1001 1364 1298 1403 consensionem
1329 1366 1538 1418 expressit.
1601 1365 1678 1419 Qui

163 1443 245 1468 cum
277 1428 424 1469 medius
455 1428 526 1479 sit,
558 1436 599 1468 ut
625 1428 678 1468 ita
702 1428 844 1478 dicam,
877 1429 978 1469 inter
1003 1443 1158 1479 omnes,
1191 1431 1344 1484 proprie
1370 1432 1494 1473 nullus
1524 1441 1604 1484 est,
1638 1436 1676 1475 in

161 1508 284 1548 eoque
310 1495 406 1549 quod
435 1496 615 1550 scriptum
642 1503 701 1536 est
722 1496 918 1550 impletur,
951 1499 1066 1536 Paulo
1091 1501 1209 1536 minus
1230 1506 1397 1537 versatus
1416 1514 1495 1539 sum
1515 1505 1552 1540 ia
1577 1507 1677 1542 omni
1690 1514 1775 1544 Prov.
1787 1518 1812 1551 5,
1832 1520 1871 1546 μ.

161 1565 277 1609 malo,
313 1566 350 1602 in
372 1566 487 1602 medio
511 1566 708 1609 ecclesiae,
742 1571 781 1602 et
801 1578 1028 1615 synagogae.
1089 1562 1212 1619 Igitur
1235 1579 1318 1604 cum
1343 1579 1479 1607 revera
1505 1565 1676 1609 Samari-

160 1636 272 1670 tanus
304 1629 350 1669 ob
379 1630 638 1670 execrandam
666 1630 873 1684 nequitiam
896 1632 967 1680 sit,
1000 1632 1214 1672 istiusmodi
1239 1639 1364 1672 tamen
1386 1635 1676 1688 appellationem

161 1695 301 1746 reiicit,
324 1704 362 1736 et
384 1712 468 1737 cum
492 1711 535 1738 se
557 1698 655 1737 idem
680 1696 861 1738 Iudaeum
885 1699 998 1739 faciat
1017 1697 1170 1739 Iudaeis
1189 1700 1421 1753 refragatur,
1448 1717 1674 1757 quamquam

162 1778 245 1804 cum
270 1764 326 1804 his
353 1764 477 1818 aliqua
499 1779 550 1805 ex
570 1772 678 1819 parte
701 1767 913 1815 consentit,
945 1767 998 1806 uti
1021 1773 1178 1820 postea,
1212 1781 1294 1806 cum
1318 1767 1362 1807 ad
1396 1768 1477 1808 eius
1509 1771 1566 1810 rei
1588 1786 1675 1825 pro-

160 1831 369 1881 bationem,
399 1838 438 1872 et
458 1831 737 1872 haereticorum
758 1833 943 1874 eiusmodi
972 1833 1274 1874 confutationem
1296 1843 1518 1888 perventum
1543 1838 1670 1889 fuerit,

161 1899 232 1939 deo
263 1898 467 1939 adiuvante
498 1900 812 1940 monstrabimus.

275 1964 473 2021 Siquidem
501 1966 624 2007 Ebion
651 1968 723 2007 iste
750 1968 916 2021 priorum
940 1967 1090 2008 illorum
1123 1969 1293 2022 aequalis
1321 1971 1410 2020 fuit,
1444 1978 1483 2011 et
1512 1974 1672 2013 eandem
1698 1977 1834 2020 Cap.11.

160 2047 244 2074 cum
264 2033 357 2088 ipsis
379 2033 566 2087 originem
587 2034 748 2088 accepit.
793 2034 853 2075 Ac
875 2034 1033 2089 primum
1055 2049 1075 2075 e
1096 2036 1198 2076 virili
1222 2037 1424 2078 concubitu
1445 2052 1488 2078 ac
1507 2041 1669 2092 semine,

159 2108 247 2156 puta
271 2100 440 2156 losephi,
473 2109 601 2142 natum
630 2115 717 2142 esse
745 2100 939 2143 Christum
962 2103 1143 2153 asseruit,
1176 2110 1216 2143 ut
1240 2110 1329 2143 ante
1353 2105 1668 2158 significavimus,

159 2182 242 2208 cum
266 2168 316 2208 ita
338 2168 529 2219 diximus,
563 2169 660 2209 hunc
683 2169 823 2209 ceteris
846 2169 883 2208 in
906 2169 1022 2210 rebus
1045 2171 1177 2210 eadem
1203 2184 1286 2210 cum
1318 2171 1401 2211 aliis
1422 2174 1667 2225 sentientem,

157 2235 228 2275 hac
250 2249 322 2276 una
341 2249 382 2276 re
405 2235 624 2290 discrepare
651 2236 746 2290 quod
771 2234 995 2276 ludaeorum
1020 2237 1116 2277 ritus
1138 2251 1182 2277 ac
1206 2239 1444 2279 ceremonias
1468 2241 1668 2294 amplexus

158 2303 223 2354 sit,
255 2303 373 2343 veluti
395 2303 593 2344 sabbatum
615 2317 659 2343 ac
680 2303 1024 2354 circumcisionem,
1057 2304 1206 2358 aliaque
1228 2305 1264 2344 id
1287 2319 1409 2358 genus
1433 2306 1590 2360 perinde
1612 2316 1667 2348 at-

157 2384 230 2424 que
263 2384 284 2410 a
315 2368 468 2411 ludaeis
506 2384 550 2410 ac
584 2369 839 2410 Samaritanis
873 2370 1144 2412 observantur.
1204 2370 1425 2425 Quinetiam
1457 2373 1563 2427 plura
1593 2374 1667 2416 iste

156 2451 268 2491 quam
295 2435 426 2478 ludaei
453 2435 785 2478 Samaritanorum
816 2437 1027 2479 imitatione
1059 2439 1336 2494 complectitur.
1395 2438 1496 2481 Nam
1529 2448 1567 2481 et
1596 2443 1666 2482 hoc

157 2504 318 2555 adiecit,
356 2511 398 2545 ut
430 2505 475 2545 ab
511 2512 762 2545 externorum
791 2503 981 2546 hominum
1017 2513 1120 2546 tactu
1151 2519 1240 2548 sese
1274 2507 1510 2558 contineret,
1549 2517 1665 2562 utque

157 2570 290 2612 diebus
322 2571 484 2625 singulis
522 2572 671 2625 quoties
705 2571 901 2612 mulierem
934 2573 1146 2627 attigisset,
1185 2573 1231 2614 ab
1267 2574 1425 2628 eiusque
1463 2577 1665 2630 complexu

157 2645 355 2692 surgeret,
389 2653 485 2692 aqua
509 2652 596 2678 sese
623 2638 838 2693 prolueret,
871 2639 992 2680 sicubi
1016 2641 1098 2681 eius
1125 2648 1229 2681 esset
1253 2641 1382 2695 copia,
1417 2642 1586 2683 marinae
1606 2644 1663 2683 vi-

159 2704 295 2745 delicet
314 2713 379 2746 aut
399 2705 555 2745 alterius
578 2705 748 2758 generis.
811 2705 923 2760 Quod
945 2708 978 2747 si
1001 2708 1046 2748 ab
1070 2708 1134 2748 illa
1156 2708 1298 2748 lotione
1321 2721 1365 2748 ac
1386 2710 1579 2750 mersione
1600 2725 1661 2751 re-

158 2771 265 2812 diens
289 2772 326 2813 in
351 2773 563 2827 quempiam
587 2773 778 2823 incurrat,
812 2775 935 2814 denuo
960 2775 1006 2815 ad
1026 2775 1251 2815 abluendum
1273 2789 1376 2825 sese,
1408 2789 1523 2830 saepe
1549 2778 1659 2817 etiam

159 2850 241 2877 cum
264 2839 356 2894 ipsis
380 2840 621 2880 vestimentis
646 2840 875 2894 regreditur.
935 2841 1060 2883 Hodie
1089 2856 1183 2882 vero
1215 2841 1418 2896 virginitas
1447 2845 1546 2898 apud
1575 2845 1660 2884 illos

157 2950 262 3023 Ξενίῗίε
288 2949 327 3024 {n
351 2950 683 2984 demonstrationibus
715 2951 756 2983 de
788 2951 853 2984 hoc
877 2959 908 2984 et
933 2953 965 2985 in
997 2953 1096 2996 ipsius
1126 2953 1354 2986 confutatione
1383 2954 1445 2987 deo
1481 2956 1662 2998 opitulante

184 3002 220 3023 ec
234 3004 288 3025 ara
312 3005 403 3027 imus.

1312 3056 1398 3098 16*
