2034 3267
456 200 631 232 PANARH
658 200 756 233 ADV.
781 200 1004 232 HAERESES
1029 201 1110 231 LIB.
1129 201 1152 231 I.
1178 201 1283 233 TOM.
1304 201 1328 232 1.
1597 194 1646 232 75

135 278 349 321 summatim
370 278 630 332 perstringere
653 278 742 318 licet
761 293 878 333 pauca
901 279 1029 318 dicere
1051 278 1204 318 minime
1225 278 1485 332 gravabimur.
1519 277 1645 320 Mani-

133 347 230 386 feste
262 345 391 399 itaque
423 345 595 385 dominus
630 345 789 384 subinde
816 344 947 399 Moysi
987 346 1098 394 dicit,
1141 350 1277 385 Adduo
1309 349 1400 386 mihi
1423 350 1460 386 z'a
1487 356 1845 395 montemNum.11‚15.

134 416 248 452 LXX
261 415 424 451 seniores
438 443 447 459 ‚
483 420 519 451 et
537 416 712 464 accipiam
735 415 778 451 de
799 416 934 462 spiritu
960 421 1020 451 tuo
1032 443 1042 460 ,
1077 421 1112 451 et
1133 417 1170 452 in
1192 417 1276 453 illos
1296 416 1482 468 effundam
1494 446 1505 463 ,
1538 424 1648 468 atque

137 483 244 519 iidem
268 482 411 519 aua-ilio
435 481 503 518 tibi
519 487 640 518 erunt.
701 476 762 518 De
790 478 865 517 filio
888 492 981 518 vero
1011 479 1061 518 uti
1087 494 1433 532 cognosceremus,
1465 489 1574 536 pater
1594 484 1647 524 ita

136 547 326 601 loquitur:
370 550 563 586 Faciamus
583 549 758 584 hominem
787 547 838 583 ad
869 548 1062 596 imaginem
1097 554 1133 584 et
1162 551 1434 588 similitudinem
1463 558 1639 590 nostram.
1663 560 1738 589 Gen.
1757 561 1783 596 1,
1802 562 1843 590 26.

132 614 252 668 Atqui
273 629 352 654 vox
375 614 460 663 ista,
488 617 694 659 Faciamus,
718 625 793 650 non
818 625 933 650 unum
956 613 1141 652 duntaxat
1165 615 1369 667 significat.
1414 614 1524 666 Item,
1545 620 1648 657 Pluz‘t

131 684 297 720 dominus
317 685 353 719 ιἸι
367 683 557 719 Sodomam
578 687 615 718 et
625 680 861 717 Gomorrkam
883 682 1004 729 ignem
1027 687 1063 717 el
1083 682 1240 730 sulphur·
1259 695 1281 719 α
1302 685 1444 721 domino
1458 687 1502 723 (le
1523 689 1636 725 coelo.
1659 695 1734 723 Gen.
1747 696 1788 732 19,
1803 697 1843 724 24.

134 747 248 801 Quod
272 755 396 787 autem
421 748 465 786 ad
490 746 692 801 prophetas
716 743 866 794 attinet,
889 753 1085 798 postquam
1104 744 1356 787 Samaritanis
1380 749 1543 804 quinque
1557 752 1646 793 Mo-

133 815 186 855 sis
212 815 404 854 volumina
426 813 561 853 tradita
581 818 684 861 sunt,
705 811 905 865 scripturis
927 811 1084 866 reliquis
1107 827 1344 867 nequaquam
1366 818 1515 857 assensi
1539 828 1642 871 sunt,

133 882 198 922 sed
225 889 377 936 praeter
400 880 462 919 illa
484 877 648 932 quinque
672 885 827 918 caetera
854 885 1181 933 contempserunt.
1244 879 1355 933 Quod
1380 882 1411 921 si
1434 884 1517 936 quis
1547 886 1643 927 alios

133 948 308 999 obiiciat,
340 945 457 987 veluti
484 944 670 985 Davidem
697 953 761 985 aut
783 943 946 997 Isaiam‚
979 953 1017 985 et
1039 946 1232 1001 reliquos,
1267 956 1407 1002 negant
1429 963 1470 990 se
1494 964 1560 992 eos
1581 954 1645 993 ad-

132 1018 298 1065 mittere,
331 1019 442 1066 atque
464 1012 510 1051 iis
534 1025 632 1065 quae
655 1025 675 1051 a
698 1012 906 1053 maioribus
930 1013 1010 1054 suis
1031 1022 1262 1068 acceperunt
1283 1016 1532 1069 pertinaciter
1552 1018 1645 1059 insi-

131 1089 248 1123 stunt.
282 1080 476 1121 Hactenus
503 1085 636 1118 contra
655 1077 920 1120 Samaritanos
943 1094 964 1120 a
986 1081 1096 1121 nobis
1120 1081 1352 1136 disputatum
1375 1090 1449 1134 est,
1473 1085 1643 1140 adeoque

132 1149 280 1204 paucis,
313 1160 361 1186 ne
384 1146 535 1200 longius
559 1160 667 1200 quam
693 1147 857 1187 instituti
882 1147 980 1188 ratio
1007 1149 1079 1188 fert
1100 1162 1318 1189 sermonem
1344 1150 1615 1205 producamus.

494 1427 825 1477 CONTRA
881 1428 1274 1480 ESSENos.

259 1518 376 1579 Quae
414 1523 481 1565 est
513 1519 652 1581 prima
689 1519 1061 1567 Samaritanorum
1096 1526 1237 1581 secta,
1277 1524 1428 1570 ordine
1452 1525 1509 1572 X.

234 1617 412 1672 Quatuor
449 1619 604 1658 omnino
643 1618 680 1658 in
725 1626 850 1659 sectas
891 1617 1125 1660 Samaritani
1168 1621 1358 1663 distributi
1393 1632 1497 1666 sunt.
1560 1625 1636 1680 Qui
1679 1634 1806 1678 Cap.1.

122 1700 208 1726 cum
232 1687 364 1726 eadem
392 1699 522 1726 secum
556 1686 719 1726 invicem
746 1687 914 1727 sentiant
938 1687 984 1727 de
1009 1687 1322 1740 circumcisione,
1357 1691 1514 1733 sabbato
1536 1693 1641 1734 aliis-

122 1767 194 1807 que
223 1754 308 1806 lege
332 1753 601 1808 praescriptis,
637 1754 764 1808 paucis
787 1761 912 1794 tamen
944 1754 983 1794 in
1018 1755 1133 1795 rebus
1166 1756 1276 1796 trium
1301 1757 1474 1812 singulae
1505 1774 1527 1800 a
1549 1760 1639 1800 reli-

122 1821 204 1874 quis
231 1821 425 1861 differunt.
479 1819 581 1861 Nam
606 1819 816 1861 Dositheos
847 1821 950 1862 solos
988 1822 1156 1877 excipio.
1213 1821 1326 1876 Quod
1359 1825 1459 1866 enim
1492 1827 1537 1866 ad
1563 1826 1639 1868 Es-

122 1902 238 1929 senos
266 1895 437 1943 spectat,
481 1889 507 1928 ii
532 1889 631 1928 nulla
668 1902 709 1928 re
739 1889 1009 1943 praetermissa
1041 1890 1200 1944 primum
1232 1891 1447 1932 institutum
1468 1895 1638 1936 ret-inue-

120 1962 223 1995 runt.
285 1954 503 1996 Secundum
529 1956 598 1996 hos
627 1954 815 1996 Gortheni
840 1971 860 1997 a
882 1970 924 1996 se
949 1963 1079 1997 mutuo
1109 1958 1258 1999 levibus
1284 1960 1330 1999 de
1355 1962 1502 2002 caussis
1526 1976 1637 2017 sepa-

119 2024 191 2062 rati
216 2029 328 2073 sunt,
363 2037 447 2063 cum
475 2023 616 2078 exigua
640 2023 821 2077 quaedam
846 2025 1111 2065 controversia
1144 2025 1246 2066 inter
1269 2026 1372 2081 ipsos
1394 2028 1637 2071 intercessis-

119 2097 200 2140 set,
233 2090 305 2130 hoc
326 2097 381 2130 est
405 2091 508 2131 inter
533 2089 755 2140 Sebuaeos,
788 2084 1021 2132 Essenoset
1049 2091 1288 2134 Gorthenos.
1350 2093 1459 2148 Quae
1482 2106 1637 2138 contro-

118 2158 248 2198 versia
281 2157 352 2197 fuit
385 2157 586 2197 eiusmodi.
648 2155 744 2198 Cum
774 2158 840 2198 lex
864 2159 1030 2214 undique
1058 2158 1220 2201 ludaeos
1245 2160 1519 2217 Hierosolyma
1543 2173 1836 2212 con-Exod.23,1⁴.

117 2225 235 2265 fluere
264 2225 428 2274 iuberet,
460 2225 572 2278 idque
595 2224 714 2266 tribus
742 2226 831 2265 anni
851 2227 1100 2281 temporibus,
1134 2228 1312 2268 nimirum
1335 2229 1373 2269 in
1390 2230 1632 2285 Azymorum
1653 2218 1812 2294 Daeigtefgn.

118 2292 240 2343 festo,
272 2291 506 2333 Pentecoste
541 2307 585 2332 ac
612 2290 874 2347 Scenopegia,
921 2308 1081 2349 cumque
1112 2309 1180 2350 per
1212 2294 1393 2336 Iudaeam
1427 2311 1472 2338 ac
1498 2296 1635 2340 Sama·
1718 2285 1727 2301 '

116 2358 212 2399 riam
241 2358 369 2400 ludaei
393 2361 554 2415 sparsim
577 2359 807 2411 habitarent,
840 2361 1037 2402 accidebat
1059 2369 1100 2403 ut
1121 2363 1182 2416 qui
1205 2362 1515 2419 Hierosolymam
1539 2381 1632 2407 con-

160 2526 191 2560 6.
215 2538 253 2561 τε
276 2527 334 2561 καὶ
356 2530 422 2562 cod.
447 2531 518 2561 Ven.
942 2530 993 2563 12.
1017 2533 1065 2564 lta
1085 2534 1152 2564 cod.
1169 2533 1268 2564 Venet.
1305 2531 1484 2575 Γορὲηνῶν
1502 2537 1632 2575 vulgata

159 2572 190 2605 7.
214 2575 255 2604 Hi
288 2576 367 2606 enim
399 2577 529 2606 multum
555 2583 576 2605 a
605 2575 731 2615 reliquis
762 2576 850 2616 diffe·
893 2577 1046 2616 scriptura
1076 2581 1138 2617 est,
1169 2587 1261 2617 quam
1284 2580 1403 2617 passim
1428 2581 1492 2619 ipse
1515 2590 1632 2621 quoque

113 2620 196 2649 runt.
896 2621 1023 2653 Venetus
1045 2623 1119 2653 liber
1140 2624 1284 2662 sequitur.

157 2662 190 2694 ὅ.
216 2661 343 2705 ἔμειναν
367 2665 433 2695 cod.
458 2665 529 2695 Ven.
940 2665 991 2698 13.
1016 2664 1186 2699 ἐκέλευσεν
1210 2668 1275 2698 cod.
1303 2669 1403 2700 Venet.

157 2705 189 2741 9.
216 2710 314 2740 Verba
352 2708 396 2751 τῇ
439 2706 554 2751 πρώτῃ
589 2703 708 2751 οἷγωγῇ
745 2707 848 2751 μηδὲν
940 2707 990 2743 14.
1015 2713 1103 2743 Recte
1132 2713 1320 2744 cornarius:
1355 2712 1424 2743 Lex
1450 2713 1629 2757 praecipie-

115 2747 394 2796 ὑπερβαλλόμενοι
434 2755 467 2785 in
497 2754 564 2785 cod.
599 2754 706 2785 Veneto
735 2757 848 2786 omissa
892 2755 950 2788 bat
981 2755 1116 2788 Iudaeos
1146 2756 1352 2800 undiquaque
1382 2760 1571 2802 congregari
1594 2759 1628 2792 in

114 2800 192 2828 sunt.
891 2801 1122 2844 Hierosolyma
1142 2812 1260 2844 saepe,
1297 2809 1330 2833 et
1352 2804 1544 2844 praesertim
1564 2805 1627 2836 tri-

159 2841 209 2873 10.
235 2840 320 2884 μετὰ
349 2840 426 2880 τοὺς
448 2841 667 2884 Γοροὲηνούς.
713 2841 845 2885 Διεφώ-
891 2846 949 2878 bus
979 2846 1055 2878 anni
1087 2846 1289 2889 tempon'bus
1320 2850 1385 2880 cett.
1410 2850 1556 2881 Petavius
1578 2851 1628 2892 dg·-

113 2894 211 2924 νησαν
242 2889 308 2919 cod.
336 2889 433 2920 Venet.
480 2890 576 2920 Recte.
623 2889 717 2928 Vulgo
749 2887 845 2923 Μετὰ
890 2893 1013 2924 stinxit:
1046 2888 1273 2935 Ἱεροσόλυμα.
1308 2892 1465 2932 πολλάκις
1488 2892 1547 2936 μὲν
1570 2893 1625 2928 οὖν

113 2928 243 2968 τούτους
263 2931 427 2974 Γορξῖηνοὶ
447 2930 657 2975 &caedmon-2
682 2937 746 2965 cen.
889 2940 954 2968 cett.
999 2938 1177 2976 Perperam.

159 2974 207 3006 11.
234 2974 359 3017 ἐσηνῶν
383 2979 452 3009 cod.
475 2980 543 3010 Ven.
