2034 3267
480 175 655 207 PANARH
677 176 757 208 ΜΒ.
778 177 802 208 1.
828 176 933 210 ΤοΜ.
955 177 1010 209 111.
1034 176 1285 234 HAER3XL11.
1559 171 1640 210 649

123 253 344 294 translatum
368 254 547 309 itemque,
572 258 687 294 Novit
706 258 871 294 dominus
891 264 959 294 etc.
988 256 1057 296 hac.
1083 257 1310 296 auctoritate
1329 256 1634 311 comprobatum,

120 320 282 361 alienum
317 321 362 361 ab
398 336 443 362 co
479 323 631 363 minime
667 330 868 373 censetur,
911 323 972 376 qui
1006 323 1102 363 hauc
1133 338 1153 363 e
1186 324 1376 378 scriptura
1406 325 1635 364 sententiam

120 390 298 443 protulit,
333 391 505 445 apostolo
529 391 727 440 videlicet,
762 404 784 430 a
805 405 878 444 quo
898 391 968 430 ista
994 391 1152 430 collecta
1177 398 1279 431 suut.
1342 393 1470 445 Atque
1498 392 1568 431 hoc
1589 406 1638 431 ex

120 471 189 497 usu
212 457 382 497 Iocorum
405 459 498 498 satis
520 465 677 513 apparet
698 458 932 512 apostolicae
953 458 1149 498 doetrinae
1171 460 1329 498 sormam
1353 459 1444 499 nihil
1465 473 1485 498 a
1507 467 1639 500 vetere

120 531 349 565 testamento
382 526 591 576 dissidere,
626 525 733 565 cuius
766 525 826 565 ille
859 525 1116 565 testimonium
1147 526 1330 565 adhibuit.

230 591 362 633 Sehol.
385 592 418 633 V
441 602 476 633 et
496 592 595 633 XIII
602 625 611 634 .
651 596 795 632 Etenim
810 595 950 644 pasc-lea
967 601 1131 631 nostrum
1151 596 1357 632 immolatas
1375 602 1429 633 est
1449 598 1631 634 Christus.

230 660 361 701 Refut.
387 660 423 702 V
448 670 485 702 et
507 659 622 700 XIII.
671 658 767 700 Cum
800 667 837 701 et
867 661 1006 715 pascha
1034 661 1229 714 apostolus
1257 669 1461 714 agnoscat,
1505 670 1542 702 et
1569 663 1636 702 im-

118 727 296 768 molatum
324 726 519 769 Christum
552 743 627 768 non
660 735 796 782 neget,
844 742 918 768 nou
945 735 1004 767 est
1029 728 1320 768 abalienaudum
1349 742 1368 767 a
1394 727 1549 770 Christo
1575 745 1638 784 pa-

117 795 208 836 seha
240 797 301 850 qui
333 811 383 836 ex
410 796 600 851 paschatis
625 796 707 849 lege
734 810 865 835 verum
896 810 1034 848 agnum
1063 809 1139 835 uon
1164 796 1292 850 specie
1318 803 1426 836 tenus
1452 797 1634 847 immolat,

118 863 223 904 cuius
246 865 332 917 agni
360 865 516 904 formam
543 878 616 903 non
642 863 770 918 speeie
796 864 884 903 item
910 864 989 903 sola
1014 863 1229 903 immolatus
1255 860 1434 904 Christus
1461 879 1530 904 nec
1553 865 1636 905 sine

117 945 233 971 carne
262 946 396 986 passus
428 931 636 986 expressit.
701 929 775 984 Qui
807 930 907 970 enim
941 931 1098 970 mactari
1131 931 1287 986 spiritus
1319 933 1472 986 posset?
1533 931 1636 972 Saue

118 1000 197 1039 fieri
221 999 319 1039 istud
347 999 501 1039 omnino
524 999 677 1052 nequit,
722 999 786 1038 sed
815 1012 937 1053 neque
964 998 1046 1039 sine
1072 1012 1187 1039 carue
1214 1006 1338 1053 potest
1361 999 1495 1039 occidi.
1560 998 1637 1040 Oe-

117 1067 234 1107 cisum
261 1074 385 1106 autem
410 1080 496 1107 esse
524 1081 660 1106 revera
690 1067 785 1107 haud
813 1067 923 1107 dubia
949 1067 1109 1121 apostoli
1136 1067 1380 1106 confessione
1405 1067 1634 1108 declaratur.

119 1134 377 1189 Quamobrem
403 1135 619 1175 necessaria
645 1134 733 1174 ittud
759 1135 908 1175 ratione
934 1135 1145 1189 colligitur,
1182 1149 1255 1174 uon
1284 1134 1446 1175 alienam
1473 1150 1559 1176 esse
1584 1136 1636 1176 le-

114 1216 223 1257 gem,
258 1216 352 1256 quae
378 1203 610 1243 adumbratis
634 1203 746 1242 rebus
771 1216 814 1242 ae
837 1203 968 1256 figuris
992 1203 1130 1242 tamdiu
1156 1202 1371 1253 constabat,
1407 1204 1527 1243 donec
1552 1218 1636 1259 per-

117 1271 275 1321 fectior,
309 1271 483 1325 idemque
509 1272 734 1311 manifestus
759 1285 878 1324 agnus
902 1271 1150 1321 succederet,
1193 1271 1263 1311 hoc
1289 1279 1347 1311 est
1374 1269 1551 1312 Christus
1576 1287 1637 1313 re-

114 1338 194 1393 ipsa
226 1345 435 1389 mactatus,
479 1353 588 1393 quem
615 1339 749 1393 priscis
775 1339 1007 1393 temporibus
1034 1339 1243 1379 antecessit
1268 1339 1365 1378 aiter
1393 1339 1455 1379 ille
1479 1340 1540 1393 qui
1568 1340 1636 1380 im-

116 1406 330 1446 molabatur
350 1421 487 1461 agnus,
522 1407 660 1461 quique
682 1421 798 1447 seusu
825 1407 964 1462 percipi
990 1412 1160 1461 poterat:
1195 1409 1373 1446 Nostrum
1394 1422 1478 1446 vero
1497 1411 1637 1459 paseha

114 1477 320 1514 [mmolatus
353 1484 407 1514 est
443 1477 629 1515 Christus

228 1541 359 1583 Schot.
387 1542 417 1582 V
425 1542 439 1582 I
464 1551 500 1583 et
521 1541 637 1583 XIV.
684 1545 846 1581 Nescitis
870 1545 968 1595 quod
988 1546 1055 1595 qul
1074 1545 1252 1581 adhaeret
1276 1546 1481 1591 meretrici,
1526 1559 1635 1583 meum

116 1625 250 1663 eorpus
279 1620 345 1650 est⁴
410 1614 534 1651 Erunt
563 1614 676 1658 enlm,
712 1614 850 1663 inquit,
885 1614 956 1650 duo
987 1615 1023 1649 in
1054 1625 1200 1650 earnem
1232 1625 1352 1649 mmm.

227 1678 356 1719 Refut.
387 1678 438 1718 VI
473 1686 509 1719 et
533 1677 647 1718 XIV.
696 1677 782 1718 Nisi
819 1693 908 1719 vera
945 1679 1009 1719 Iex
1043 1679 1116 1728 sit,
1166 1686 1224 1719 est
1257 1679 1407 1719 tandem
1444 1680 1541 1733 quod
1574 1680 1635 1733 qui

114 1746 266 1787 veritati
287 1748 439 1787 student
460 1747 708 1787 auctoritates
731 1760 779 1786 ex
802 1747 862 1786 iIIa
889 1747 1141 1801 depromunt?
1164 1747 1375 1786 cuiusmodi
1398 1754 1553 1787 sanetus
1575 1747 1634 1787 dei

114 1815 310 1870 apostolus
341 1822 399 1855 est
422 1814 562 1855 Paulus
594 1816 655 1869 qui
687 1829 770 1854 cum
796 1815 880 1854 aliis
903 1814 1115 1855 innumeris
1141 1815 1211 1855 hoc
1237 1814 1347 1854 etiam
1375 1814 1632 1855 testimonium

114 1884 158 1923 ad
181 1883 380 1923 veritatem
406 1883 569 1937 bonique
593 1883 650 1922 dei
672 1883 994 1937 praedicationem
1017 1883 1218 1923 evidenter
1237 1883 1534 1923 asseverandam
1558 1897 1632 1923 uon

114 1951 299 2000 dubitavit
330 1951 495 1991 afferre?
940 1942 944 1945 ’

225 2017 355 2060 Senot.
381 2017 458 2059 VII
482 2026 519 2058 et
539 2017 632 2059 XV.
680 2017 854 2059 Mutatus
878 2026 936 2058 est
958 2019 1080 2058 Iocus.
1142 2017 1244 2058 Nam
1268 2032 1336 2072 pro
1361 2031 1406 2058 eo
1431 2019 1529 2071 quod
1554 2025 1628 2068 est,

114 2091 155 2126 1η
180 2089 279 2138 lege,
316 2086 491 2141 scripsit,
526 2090 567 2125 In
590 2089 732 2137 Moysis
756 2089 849 2138 lege.
914 2084 991 2126 Sed
1020 2093 1134 2127 antea
1160 2087 1336 2136 dixerat,
1387 2089 1547 2124 Tametsi
1570 2088 1630 2125 leae

113 2170 154 2194 ea
184 2170 256 2194 non
286 2157 394 2193 dieat.

225 2222 357 2263 Resut.
387 2221 459 2262 vll
486 2230 522 2262 et
546 2221 640 2262 XV.
690 2221 802 2262 Licet
832 2222 869 2262 in
893 2223 1060 2263 secunda
1087 2221 1278 2263 sententia
1305 2222 1464 2261 formam
1488 2221 1631 2261 oratio-

114 2290 172 2331 nis
193 2291 476 2340 immutaveris,
510 2288 675 2341 Marcio,
710 2297 821 2345 atque
841 2305 893 2331 ex
914 2305 959 2331 eo
982 2291 1103 2345 quod,
1136 2294 1180 2330 Ile
1199 2293 1280 2341 leg-e
1302 2292 1444 2340 Moysis
1466 2289 1632 2344 scripse-

114 2359 182 2409 ris,
218 2359 286 2399 hac
312 2372 421 2408 voce,
454 2361 609 2409 Moysis,
645 2358 807 2399 alienum
831 2373 850 2399 a
873 2359 955 2412 lege
979 2360 1088 2399 deum
1114 2358 1262 2398 ostendi
1285 2357 1479 2412 putaveris
1500 2372 1629 2412 posse,

115 2435 240 2468 tamen
277 2426 454 2481 superior
483 2426 545 2466 itta
584 2427 802 2467 coniunctio
841 2427 1036 2467 vesaniam
1079 2434 1177 2467 tuam
1210 2426 1427 2479 redarguit,
1477 2429 1638 2465 Tametsi

114 2498 175 2535 lex
194 2499 264 2535 ista
283 2510 354 2534 non
373 2497 484 2533 dic-at.
552 2493 565 2534 I
573 2509 593 2534 n
618 2495 701 2548 Iege
722 2496 858 2550 qnippe
879 2495 1060 2550 seriptum
1084 2502 1163 2535 est:
1196 2496 1280 2533 Non
1300 2495 1474 2544 alligabis
1493 2509 1532 2533 os
1551 2496 1634 2533 bom·

115 2567 319 2603 trituranti.
385 2561 566 2603 Ceterum
595 2563 692 2616 quod
719 2570 756 2602 tu
781 2563 902 2617 legem
930 2562 1082 2618 Moysis
1109 2562 1280 2602 scribere
1306 2561 1495 2611 maluisti,
1540 2562 1630 2602 nihil

114 2631 224 2672 nobis
248 2631 401 2671 omnino
426 2631 610 2681 nocuisti,
644 2631 710 2670 sed
738 2631 911 2685 profuisti
934 2633 1081 2686 potius,
1116 2645 1158 2670 ac
1183 2629 1410 2670 luculentius
1437 2636 1568 2670 contra
1595 2637 1631 2670 te

164 2754 213 2788 13.
239 2757 343 2795 Supra
364 2750 525 2788 ’Έσονται
548 2753 629 2797 γὰρ,
663 2754 785 2798 φησὶν,
821 2756 850 2789 οἱ
943 2757 990 2788 15.
1014 2757 1097 2787 Editi
1120 2756 1188 2786 libri
1211 2753 1256 2787 Et
1281 2753 1347 2786 καὶ.

115 2797 174 2833 δύο
197 2804 260 2832 cett.
939 2800 987 2833 16.
1010 2803 1057 2833 Ita
1077 2802 1142 2832 cod.
1163 2802 1258 2830 Varie.
1282 2803 1308 2830 et
1329 2801 1374 2830 ed.
1392 2801 1498 2831 Petav.
1532 2802 1566 2832 In
1583 2803 1628 2832 ed.

162 2844 211 2877 1²⁴.
235 2848 327 2878 Aliter
344 2856 461 2886 supra:
484 2843 573 2879 Ἀντὶ
598 2843 660 2888 γὰρ
683 2845 753 2887 τοῦ,
778 2845 847 2879 Καὶ
889 2848 986 2887 princ.
1010 2848 1117 2886 leyitur
1139 2844 1312 2882 Μωῦσέος.
1359 2847 1403 2876 lta
1426 2846 1516 2885 vulgo
1538 2847 1627 2877 etiam

117 2887 134 2922 ὁ
155 2888 254 2932 νόμος
277 2892 382 2924 ταῦτα
404 2887 440 2924 οὗ
460 2891 565 2933 λέγει,
604 2889 689 2933 φησὶ
714 2889 846 2930 ἐκεῖνος,
892 2894 925 2924 in
947 2901 1026 2932 seqq.

115 2934 161 2967 Et
182 2935 238 2968 καὶ
260 2933 278 2969 ὁ
298 2936 397 2979 νόμος
418 2936 592 2974 Μωῦσέως
612 2936 715 2969 ταῦτα
739 2934 775 2970 οὗ
797 2935 848 2970 λέ-
941 2937 989 2970 17.
1014 2938 1096 2984 Ερῐιί
1120 2933 1164 2968 Εἰ
1187 2934 1252 2968 καὶ.

114 2990 174 3021 γει.

1658 610 1680 636 1.
1692 608 1758 635 Cor.
1772 609 1798 641 5,
1814 608 1840 633 7.

1656 1558 1728 1594 Cap.
1740 1560 1766 1591 6,
1779 1560 1819 1586 16.

1654 2034 1726 2068 Cap.
1746 2036 1771 2067 9,
1792 2037 1809 2062 Β

1686 2072 1715 2096 et
1734 2070 1759 2095 9.

1653 2506 1735 2533 Deut.
1747 2506 1790 2539 25,
1808 2506 1831 2533 4.
