2034 3267
446 210 624 243 PANARII
648 211 731 244 LIB.
751 212 775 243 Ι.
800 211 905 244 ToM.
920 212 976 243 111.
1000 211 1131 243 HAER.
1149 210 1313 243 XXXIV.
1560 203 1640 241 445

118 297 206 331 tuor
231 296 383 331 vestras
410 289 543 330 literas
571 290 667 330 scito
692 290 953 331 derivationes
978 304 1064 331 esse
1091 291 1270 345 quasdam
1297 304 1341 330 ac
1368 290 1480 330 trium
1508 289 1643 343 imagi-

118 371 186 398 nes
211 356 428 408 Virtutum,
463 371 560 411 quae
588 365 706 398 totum
731 358 971 412 superiorum
997 358 1273 398 elementorum
1297 372 1496 398 numerum
1523 357 1645 397 conti-

118 432 224 466 nent.
284 423 414 465 Mutas
441 426 540 465 enim
567 425 698 466 literas
725 440 864 466 novem
890 427 935 465 ad
961 424 1114 466 Patrem
1141 440 1184 465 ac
1209 425 1422 466 Veritatem
1451 424 1643 480 pertinere

118 506 170 533 ex
197 506 243 533 eo
267 499 400 547 putare
425 493 541 533 debes
570 494 668 547 quod
692 502 820 533 mutae
843 500 953 543 sunt,
999 493 1068 533 boc
1094 501 1152 533 est
1178 493 1304 533 efferri
1330 492 1643 547 pronuntiarique.

117 567 324 614 nequeant.
389 559 654 602 Semivocales
683 569 770 601 octo
804 559 934 601 Verbo
967 559 1156 613 Vitaeque
1186 561 1408 601 tribuendae
1438 568 1550 611 sunt,
1598 574 1644 600 eo

118 628 215 682 quod
243 628 356 668 medii
385 628 580 669 cuiusdam
605 628 760 683 generis
785 634 873 668 sunt
899 634 1022 668 mutas
1050 627 1151 667 inter
1178 642 1221 668 ac
1246 628 1424 678 vocales,
1471 636 1584 682 atque
1607 635 1645 668 et

117 695 358 750 superiorum
383 697 648 751 profluentiam
672 703 709 735 et
728 696 952 735 inferiorum
978 694 1237 735 habitudinem
1261 696 1304 734 ad
1327 709 1414 735 sese
1437 696 1641 750 recipiunt.

118 762 288 804 Vocales
312 765 448 804 deinde
471 772 616 819 septem
641 762 767 803 Homo
791 770 903 816 atque
924 759 1102 803 Ecclesia
1123 763 1194 802 sibi
1216 763 1428 813 vindicant,
1464 764 1641 817 quoniam

116 846 197 872 vox
225 832 270 872 ab
296 831 461 872 Homine
486 831 666 886 prodiens
689 831 871 871 universa
893 830 1019 870 finxit.
1082 828 1203 871 Vocis
1229 831 1328 871 enim
1355 845 1474 871 sonus
1500 838 1643 871 certam

118 899 175 939 eis
201 900 362 940 formam
386 899 572 939 attribuit.
635 897 758 952 Igitur
782 905 869 938 octo
895 896 1028 937 Verbo
1054 912 1097 938 ac
1120 897 1235 938 Vitae
1261 898 1519 949 conveniunt,
1563 897 1643 938 Ho-

119 967 211 1007 mini
235 974 350 1021 atque
372 965 576 1007 Ecclesiae
597 973 761 1021 septem,
794 964 901 1007 Patri
924 980 967 1006 ac
988 964 1154 1006 Veritati
1181 980 1334 1006 novem.
1383 964 1495 1019 Quod
1518 972 1642 1006 autem

116 1035 215 1075 ratio
240 1049 315 1075 non
336 1035 430 1075 satis
452 1040 664 1085 constaret,
698 1034 730 1074 is
755 1034 816 1088 qui
842 1034 879 1074 in
902 1032 1020 1074 Patre
1044 1034 1235 1074 stabilitus
1258 1041 1342 1075 erat
1364 1035 1542 1089 delapsus
1567 1041 1640 1083 est,

117 1103 163 1142 ad
195 1116 356 1156 eumque
387 1116 408 1142 a
439 1117 513 1156 quo
545 1102 742 1142 seiunctus
774 1103 898 1142 fuerat
928 1115 1060 1142 eorum
1092 1116 1189 1156 quae
1221 1103 1321 1142 facta
1349 1109 1481 1142 essent
1502 1101 1646 1142 consti-

117 1171 344 1210 tuendorum
371 1170 494 1223 gratia
524 1169 727 1220 dimissus,
772 1177 812 1210 ut
839 1168 1100 1210 Pleromatum
1129 1170 1254 1210 unitas
1282 1170 1552 1224 aequalitatem
1580 1169 1646 1210 ba—

116 1238 211 1279 bens
233 1251 346 1279 unam
367 1238 405 1277 in
427 1237 602 1278 omnibus
623 1238 804 1278 virtutem
825 1244 938 1291 atque
963 1251 1013 1278 ex
1035 1238 1209 1278 omnibus
1232 1238 1334 1279 velut
1356 1240 1518 1278 fructum
1537 1238 1646 1278 emit-

118 1313 238 1358 teret,
272 1313 348 1346 tum
374 1306 524 1346 demum
552 1306 613 1360 qui
638 1313 819 1360 septenas
845 1305 1008 1346 babebat
1032 1313 1257 1346 octonarum
1280 1306 1356 1346 vim
1383 1306 1569 1356 obtinuit,
1601 1319 1645 1345 ac

117 1375 200 1415 loca
226 1374 307 1429 ipsa
330 1373 404 1414 tria
426 1387 672 1414 numerorum
697 1381 785 1414 sunt
812 1376 910 1414 facta
932 1374 1085 1424 similia,
1120 1374 1191 1414 hoc
1214 1381 1273 1414 est
1294 1372 1517 1428 Ogdoades,
1551 1387 1646 1427 quae

117 1442 267 1497 quidem
300 1441 383 1482 loca
417 1456 500 1481 cum
529 1441 566 1481 in
596 1455 683 1482 sese
710 1442 784 1482 tria
810 1442 1120 1493 concurrissent,
1165 1456 1363 1482 numerum
1390 1441 1528 1495 viginti
1556 1456 1646 1495 qua-

118 1517 205 1551 tuor
235 1509 461 1550 effecerunt.
523 1508 602 1550 Sed
634 1510 822 1550 elementa
852 1510 924 1551 tria
951 1512 1067 1564 (quae
1094 1509 1251 1550 totidem
1277 1510 1484 1550 virtutibus
1512 1509 1644 1549 eoniu-

117 1585 206 1632 gata
225 1591 313 1618 esse
335 1577 447 1627 dicit,
481 1591 578 1631 quae
602 1585 691 1617 sunt
713 1592 873 1618 numero
895 1592 981 1628 sex,
1016 1592 1036 1618 a
1060 1578 1197 1631 quibus
1219 1577 1355 1631 viginti
1379 1585 1544 1631 quatuor
1568 1578 1645 1617 ele-

115 1652 242 1686 menta
264 1644 552 1700 profluxerunt)
574 1646 844 1699 quadrifariam
865 1645 1145 1701 inexplicabilis
1173 1645 1356 1686 Tetradis
1377 1646 1528 1686 ratione
1550 1645 1645 1684 mul-

117 1713 312 1768 tiplicata,
355 1713 594 1767 eundemque
627 1728 710 1754 cum
741 1714 834 1768 ipsis
860 1728 1059 1754 numerum
1085 1713 1273 1765 efficiunt,
1318 1728 1414 1768 quae
1441 1712 1524 1753 eius
1547 1713 1645 1767 quod

116 1781 307 1822 nominari
329 1782 460 1835 nequit
483 1780 637 1836 propria
662 1795 749 1822 esse
773 1781 884 1822 dixit.
948 1780 1004 1821 Ea
1027 1796 1142 1837 porro
1168 1796 1188 1822 a
1215 1782 1336 1822 tribus
1358 1781 1504 1837 portari
1525 1781 1645 1821 virtu-

116 1850 239 1900 tibus,
283 1850 328 1889 ad
360 1849 646 1904 inaspectabilis
678 1850 900 1904 exemplam
947 1864 1106 1904 quorum
1139 1850 1416 1890 elementorum
1458 1849 1644 1903 imagines

117 1918 288 1973 duplices
312 1930 400 1958 esse
423 1917 556 1957 literas
580 1925 756 1968 nostras,
792 1931 889 1971 quae
914 1924 1076 1972 quatuor
1099 1925 1137 1959 et
1158 1918 1293 1973 viginti
1313 1918 1436 1959 literis
1460 1932 1645 1959 annume-

116 1993 226 2027 ratae
259 2000 346 2026 eum
378 1999 577 2026 numerum
611 1986 797 2035 conflant,
832 1986 893 2039 qui
926 1978 1082 2041 triginta
1114 1986 1362 2042 proportione
1393 1987 1615 2042 respondet.

230 2052 352 2095 Cuius
379 2054 542 2094 rationis
567 2053 984 2108 administrationisque
1013 2056 1176 2095 fructum
1205 2054 1453 2096 similitudine
1482 2055 1642 2109 quadam
1670 2062 1833 2105 Cap.V11.

117 2121 296 2163 extitisse
323 2130 456 2163 censet
480 2122 585 2162 illum
613 2123 673 2175 qui
704 2128 789 2176 post
814 2122 894 2162 dies
920 2136 992 2162 sex
1016 2122 1055 2162 in
1081 2130 1248 2163 montem
1273 2131 1431 2177 quartus
1454 2123 1642 2172 ascendit,
1659 2133 1847 2169 Matth.17‚1.

119 2197 156 2230 et
181 2198 317 2231 sextus
349 2197 408 2230 est
433 2191 579 2240 factus,
624 2189 685 2243 qui
710 2190 928 2242 descendit,
973 2198 1011 2230 et
1040 2190 1078 2230 in
1105 2191 1340 2231 hebdomade
1364 2192 1541 2231 detentus
1568 2198 1642 2241 est,

118 2258 179 2312 qui
210 2258 310 2298 idem
342 2257 501 2298 illustris
531 2257 750 2298 octonarius
781 2264 862 2309 est,
911 2266 948 2299 et
979 2273 1129 2299 omnem
1160 2259 1197 2299 in
1226 2272 1314 2300 sese
1341 2273 1539 2299 numerum
1567 2259 1644 2298 elc-

118 2333 332 2366 mentorum
357 2326 644 2381 complectitur,
687 2339 823 2379 quem,
867 2339 951 2366 cum
977 2326 1152 2382 baptismi
1178 2341 1314 2367 caussa
1341 2327 1537 2377 venisset,
1580 2340 1645 2366 co-

118 2393 268 2434 lumbae
296 2394 464 2449 allapsus
497 2393 686 2443 ostendit,
731 2407 826 2447 quae
857 2401 917 2435 est
945 2395 986 2433 ,Ω
1017 2402 1055 2435 et
1078 2401 1127 2433 A.
1187 2393 1385 2435 Numerus
1413 2394 1512 2434 enim
1541 2394 1642 2434 illius
1659 2400 1846 2438 Matth-3‚16.

119 2468 179 2502 est
203 2458 387 2503 DCCCL
450 2460 560 2514 Quae
586 2474 720 2502 caussa
751 2462 821 2513 sit,
865 2476 934 2502 cur
958 2461 1122 2518 Moyses
1148 2470 1263 2503 sexto
1295 2463 1354 2503 die
1381 2469 1550 2502 creatum
1576 2462 1644 2502 ho-

119 2565 146 2595 si
167 2565 290 2604 quidem
312 2570 364 2595 ter
388 2566 486 2595 vertit.
904 2575 1002 2605 yenes.

166 2610 215 2641 19.
241 2611 287 2641 lta
320 2610 535 2649 corrigendum
563 2612 627 2640 erat
657 2618 694 2640 ex
723 2610 859 2641 Pseudo·
949 2610 979 2642 ἱ).
999 2609 1180 2653 πεφηνέναι
1192 2611 1280 2642 codd.
1294 2611 1364 2641 Ven.
1379 2613 1405 2640 et
1418 2611 1532 2648 Paris„
1551 2611 1645 2641 Pseu-

122 2654 249 2694 Oriqene
268 2658 295 2685 et
318 2656 377 2686 Vet.
395 2656 575 2693 Interprete,
598 2656 650 2693 qui
669 2656 757 2685 vertit
779 2665 860 2697 quae
903 2656 1106 2696 do-Oriyenes
1124 2660 1150 2687 et
1171 2657 1362 2687 1‘'et.lrenaei
1382 2656 1540 2694 Interpres.
1574 2656 1645 2686 Vul-

121 2697 208 2730 dieit.
255 2701 340 2730 Libri
365 2700 474 2730 habent
497 2696 644 2740 ἀφίησιν.
903 2710 941 2740 90
964 2700 1156 2742 πεφυκέναι.

163 2744 215 2776 20.
240 2741 386 2783 εἰκόνων,
405 2745 487 2784 quod
506 2754 574 2775 cum
592 2745 859 2784 Pseudo-Origene
948 2745 981 2778 3.
1002 2742 1134 2788 ἡμέρας
1155 2744 1192 2784 ἓξ
1215 2746 1282 2776 cod.
1307 2747 1376 2776 Ven.

122 2791 149 2819 et
167 2791 397 2830 Vet.1nterprete
415 2799 515 2820 omnes
531 2791 600 2820 libri
620 2793 750 2828 tuentur,
769 2791 859 2821 Peta-
947 2793 978 2822 4.
1003 2789 1194 2835 καταβάντα
1213 2790 1270 2822 καὶ
1289 2788 1497 2832 κρατηὲέντα
1511 2791 1644 2822 Pseudo-

121 2835 189 2865 vius
202 2836 321 2866 uncinis
337 2836 463 2866 notavit.
494 2835 667 2866 Vindicavit
680 2836 859 2866 Massuetus.
907 2837 1051 2876 Oriyenes
1075 2840 1101 2867 ct
1127 2838 1187 2867 Vec.
1206 2837 1364 2875 Interpres.

166 2879 217 2911 21.
239 2876 276 2918 ἓξ
300 2879 398 2914 διπλᾶ
420 2880 508 2910 habet
528 2881 647 2911 Pseudo
660 2897 671 2902 -
685 2881 837 2919 Origenes.
950 2883 980 2913 5.
1005 2877 1040 2914 ὃν
1065 2882 1164 2912 adieci
1185 2890 1223 2911 ex
1245 2881 1305 2912 Vec.
1324 2881 1486 2920 Interprete
1505 2884 1532 2912 et
1550 2883 1645 2913 Pseu-

166 2922 218 2954 22.
241 2925 282 2967 τῇ
316 2926 438 2964 reposui
466 2934 503 2956 ex
526 2926 810 2964 Pseudo-Oriyene
834 2928 861 2956 et
906 2927 968 2956 do·
982 2928 1119 2966 Oriyene.

126 2969 185 2999 Vel.
198 2969 369 3009 Interprete.
402 2971 569 3009 Epiphania*
584 2971 653 3001 libri
665 2970 774 3000 habent
786 2969 861 3002 τῶν.
949 2969 980 3003 6.
1014 2968 1056 3004 δι’
1091 2966 1233 3012 dathum]
1269 2969 1470 3012 δηλουμένων
1507 2967 1643 3005 ὀκτακο-

170 3011 245 3044 CAP.
260 3015 330 3046 VII.
347 3033 390 3038 —
410 3016 438 3047 1.
457 3011 632 3056 ἀναλογίας
651 3015 860 3047 Pseudo-Ori·
907 3014 987 3050 σίων
1011 3014 1084 3054 ἐνὸς
1107 3016 1226 3048 Pseudo
1239 3032 1251 3039 ·
1264 3017 1415 3056 Oriyenes.
