2034 3267
494 183 669 215 PANARn
695 183 775 216 Lm.
793 185 816 215 1.
844 183 949 215 ToM.
974 184 1009 215 n.
1036 183 1162 215 HAER.
1181 183 1312 215 xxxi.
1582 175 1660 215 363

143 263 208 304 illo
240 262 349 303 exitu
380 262 605 303 declararet.
675 261 827 304 Deinde
859 263 1048 317 virginem
1079 263 1181 303 illam
1214 263 1509 318 archisynagogi
1544 262 1658 302 filiam
1676 273 1839 306 Luat-3241.

143 330 340 372 duodecim
365 344 486 370 annos
514 339 660 382 natam,
705 345 815 385 quam
842 331 1017 371 dominus
1039 331 1227 371 accedens
1250 345 1270 370 a
1298 338 1419 371 morte
1442 330 1657 379 revocavit,

144 398 393 439 Achamotliis
415 397 618 452 imaginem
641 400 804 448 referre,
838 413 948 452 quam
970 398 1185 439 extendens
1204 412 1291 439 sese
1310 399 1460 439 illorum
1484 396 1662 439 Christus

144 466 305 517 effinxit,
338 473 377 506 et
401 466 568 517 luminis,
602 468 699 520 quod
724 481 804 507 eam
830 465 1072 514 destituerat,
1105 479 1260 505 sensum
1286 467 1434 506 indidit.
1496 465 1548 506 Et
1569 480 1663 520 quo-

146 533 246 573 niam
271 533 357 574 huic
378 535 498 575 adbuc
523 541 633 575 extra
652 533 830 574 Pleroma
853 533 1022 588 positae,
1056 533 1160 573 velut
1181 533 1356 573 abortivo
1378 534 1544 585 cuidam,
1576 533 1663 575 Sal-

144 608 256 641 vator
280 603 475 656 apparuit,
520 600 679 642 Paulum
703 608 835 656 putant
861 601 906 641 ad
931 599 1155 641 Corinthios
1177 600 1407 641 scribentem
1435 603 1528 642 haec
1551 616 1662 642 usur-

145 683 280 723 passe:
312 672 518 709 Nemesim
537 678 655 709 autem
677 672 832 708 omnium
858 671 956 707 velat
975 670 1140 707 abortivo
1160 672 1258 707 visus
1283 677 1341 707 est
1359 677 1394 708 et
1418 673 1518 709 milti.
1582 668 1659 710 Sed
1679 678 1778 705 tCor.
1791 676 1866 711 123,ss-

146 744 184 777 et
207 737 338 777 eadem
365 738 403 777 in
427 737 587 792 epistola
614 735 828 778 Salvatoris
854 750 936 776 cum
960 736 1183 790 aequalibus
1210 736 1289 776 suis
1316 737 1361 775 ad
1387 737 1663 777 Achamothem

148 818 346 845 accessum
369 805 621 859 significasse,
655 818 738 844 cum
763 804 881 853 dixit,
916 807 1068 856 Oportet
1087 806 1273 843 mulierem
1297 807 1414 843 velato
1434 820 1512 844 esse
1532 809 1663 857 eapite,
1688 814 1796 874 11-quss-

141 881 296 925 propter
314 875 478 924 angelos·
535 871 707 912 Eandem
728 871 828 911 illam
853 871 1131 911 Achamothem
1153 872 1198 911 ad
1221 872 1425 912 adventum
1448 871 1665 913 Salvatoris
1730 869 1738 880 ’
1792 866 1797 871 ’

148 941 290 995 pudore
316 941 486 981 affectam
511 940 597 980 velo
620 946 731 992 caput
755 939 987 990 obduxisse,
1029 939 1262 980 declaratum
1287 955 1307 981 a
1330 939 1467 991 Mose,
1502 955 1584 980 cuni
1612 941 1664 980 fa-
1680 949 1865 979 Exodzims,

149 1009 244 1048 ciem
275 1008 488 1062 obtegeret.
547 1006 648 1047 Nam
680 1007 764 1048 illas
796 1022 888 1062 quas
919 1014 979 1047 est
1003 1021 1184 1062 perpessa
1211 1008 1449 1049 calamitates
1474 1008 1665 1062 animique

148 1076 421 1116 commotiones
453 1075 646 1116 dominum
676 1077 801 1115 ferunt
836 1075 874 1115 in
909 1089 1024 1115 cruce
1056 1076 1359 1117 demonstrasse.
1433 1075 1551 1116 Velut
1581 1090 1665 1116 cum

148 1144 264 1195 dixit,
306 1147 405 1183 Deus
429 1158 528 1182 meus
550 1159 665 1196 quare
685 1146 918 1196 dereliquisti
935 1148 1018 1183 me?
1059 1144 1275 1184 ostendisse
1300 1143 1537 1199 Sapientiam
1563 1158 1584 1184 a
1609 1144 1664 1183 lu·
1683 1148 1793 1211 {Jatffi

149 1213 247 1252 mine
272 1212 514 1262 destitutam,
548 1218 586 1252 et
610 1212 655 1251 ab
682 1211 789 1252 Horo
815 1226 862 1252 ne
885 1212 983 1252 ultra
1007 1219 1186 1266 pergeret
1212 1211 1462 1266 prohibitam:
1496 1212 1666 1252 eiusdem
1719 1205 1726 1218 ’
1781 1204 1786 1209 ¹

150 1293 243 1319 vero
275 1280 467 1329 dolorem,
513 1294 596 1320 cum
629 1280 748 1330 dixit,
796 1283 928 1319 Tristis
953 1288 1009 1319 est
1031 1283 1153 1319 anima
1179 1295 1257 1319 mea
1283 1295 1397 1332 usqne
1420 1283 1470 1319 ad
1493 1288 1665 1319 mortem.-
1687 1285 1800 1348 {ssmffl

150 1348 338 1398 timorem,
369 1362 453 1388 cum
474 1347 526 1387 ita
547 1355 693 1403 patrem
712 1348 899 1388 allocutus
918 1355 1000 1388 est:
1032 1351 1144 1387 Pater
1160 1350 1383 1400 st'possibz'le
1401 1357 1468 1395 est,
1504 1356 1671 1388 transeat
1729 1343 1736 1357 ’

146 1430 169 1455 a
190 1430 245 1454 me
265 1418 367 1454 ealelz·
386 1419 476 1454 isle.-
510 1416 562 1455 ita
586 1416 735 1456 consilii
758 1416 923 1471 inopiam
945 1416 1003 1456 his
1026 1416 1177 1456 verbis:
1212 1419 1263 1455 Et
1281 1419 1370 1469 quid
1389 1420 1507 1455 dicam
1528 1419 1664 1455 neseio.
1689 1425 1790 1486 {32:132}-

148 1481 259 1536 Quod
288 1484 332 1523 ad
364 1483 436 1523 tria
463 1491 612 1538 spectat
643 1484 836 1524 hominum
867 1498 1034 1538 genera,
1082 1484 1137 1524 sic
1163 1484 1266 1524 illum
1294 1484 1483 1525 indicasse
1509 1494 1668 1524 conten-
1723 1480 1730 1493 '
1785 1478 1791 1483 ¹

146 1551 259 1591 dunt:
301 1551 485 1591 materiae
511 1552 659 1606 quidem
685 1553 861 1602 affixum,
905 1566 989 1592 cum
1012 1553 1289 1606 interroganti,
1329 1555 1428 1592 Num
1452 1561 1486 1591 te
1506 1557 1670 1605 sequar?
1688 1559 1852 1594 Luc.9‚57.

147 1619 368 1673 respondit,
415 1622 500 1659 Non
539 1622 650 1659 habet
667 1623 780 1672 filius
813 1623 968 1659 hominis
1007 1622 1073 1659 ube‘
1101 1629 1214 1672 eaput
1243 1623 1420 1660 reclinet.-
1465 1620 1667 1660 animalem

149 1693 273 1727 autem
288 1718 298 1736 ‚
332 1702 415 1728 cum
441 1689 476 1728 ei
500 1688 561 1742 qui
583 1689 758 1737 dixerat,
791 1691 936 1740 Sequar
958 1696 1011 1736 te,
1045 1692 1111 1728 secl
1122 1693 1295 1741 permitte
1314 1691 1405 1728 milei
1417 1692 1527 1740 prius
1551 1696 1594 1727 ut
1611 1703 1670 1727 re-

148 1758 313 1794 mmoz'em
337 1759 384 1795 iis
403 1771 495 1808 quae
517 1760 554 1795 in
577 1759 680 1795 domo
704 1770 782 1795 mea
802 1764 902 1803 sunt,
931 1756 982 1796 ita
1001 1756 1152 1797 locutus
1176 1763 1256 1797 est:
1289 1759 1404 1796 Nemo
1427 1760 1574 1796 mittens
1594 1770 1669 1795 ma-
1689 1765 1798 1807 §tatta-

148 1839 233 1863 mcm
254 1827 304 1863 ad
319 1832 486 1863 aratrum
499 1855 508 1871 ‚
544 1833 581 1863 et
599 1828 780 1876 aspiciens
800 1832 923 1872 retro,
957 1833 1066 1876 aptus
1088 1833 1146 1864 est
1164 1840 1280 1877 regno
1302 1829 1373 1865 dei.
1435 1824 1550 1865 Hune
1571 1824 1672 1865 enim
1693 1802 1734 1837 ω’
1756 1801 1793 1827 ω’

150 1892 295 1932 mediae
315 1892 545 1932 conditionis
569 1906 654 1932 esse
675 1892 818 1932 dicunt.
882 1890 1069 1933 Similiter
1088 1907 1173 1933 eum
1198 1893 1260 1947 qui
1282 1907 1324 1934 se
1343 1894 1545 1949 plerasque
1565 1893 1673 1933 iusti-

151 1959 225 1999 tiae
251 1967 380 2014 partes
404 1960 584 2014 implesse
610 1960 784 2009 dixerat,
818 1961 883 2000 sed
911 1961 1019 2014 sequi
1045 1961 1244 2012 noluerat,
1278 1969 1315 2001 et
1339 1976 1412 2016 quo
1441 1961 1564 2001 minus
1587 1975 1672 2015 per-

150 2029 270 2068 fectus
294 2041 380 2068 esse
403 2028 541 2078 vellet,
575 2027 791 2069 divitiarum
815 2027 1020 2083 cupiditate
1042 2029 1168 2069 fuerat:
1187 2029 1395 2080 int'ractus,
1430 2029 1529 2070 hune
1551 2030 1672 2084 ipsum

150 2111 202 2137 ex
232 2096 385 2137 animali
419 2109 563 2149 genere
595 2095 711 2135 fuisse
738 2096 887 2136 volunt.
951 2094 1170 2151 Spiritalem
1199 2098 1347 2138 demum
1373 2112 1419 2138 eo
1445 2098 1544 2137 dicto
1569 2111 1672 2137 com-

150 2164 404 2219 prehensum:
434 2167 524 2204 Sine
544 2172 706 2203 mortuos
724 2167 878 2216 sepelire
897 2173 1060 2204 mortuos
1080 2180 1190 2214 snos;
1220 2174 1258 2205 tec
1279 2175 1399 2205 autem
1420 2167 1545 2205 abietes
1559 2179 1672 2217 prae·
1691 2170 1762 2198 Luc.
1777 2169 1857 2202 ⁹⁹5⁰·

148 2236 230 2272 dica
254 2248 408 2285 regnum
431 2235 502 2271 dei.
565 2230 659 2271 Item
687 2246 770 2271 cum
797 2231 977 2273 Zachaeo
1005 2233 1205 2287 publicano
1233 2235 1350 2284 dixit,
1393 2237 1588 2273 Festinans
1611 2236 1672 2272 de·
1692 2238 1856 2272 Luc-¹925-

148 2304 298 2348 seemle,
332 2304 418 2353 qula
438 2303 544 2340 lzodt‘e·
563 2304 600 2339 t'lz
621 2303 724 2339 domo
745 2307 808 2339 tna
831 2309 975 2353 oportet
992 2317 1047 2340 me
1066 2316 1225 2341 manere.
1290 2300 1390 2342 Istos
1416 2302 1516 2342 enim
1539 2315 1672 2341 omnes

148 2383 168 2409 e
192 2369 350 2424 spiritali
375 2382 519 2422 genere
543 2367 718 2408 extitisse
741 2376 911 2409 narrant.
972 2368 1075 2423 Quin
1099 2370 1212 2410 etiam
1237 2369 1413 2410 fermenti
1434 2369 1670 2424 parabolam,

149 2438 248 2491 quod
274 2436 522 2477 abscondisse
545 2436 682 2475 mulier
707 2437 744 2475 in
771 2437 915 2477 farinae
943 2438 1037 2478 satis
1065 2438 1184 2478 tribus
1210 2438 1370 2491 legitur,
1413 2437 1555 2491 triplex
1579 2437 1669 2478 illud
1692 2448 1798 2476 naith.
1821 2448 1860 2477 13.

148 2519 269 2559 genus
292 2505 479 2545 indicare.
542 2501 739 2557 Siquidem
765 2504 961 2546 mulierem
985 2506 1096 2546 istam
1123 2504 1382 2560 Sapientiam,
1418 2505 1566 2546 farinae
1588 2513 1671 2546 sata

150 2573 222 2614 tria
242 2573 435 2613 hominum
461 2585 550 2612 csse
572 2585 733 2626 genera,
765 2573 950 2627 spiritale,
985 2574 1164 2625 animale,
1198 2581 1409 2613 terrenum.
1471 2571 1669 2614 Fermenti

191 2673 222 2707 8.
248 2670 468 2716 οἷποκριὲἧναι
493 2675 540 2718 τῷ
572 2673 695 2716 λέγοντ’.
725 2677 823 2714 recepi
847 2685 883 2707 ex
976 2676 1026 2708 10.
1051 2677 1115 2709 τῶν
1141 2675 1251 2718 μέσων
1276 2677 1396 2707 videtur
1415 2677 1519 2715 legisse
1545 2677 1604 2708 Vet.
1624 2677 1672 2709 In-

149 2721 311 2758 cod.1'en.‚
330 2722 382 2760 qui
400 2723 499 2751 tuetur
518 2722 702 2759 scripturam
722 2721 808 2750 codd.
825 2722 884 2752 Vet.
931 2724 1054 2762 terpres,
1077 2724 1129 2761 qui
1149 2724 1236 2753 vertit
1256 2721 1351 2752 Hunc
1370 2727 1477 2752 autem
1499 2720 1610 2752 dicunt
1631 2722 1671 2753 de

148 2767 319 2804 Interprelis
342 2765 429 2807 quod
452 2763 657 2806 responderit
678 2763 799 2795 dicenti
820 2769 885 2796 cett.
928 2766 1043 2798 mediis
1067 2778 1146 2798 esse.

151 2810 246 2849 Vulgo
265 2813 348 2841 extat
369 2809 469 2842 εἰπεῖν
489 2810 536 2854 τῷ
557 2806 772 2851 ἐρωτῆσαντι.
812 2811 884 2842 Cod.
977 2811 1026 2844 11.
1046 2809 1160 2845 τούτου
1179 2813 1244 2842 cod.
1261 2813 1330 2843 Veri.
1361 2812 1420 2843 Vel.
1438 2813 1586 2852 Interpres
1598 2814 1670 2845 haec

151 2855 245 2885 Vatic.
268 2856 376 2886 habere
395 2856 516 2886 videtur
540 2853 572 2887 ἐν
596 2856 643 2898 τῷ
667 2852 881 2897 ἐρωτήσαντι,
928 2859 1022 2889 verba
1041 2859 1135 2896 plane
1157 2858 1265 2888 omisit.

150 2901 267 2930 omissis
289 2901 446 2931 vocabulis
471 2899 570 2933 εἰπεῖν
595 2900 654 2943 τῷ.
975 2904 1025 2934 12.
1050 2899 1074 2944 ἦ
1099 2913 1156 2933 om.
1182 2903 1247 2932 cod.
1273 2903 1343 2934 Ven.

192 2941 223 2974 9.
244 2948 313 2982 τοῖς
329 2943 470 2982 οἰκείοις,
491 2942 615 2982 Οὐδεὶς
629 2948 693 2977 cett.
716 2946 802 2977 habet
817 2948 882 2978 cod.
975 2946 1024 2978 13.
1049 2946 1086 2981 δὲ
1117 2948 1306 2986 particulam
1335 2948 1435 2980 adieci
1462 2950 1597 2989 primum
1629 2950 1666 2980 de

151 2988 219 3019 Ven.
928 2995 1105 3025 auctoritate
1129 2993 1194 3023 cod.
1214 2993 1286 3024 Veri.
