2034 3267
448 180 623 214 PANAau
647 179 729 212 Lm.
753 180 778 211 1.
802 179 906 212 TOM.
929 179 969 210 n.
994 177 1122 210 HAER.
1142 176 1268 210 xxvl.
1537 165 1613 206 201

108 261 298 317 probitate
328 272 399 299 nos
430 259 591 314 eripuit3
624 259 720 299 adeo
753 265 793 298 ut
824 265 1020 312 postquam
1048 257 1206 296 istorum
1231 254 1348 295 libros
1371 252 1618 309 perlegimus,

108 337 146 370 et
167 329 212 368 ad
239 327 411 368 veritatis
431 327 687 380 cognitionem
712 326 876 365 animum
901 324 1131 374 adiecimus,
1165 337 1235 363 nec
1257 321 1430 371 abducti,
1461 321 1522 361 vel
1555 334 1622 359 eo-

106 411 190 437 rum
223 394 416 435 illecebris
443 394 540 447 capti
572 407 726 443 sumus,
758 393 825 432 sed
853 392 1054 445 effugimus
1079 391 1255 440 tandem,
1288 403 1380 429 mox
1401 388 1447 429 ad
1473 388 1623 442 episco-

108 477 192 518 pos,
225 462 287 515 qui
312 461 351 501 in
382 460 443 500 illo
468 461 552 500 loco
578 466 703 509 erant,
736 459 885 498 deferre
909 458 1183 506 studuerimus,
1215 464 1253 497 et
1279 471 1410 496 eorum
1437 456 1623 495 hactenus

107 531 238 584 ignota
270 529 423 569 nomina
450 529 487 567 in
511 527 674 567 ecclesia
704 526 899 578 detegere.
962 523 1028 564 Ex
1050 539 1122 578 quo
1149 525 1286 564 factum
1309 531 1369 564 est
1394 531 1433 564 ut
1458 519 1626 563 LXXX

111 599 192 637 sere
218 597 342 651 capita
366 596 522 636 exulare
554 595 657 634 iussa
688 592 734 632 ab
765 592 854 631 lolio
880 592 1075 645 spinisque
1105 591 1185 631 suis
1216 598 1458 645 repurgatam
1489 589 1624 630 urbem

110 664 350 718 reliquerint.

221 730 479 784 Quamobrem
504 729 534 768 si
558 727 640 780 quis
663 726 760 779 quod
784 725 894 764 initio
917 724 1071 779 polliciti
1096 738 1226 765 sumus
1248 724 1431 764 memoria
1453 720 1828 777 repetat,CaP·XV¹11·

113 800 276 838 fortasse
294 798 504 837 institutum
526 801 697 834 nostrum
718 791 955 846 approbabit,
982 793 1078 845 quod
1100 792 1152 831 ita
1172 792 1331 845 praefati
1352 805 1498 840 sumus,
1528 804 1627 844 quae

111 867 154 906 ad
177 866 259 905 illas
280 871 406 905 sectas
425 862 586 902 attinent
608 874 677 900 nos
699 860 832 914 partim
856 873 928 899 usu
946 873 991 899 ac
1013 858 1290 898 consuetudine
1311 858 1505 906 didicisse,
1539 871 1627 911 par-

111 932 175 972 tim
206 946 257 972 ex
280 928 532 971 monumentis
561 926 782 981 accepisse,
815 927 951 981 partim
979 927 1050 966 fide
1078 926 1277 979 dignorum
1313 924 1531 974 hominum,
1564 924 1628 977 qui

112 1000 168 1039 rei
192 998 389 1039 veritatem
416 995 585 1034 indicare
613 1001 795 1048 possent,
829 994 1050 1033 narratione
1077 1008 1120 1033 ac
1144 992 1364 1033 testimonio
1393 991 1512 1031 fuisse
1541 1005 1628 1045 per-

113 1067 259 1106 doctos.
305 1062 435 1115 ltaque
457 1076 524 1115 pro
548 1075 593 1100 eo
617 1062 715 1115 quod
742 1075 832 1115 prae
855 1061 963 1101 nobis
989 1061 1147 1100 ferimus
1168 1059 1344 1100 veritatis
1370 1059 1496 1099 studio
1518 1071 1628 1113 prae-

114 1133 322 1173 termittere
345 1130 441 1169 hunc
467 1129 591 1168 locum
622 1129 833 1178 noluimus,
868 1129 932 1168 scd
959 1128 1194 1168 ostendimus
1224 1141 1335 1167 unam
1367 1126 1469 1166 illam
1500 1139 1551 1165 ex
1580 1124 1628 1164 iis

118 1197 336 1240 haeresibus
360 1210 447 1236 esse
478 1210 634 1249 quarum
669 1210 776 1236 usum
809 1196 1031 1247 habuimus,
1064 1196 1110 1235 de
1139 1209 1212 1249 qua
1239 1194 1332 1235 certi
1360 1192 1630 1247 exploratique

118 1265 254 1319 aliquid
277 1264 414 1304 afferre
438 1277 662 1317 possemus;
695 1278 771 1303 non
795 1277 845 1303 ex
866 1277 912 1303 eo
937 1264 1034 1316 quod
1055 1263 1291 1316 gesserimus
1309 1261 1382 1315 ipsi
1403 1285 1454 1289 —
1479 1265 1631 1300 avertat

112 1334 182 1373 hoc
207 1346 227 1372 a
251 1331 360 1371 nobis
386 1331 495 1381 dcuS,
527 1354 582 1359 —
613 1331 679 1370 sed
703 1345 754 1370 ex
777 1345 823 1370 eo
848 1332 945 1384 quod
972 1331 1017 1370 ab
1039 1331 1085 1370 iis
1110 1337 1290 1370 accurate
1317 1328 1532 1377 didicimus,
1565 1326 1630 1380 qui

111 1399 211 1440 illam
244 1398 354 1438 nobis
388 1398 622 1452 persuadere
659 1399 800 1438 frustra
830 1399 1057 1448 voluerunt,
1098 1404 1136 1437 et
1168 1404 1391 1450 conceptam
1423 1397 1468 1435 de
1496 1402 1630 1434 nostro

110 1467 232 1508 exitio
252 1479 358 1520 spem
379 1465 529 1519 penitus
553 1465 791 1515 abiecerunt,
824 1480 908 1505 cum
929 1464 1090 1504 insidiae
1117 1478 1250 1504 omnes
1270 1479 1315 1503 ac
1340 1463 1507 1512 fraudes,
1535 1475 1630 1515 quas

111 1535 158 1575 ad
180 1533 344 1573 infelicis
370 1532 518 1571 animae
547 1539 702 1572 nostrae
728 1533 933 1587 perniciem
963 1540 1038 1572 tam
1062 1532 1134 1586 ipsi
1161 1546 1271 1585 quam
1292 1531 1353 1584 qui
1374 1531 1411 1570 in
1435 1530 1508 1569 illis
1529 1530 1632 1569 inest

113 1602 287 1642 diabolus
312 1599 518 1640 machinati
546 1601 717 1649 fuerant,
749 1599 882 1640 irritae
910 1607 1022 1654 atque
1047 1600 1182 1639 inanes
1211 1599 1454 1647 extitissent,
1488 1604 1528 1637 ut
1559 1596 1631 1636 hoc

111 1683 131 1709 a
153 1667 301 1709 Davide
326 1667 465 1707 dictum
486 1667 880 1707 accommodatissime
899 1681 1086 1721 usurpare
1107 1668 1319 1721 possimus:
1353 1668 1525 1717 Sagittae
1537 1680 1628 1717 par·
1647 1675 1695 1703 ΡΞ.
1714 1675 1758 1708 63,
1776 1676 1803 1702 e.

112 1739 282 1775 valorum
295 1737 428 1789 sactae
450 1743 541 1774 sunt
553 1737 690 1786 plagae
711 1750 834 1773 eorum
858 1742 933 1776 etc.
989 1734 1090 1774 Tum
1112 1735 1224 1774 illud:
1261 1737 1502 1773 convertetur
1524 1734 1630 1771 labor
1647 1745 1696 1772 Ps.
1714 1744 1741 1780 τ,
1758 1743 1799 1770 17.

110 1818 236 1842 eorum
259 1806 296 1841 in
316 1810 431 1854 caput
450 1806 626 1854 ipsorum,
655 1810 693 1840 et
711 1805 886 1854 iniquitas
904 1817 1028 1841 eorum
1048 1806 1085 1841 in
1110 1805 1279 1840 verticem
1298 1804 1460 1853 ipsorum
1483 1803 1632 1839 deseen-

113 1874 186 1910 det.
250 1868 372 1924 igitur
402 1870 714 1923 quemadmodum
740 1870 795 1909 sic
828 1884 897 1909 nos
928 1870 965 1909 iu
993 1870 1143 1909 illorum
1177 1882 1348 1909 errorem
1380 1867 1630 1919 incurrimus,

112 1945 154 1977 ut
175 1937 276 1977 illius
298 1951 443 1976 noxam
466 1937 744 1990 effugeremus,
778 1950 938 1991 eumque
970 1937 1197 1990 simulatque
1230 1937 1392 1990 legimus
1417 1949 1461 1976 ac
1487 1949 1631 1989 cogno-

113 2005 238 2045 vimus
263 2005 485 2045 damnantes
517 2004 614 2044 salvi
637 2011 749 2057 atque
773 2004 984 2044 incolumes
1018 2004 1297 2058 praetergressi
1321 2018 1475 2053 sumus,
1509 2003 1562 2043 ita
1593 2009 1631 2043 te

112 2072 284 2126 quisquis
304 2085 349 2112 es
373 2072 435 2125 qui
455 2072 527 2112 ista
549 2071 644 2125 legis
667 2071 862 2112 hortamur
880 2079 919 2112 ut
941 2072 1039 2112 lecta
1065 2072 1208 2125 pariter
1228 2086 1271 2112 ac
1295 2072 1470 2111 damnata
1490 2070 1631 2111 transi-

115 2140 203 2190 lias,
236 2153 284 2179 ne
310 2139 349 2179 in
374 2146 595 2194 serpentum
622 2139 808 2180 eiusmodi
829 2140 934 2180 velut
955 2139 1210 2194 improbitatis
1233 2140 1418 2193 quoddam
1442 2138 1548 2179 virus
1572 2139 1630 2178 in-

114 2206 234 2247 cidas.
296 2206 356 2246 Ac
383 2207 415 2247 si
449 2208 598 2261 quando
633 2207 793 2247 forsitan
821 2220 873 2247 ex
897 2207 968 2247 hac
998 2213 1217 2262 serpentum
1250 2206 1381 2247 schola
1417 2206 1630 2260 quempiam

117 2274 341 2325 offenderis,
375 2274 500 2314 subito
525 2274 666 2327 lignum
688 2274 775 2314 illud
798 2275 895 2328 quod
918 2275 1027 2314 nobis
1050 2289 1070 2314 a
1093 2275 1245 2313 domino
1270 2281 1528 2328 comparatum
1553 2279 1627 2324 est,

116 2349 154 2382 et
183 2341 221 2381 in
248 2356 322 2395 quo
348 2339 527 2382 Christus
551 2342 685 2381 affixus
710 2349 789 2392 est,
822 2349 956 2382 contra
981 2342 1171 2396 serpentis
1198 2348 1308 2395 caput
1333 2341 1544 2393 arripiens,
1577 2340 1630 2380 ita

115 2409 295 2463 loquere:
330 2406 509 2449 Christus
532 2416 662 2448 nostra
691 2416 750 2449 est
773 2411 810 2449 in
833 2424 946 2450 cruce
970 2423 1107 2450 caussa
1135 2422 1366 2462 suspensus,
1401 2415 1438 2448 et
1468 2408 1630 2448 formam

115 2483 273 2516 nostrae
297 2475 430 2516 salutis
453 2489 676 2530 expressam
703 2490 748 2516 ac
774 2477 1001 2517 delineatam
1029 2476 1196 2530 reliquit.
1245 2473 1357 2528 Quod
1380 2475 1454 2515 nisi
1474 2489 1630 2515 carnem

115 2544 336 2593 habuisset,
366 2557 556 2597 nunquam
582 2550 686 2583 esset
709 2544 881 2585 suffixus.
941 2543 1002 2585 Eo
1034 2558 1127 2585 vero
1161 2544 1258 2597 quod
1292 2556 1406 2583 carne
1435 2543 1630 2597 praeditus

118 2619 156 2651 et
177 2613 315 2652 affixus
337 2617 398 2650 est
423 2611 549 2660 cruci,
582 2617 713 2650 nostra
737 2611 848 2652 simul
874 2619 1030 2666 peccata
1053 2611 1200 2652 defixit.
1261 2609 1450 2664 Equidem
1477 2610 1633 2650 veritati

117 2692 186 2732 per
208 2678 319 2718 fidem
350 2677 555 2728 inhaereo,
590 2691 660 2717 nec
684 2678 889 2719 tardissimi
920 2679 1110 2734 serpentis
1137 2692 1269 2718 errore
1296 2677 1356 2717 vel
1381 2677 1463 2717 eius
1490 2677 1630 2718 doctri-

117 2759 188 2786 nae
218 2745 343 2785 sibilis
374 2744 509 2784 abduci
541 2759 599 2785 me
632 2745 769 2799 patior.

228 2811 306 2853 Sed
329 2826 428 2852 nunc
447 2812 597 2852 haeresi
621 2813 685 2852 illa
705 2814 973 2866 praetermissa
995 2814 1189 2868 deinceps,
1219 2812 1421 2862 carissimi,
1449 2812 1494 2852 ad
1519 2826 1628 2867 prae-
1649 2814 1724 2858 Cap.
1736 2812 1830 2845 XIX.

184 2922 214 2954 3.
251 2925 375 2957 Correxi
412 2926 573 2968 πλανητῇ.
628 2927 712 2956 Libri
746 2927 855 2957 habent
898 2929 971 2959 dum
995 2928 1154 2959 videbatur
1179 2925 1289 2968 νοὲείᾳ
1311 2935 1368 2966 pro
1391 2924 1522 2968 νωὲείᾳ.

121 2969 209 3007 υυῑρο
238 2969 343 3013 πλάνῃ
370 2969 423 3011 τῇ.
451 2989 491 2994 --
537 2973 662 3003 Petavio
689 2972 851 3002 rescriben-
