2034 3267
188 1191 254 1219 pag.
274 1182 331 1210 236.

350 206 430 246 436
910 209 1070 241 εΑΝοΤῐ
1095 209 1318 241 EPIPHANH

451 289 540 329 ‘'Ou
570 288 611 328 δὲ
635 289 772 337 φίλτρα
795 286 860 326 καὶ
888 283 1063 340 άγώγιμα
1085 284 1185 339 πρὸς
1207 284 1250 326 τὸ
1276 287 1343 326 καὶ
1366 291 1447 334 τοῖς
1469 286 1640 341 σώμασιν
1663 287 1793 330 αὐτῶν
1817 289 1872 329 ἐν-

348 360 513 410 υβρίζειν
535 356 688 407 ἐμποιεῖ
708 348 822 401 οὗτος
845 350 868 394 ό
891 352 1063 407 Μάρκος
1086 354 1206 401 ἐνίαις
1227 357 1305 393 τῶν
1328 359 1541 407 γυναικῶν,
1585 358 1619 397 εἰ
1639 357 1704 398 καὶ
1729 355 1779 409 μὴ
1803 354 1874 396 πά-

349 440 452 474 σαις,
485 417 599 463 αὗται
621 420 805 469 πολλάκις
827 421 1108 475 ἐπιστρέψασαι
1130 422 1182 468 είς
1205 419 1276 473 τήν
1298 422 1499 473 ἐκκλησίαν
1520 428 1590 464 τοῦ
1611 428 1710 465 θεοῦ
1735 425 1874 476 ἐξωμο·

348 490 562 546 λογήσαντο
595 491 661 531 καὶ
690 487 788 530 κατά
824 487 866 530 τὸ
898 493 1007 541 σῶμα
1037 487 1277 542 ἠχρειῶσθαι
1306 486 1372 528 ὑπ’
1402 486 1545 539 αὐτοῦ,
1587 492 1653 531 καὶ
1683 492 1876 545 ἐρωτικῶς

348 559 455 601 πάνυ
481 556 600 599 αὐτὸν
622 558 894 610 πεφιληκέναι·
937 556 1030 605 ὥςτε
1049 557 1116 598 καὶ
1139 555 1323 597 διάκονόν
1345 573 1430 597 τινα
1450 561 1527 597 τῶν
1551 558 1590 598 ἐν
1609 563 1654 615 τῇ
1672 556 1778 615 Ἀσίᾳ
1799 563 1876 600 τῶν

348 625 568 681 ἡμετέρων,
607 623 896 678 ὑποδεξάμενον
923 623 1042 665 αὐτόν
1067 626 1120 672 εἷς
1141 623 1209 665 τόν
1235 622 1344 666 οἷκον
1369 621 1490 665 αὐτοῦ
1517 631 1734 679 περιπεσεῖν
1756 625 1875 683 ταύτῃ

346 700 392 752 τῇ
417 698 624 750 συμφορᾷ,
664 698 733 746 τῆς
754 691 940 747 γυναικὸς
965 691 1087 733 αὐτοῦ
1111 690 1284 740 εὐειδοῦς
1304 690 1572 746 ὑπαρχούσης,
1602 694 1668 734 καὶ
1689 692 1759 746 τὴν
1779 693 1876 748 γνώ-

348 781 424 816 μην
447 764 513 804 καὶ
537 760 579 803 το
604 766 713 814 σῶμα
735 763 1026 815 διαφθαρείσης
1049 758 1127 802 fisco*
1148 765 1218 801 τοῦ
1243 759 1370 815 μάγου
1393 758 1554 810 τούτου,
1586 761 1651 801 καὶ
1676 761 1873 810 ἐξακολου-

345 829 528 883 θησάσης
549 827 653 886 αὐτῷ
674 833 800 885 πολλῷ
813 833 864 885 τῷ
887 827 1023 885 χρόνῳ.
1060 826 1224 869 ”Eamne
1244 826 1336 881 μετά
1359 832 1505 869 πολλοῦ
1523 827 1652 869 κόπου
1674 832 1750 869 τῶν
1769 827 1873 869 άδελ-

347 903 435 951 φῶν
459 896 776 952 ἐπιστρεψάντων
802 901 817 924 1
832 894 966 949 αὐτὴν,
995 894 1063 937 τὸν
1084 895 1237 937 ἅπαντα
1256 897 1398 950 χρόνον
1417 897 1744 950 ἐξομολογουμένη
1764 897 1877 937 διετέ-

345 973 448 1017 λεσε,
479 970 682 1007 πενθοῦσα
703 966 766 1006 καὶ
792 969 995 1019 θρηνοῦσα
1016 962 1076 1015 ἐφ’
1100 958 1124 1021 ᾗ
1147 965 1296 1005 ἔπαθεν
1317 961 1395 1005 ὑπὸ
1417 968 1487 1004 τοῦ
1510 962 1637 1018 μάγου
1659 965 1874 1020 διαφθορᾷ.

348 1036 429 1076 Καὶ
451 1035 626 1087 μαθηταὶ
652 1033 693 1074 δὲ
715 1030 836 1074 αὐτοῦ
857 1049 957 1080 τινες
978 1035 1283 1086 περιπολίζοντες
1306 1037 1326 1060 2
1340 1033 1380 1073 ἐν
1401 1037 1481 1080 τοῖς
1501 1029 1635 1080 αὐτοῖς
1659 1033 1877 1081 ἐξαπατῶν-

347 1120 407 1151 τες
427 1100 658 1157 γυναικάρια
680 1099 799 1142 πολλοὶ
823 1101 1073 1155 διέφθειραν,
1104 1102 1268 1148 τελείους
1288 1098 1452 1148 ἓαυτούς
1474 1097 1793 1154 ἀναγορεύοντες,
1825 1097 1877 1148 ὥς

353 1169 518 1224 μηδενός
544 1170 760 1222 δυναμένου
787 1170 1022 1221 ἐξισωθῆναι
1052 1172 1103 1224 τῷ
1125 1169 1279 1222 μεγέθει
1308 1172 1376 1220 τῆς
1400 1166 1577 1222 γνώσεως
1602 1166 1750 1217 αὐτῶν,
1790 1165 1878 1220 μηδ’

345 1257 393 1280 αν
418 1243 599 1289 Παῦλον,
642 1235 729 1290 μηδ’
753 1254 801 1277 αν
826 1237 979 1290 Πέτρον
1004 1238 1137 1293 εἴπης,
1181 1233 1268 1288 μηδ’
1292 1234 1403 1276 άλλον
1424 1253 1509 1276 τινα
1535 1240 1612 1276 τῶν
1636 1233 1875 1285 άποστόλων,

347 1305 438 1347 άλλά
464 1309 580 1347 πλείω
607 1304 763 1346 πάντων
785 1305 1011 1358 ἐγνωκέναι,
1042 1305 1109 1344 καὶ
1132 1320 1172 1344 το
1198 1304 1364 1357 μέγεθος
1384 1308 1453 1356 τῆς
1474 1317 1649 1358 γνωσεως
1668 1321 1736 1356 της
1758 1301 1876 1385 άρρή-

344 1392 414 1415 του
441 1372 674 1425 3δυνάμεως
698 1371 845 1425 μόνους
868 1372 1208 1421 καταπεπωκέναι,
1250 1369 1347 1412 εἷναί
1369 1388 1407 1412 τε
1433 1369 1576 1419 αὐτους
1601 1373 1642 1412 ἐν
1661 1370 1756 1423 ὕψει
1777 1369 1874 1425 υπὲρ

345 1447 474 1483 πᾶσαν
498 1440 680 1493 δύναμιν·
714 1438 774 1481 διο
796 1441 862 1480 καὶ
887 1441 1102 1494 ἐλευθέρως
1121 1438 1281 1480 πάντα
1271 1438 1477 1493 πράσσειν,
1509 1439 1692 1492 μηδένα’
1676 1456 1716 1480 εν
1739 1439 1875 1491 μηδενὶ

345 1508 474 1562 φόβον
505 1510 671 1562 ἔχοντας.
732 1505 809 1548 Δια
840 1525 911 1562 γαρ
943 1525 1013 1560 την
1041 1505 1307 1561 ἀπολύτρωσιν
1330 1505 1572 1561 άκρατητους
1595 1524 1661 1547 και
1682 1504 1875 1561 άοράτους

344 1581 520 1632 γίνεσθαι
544 1581 596 1633 τῷ
623 1593 747 1632 κριτη
810 1577 865 1615 Εἰ
889 1575 930 1616 δὲ
955 1576 1021 1616 καὶ
1048 1574 1271 1628 ἐπιλάβοιτο
1296 1573 1443 1626 αὐτῶν,
1486 1573 1748 1626 παραστάντες
1770 1572 1874 1631 αυτῷ

345 1662 438 1698 μετα
463 1649 532 1698 τῆς
556 1621 860 1697 άπολυτρώσεως
885 1642 975 1684 τάδε
1001 1644 1166 1693 εἷ’,ποιεν
1200 1638 1253 1682 ³52
1276 1642 1443 1698 πάρεδρε
1469 1647 1568 1684 θεοῦ
1593 1644 1660 1684 καὶ
1687 1647 1874 1695 μυστικῆς

346 1711 453 1767 4πρὸ
480 1714 622 1759 αἰῶνος
646 1715 789 1765 Σιγῆς,
832 1710 883 1764 ἡν
905 1709 951 1751 τά
976 1711 1120 1766 μεγέθη
1146 1709 1358 1759 διαπαντός
1381 1711 1570 1764 βλέποντα
1593 1709 1636 1752 τὸ
1662 1709 1875 1764 πρόςωπον

344 1785 414 1822 τοῦ
438 1778 585 1834 πατρὸς
608 1777 737 1834 ὁδηγῷ
762 1793 823 1820 σοι
846 1779 912 1819 καὶ
936 1783 953 1806 5
969 1785 1213 1833 προςαγωγεῖ
1232 1783 1248 1806 ⁶
1264 1777 1440 1833 χρώμενα
1459 1776 1685 1819 άνασπῶσιν
1706 1775 1786 1819 άνω
1806 1776 1874 1826 τάς

346 1846 474 1889 αὐτῶν
495 1846 665 1901 μορφάς,
690 1846 736 1894 ἃς
758 1855 782 1899 η
803 1845 1080 1901 μεγαλότολμος
1102 1848 1228 1900 ἐκείνη
1253 1851 1616 1899 7φαντασιασθεῖσοι
1635 1845 1699 1886 διά
1719 1844 1760 1886 τό
1783 1843 1873 1900 άγα-

347 1914 426 1956 θόν
449 1920 518 1956 τοῦ
543 1913 792 1969 προπάτορος
812 1913 1044 1968 προεβάλετο
1066 1913 1168 1967 ἡμᾶς
1189 1913 1258 1964 τοὶς
1277 1913 1450 1965 εἰκόνας,
1481 1913 1564 1955 τότε
1587 1912 1778 1966 ἐνθύμιον
1796 1917 1873 1954 τῶν

346 1982 425 2025 ἅνω
450 1981 501 2032 ὦς
525 1981 709 2024 ἐνύπνιον
732 1983 891 2035 ἔχουσα,
927 1980 1013 2023 ἰδοῦ
1033 1981 1055 2024 ό
1075 1981 1208 2037 κριτὴς
1229 1981 1359 2038 ε’γγῦς,
1391 1983 1457 2024 καὶ
1481 1980 1502 2023 ὁ
1521 1980 1644 2036 κῆρύξ
1665 1998 1709 2034 με
1730 1980 1874 2022 κελεύει

347 2049 636 2106 άπολογεῖσθαι.
696 2048 757 2090 Σύ
782 2050 834 2099 δὲ,
871 2047 924 2097 ὥς
947 2051 1176 2103 ἐπισταμένη
1195 2049 1242 2092 τά
1265 2049 1509 2105 άμφοτέρων,
1539 2048 1607 2090 τόν
1628 2047 1723 2101 ὖπὲρ
1746 2047 1872 2101 άμφο-

345 2120 466 2173 τέρων
487 2117 599 2172 ἡμῶν
622 2117 757 2173 λόγον,
791 2116 842 2166 ὥς
861 2119 928 2159 ἕνα
952 2117 1063 2168 ὄντα,
1094 2124 1146 2176 τῷ
1169 2123 1279 2175 κριτῇ
1302 2117 1560 2173 παράστησον.
1617 2114 1667 2157 Ἡ
1683 2117 1724 2158 δὲ
1747 2115 1870 2172 μήτηρ

344 2188 487 2240 ταχέως
517 2185 715 2228 άκούσασα
746 2184 892 2227 τούτων
921 2184 991 2238 τήν
1019 2184 1231 2240 Ὁμηρικήν
1250 2185 1389 2235 ’Ἄϊδος
1416 2187 1558 2238 κυνέην
1588 2182 1720 2232 αὐτοῖς
1748 2186 1873 2239 περιέ-

345 2261 466 2307 θηκε,
499 2253 598 2308 πρὸς
620 2252 661 2295 τό
685 2251 862 2307 άοράτως
882 2255 1065 2308 ἐκφυγεῖν
1086 2253 1153 2295 τόν
1173 2253 1327 2309 κριτὴν,
1359 2255 1424 2295 καὶ
1444 2257 1678 2308 παραχρῆμα
1699 2250 1871 2293 άνασπά-

347 2337 445 2363 σασα
480 2320 624 2370 αὐτους
653 2323 706 2370 εἰς
735 2320 802 2362 τόν
832 2326 1025 2374 νυμφῶνα
1056 2321 1246 2377 εἰςήγαγε,
1289 2323 1354 2363 καὶ
1385 2320 1559 2363 άπέδωκε
1583 2326 1665 2369 τοῖς
1695 2320 1872 2361 8ἑαυτῶν

346 2392 542 2442 νυμφίοις.
609 2394 777 2431 Τοιαῦτα
812 2387 891 2441 9δή
927 2390 1099 2443 λέγοντες
1131 2391 1196 2431 καὶ
1228 2389 1458 2444 πράττοντες
1491 2390 1556 2431 καὶ
1592 2389 1633 2429 ἐν
1666 2393 1748 2435 τοῖς
1778 2385 1871 2428 καθ’

348 2455 452 2510 ἡμᾶς
477 2460 631 2510 κλίμασι
657 2462 725 2510 τῆς
745 2455 1015 2505 Ῥοδανουσίας
1040 2456 1182 2505 πολλάς
1203 2456 1464 2511 ἐξηπατήκασι
1485 2462 1689 2512 γυναῖκας,
1731 2456 1872 2503 αἵτινες

347 2526 715 2578 κεκαυτηριασμέναι
739 2524 808 2577 τήν
831 2526 1049 2577 συνείδησιν
1074 2527 1116 2565 αἱ
1138 2525 1207 2577 μὲν
1231 2527 1296 2566 καὶ
1322 2527 1375 2574 εἰς
1404 2523 1576 2579 φανερόν
1600 2525 1871 2578 ἐξομολογοῦν-

348 2611 422 2643 ται,
455 2595 496 2634 αἱ
516 2593 556 2634 δὲ
579 2591 877 2645 δυςωπούμεναι
895 2596 1023 2642 τοῦτο,
1054 2590 1177 2649 ἡσυχῇ
1202 2594 1244 2634 δέ
1264 2610 1347 2641 πως
1368 2591 1505 2640 ἑαυτάς
1526 2589 1783 2644 άπηλπικυῖαι
1802 2595 1871 2644 τῆς

347 2665 444 2713 ζωῆς
469 2666 538 2702 τοῦ
562 2665 680 2710 θεοῦ,
724 2662 823 2701 ἔνιαι
847 2660 916 2713 μὲν
940 2661 993 2707 εἰς
1016 2658 1058 2700 τὸ
1081 2661 1260 2709 παντελὲς
1284 2659 1521 2713 ἀπέστησαν,
1563 2660 1658 2700 ἔνιαι
1683 2658 1724 2699 δὲ
1751 2660 1867 2711 ἐπαμ-

349 2731 608 2783 φοτερίζουσι,
651 2729 717 2769 καὶ
746 2726 788 2769 τό
822 2731 890 2780 τῆς
921 2730 1131 2782 παροιμίας
1160 2727 1406 2779 πεπόνθασι,
1449 2726 1541 2781 μήτε
1571 2728 1641 2776 ἔξω
1673 2724 1765 2779 μήτε
1795 2728 1868 2769 ἔσω

393 2875 468 2906 CAP.
484 2876 538 2906 [Π.
555 2894 599 2899 -
623 2875 649 2906 1.
671 2872 774 2917 αὐτὴν
793 2878 858 2908 cod.
873 2877 971 2907 Venet.
1006 2878 1083 2909 Con-
1174 2874 1203 2909 ll.
1227 2877 1408 2918 προαιῶνος
1431 2876 1496 2907 cod.
1518 2876 1619 2906 Paris.
1648 2885 1708 2917 pro
1740 2885 1868 2908 aeonon
1892 2866 1895 2869 Δ

348 2923 444 2960 spirat
469 2922 527 2951 Vel.
552 2922 709 2960 Interpres.
760 2923 854 2961 Vulgo
879 2917 976 2962 αὐτή.
1127 2923 1215 2953 habet
1241 2924 1301 2953 Vet.
1325 2923 1443 2954 Irenaei
1461 2922 1621 2958 Interpres.

393 2966 422 2996 ¹2.
446 2964 478 2995 in
500 2965 611 2995 iisdem
632 2965 746 2996 studiis
766 2970 842 2997 recle
861 2968 947 2998 vertit
964 2967 1082 2998 Billius.
1173 2968 1203 2999 5.
1227 2967 1425 3009 προςαγωγῇ
1451 2966 1516 2997 cod.
1544 2966 1641 2996 Venet.

393 3009 424 3042 ὃ.
448 3009 646 3052 δυναμένους
668 3012 733 3042 cod.
757 3013 854 3042 I'enet.
1173 3010 1203 3044 6.
1227 3014 1294 3044 lam
1317 3013 1435 3044 dudum
1458 3011 1504 3041 ila
1527 3013 1718 3042 correaeerunt
1741 3019 1779 3042 ea·
1805 3013 1866 3044 Vct.
