<?xml version="1.0" encoding="UTF-8"?>
<!DOCTYPE html PUBLIC "-//W3C//DTD XHTML 1.0 Transitional//EN"
    "http://www.w3.org/TR/xhtml1/DTD/xhtml1-transitional.dtd">
<html xmlns="http://www.w3.org/1999/xhtml" xml:lang="en" lang="en">
 <head>
  <title>
</title>
<meta http-equiv="Content-Type" content="text/html;charset=utf-8" />
  <meta name='ocr-system' content='tesseract 3.04.00' />
  <meta name='ocr-capabilities' content='ocr_page ocr_carea ocr_par ocr_line ocrx_word'/>
</head>
<body>
  <div class='ocr_page' id='page_1' title='image "./p1corporishaereseo02epipuoft/p1corporishaereseo02epipuoft_0587.png"; bbox 0 0 2034 3267; ppageno 0'>
   <div class='ocr_carea' id='block_1_1' title="bbox 475 134 1642 176">
    <p class='ocr_par' dir='ltr' id='par_1_1' title="bbox 475 134 1642 176">
     <span class='ocr_line' id='line_1_1' title="bbox 475 134 1642 176; baseline -0.002 -1"><span class='ocrx_word' id='word_1_1' title='bbox 475 143 651 175; x_wconf 78' lang='lat' dir='ltr'>PANARH</span> <span class='ocrx_word' id='word_1_2' title='bbox 675 144 756 176; x_wconf 69' lang='lat' dir='ltr'><em>[AB.</em></span> <span class='ocrx_word' id='word_1_3' title='bbox 776 144 799 176; x_wconf 87' lang='lat'><em>1.</em></span> <span class='ocrx_word' id='word_1_4' title='bbox 825 144 929 176; x_wconf 86' lang='grc' dir='ltr'><strong><em>ΤοΜ.</em></strong></span> <span class='ocrx_word' id='word_1_5' title='bbox 947 144 1002 175; x_wconf 78' lang='lat'>111.</span> <span class='ocrx_word' id='word_1_6' title='bbox 1029 143 1283 174; x_wconf 78' lang='lat' dir='ltr'>HAER.XL11.</span> <span class='ocrx_word' id='word_1_7' title='bbox 1564 134 1642 173; x_wconf 90' lang='lat'><em>575</em></span> 
     </span>
    </p>
   </div>
   <div class='ocr_carea' id='block_1_2' title="bbox 105 221 1840 2039">
    <p class='ocr_par' dir='ltr' id='par_1_2' title="bbox 105 221 1840 2039">
     <span class='ocr_line' id='line_1_2' title="bbox 129 221 1643 275; baseline -0.001 -14"><span class='ocrx_word' id='word_1_8' title='bbox 129 225 322 262; x_wconf 82' lang='lat' dir='ltr'><em>Geennam.</em></span> <span class='ocrx_word' id='word_1_9' title='bbox 377 221 464 263; x_wconf 84' lang='lat' dir='ltr'><em>Nec</em></span> <span class='ocrx_word' id='word_1_10' title='bbox 490 222 654 263; x_wconf 73' lang='lat' dir='ltr'><em>habebat</em></span> <span class='ocrx_word' id='word_1_11' title='bbox 677 223 789 263; x_wconf 83' lang='lat' dir='ltr'>illud:</span> <span class='ocrx_word' id='word_1_12' title='bbox 823 225 954 262; x_wconf 84' lang='lat' dir='ltr'><em>Nonne</em></span> <span class='ocrx_word' id='word_1_13' title='bbox 974 226 1133 275; x_wconf 82' lang='lat' dir='ltr'><em>quinque</em></span> <span class='ocrx_word' id='word_1_14' title='bbox 1146 236 1318 274; x_wconf 77' lang='lat' dir='ltr'><em>passeres</em></span> <span class='ocrx_word' id='word_1_15' title='bbox 1338 229 1495 261; x_wconf 85' lang='lat' dir='ltr'><em>veneunt</em></span> <span class='ocrx_word' id='word_1_16' title='bbox 1515 224 1643 273; x_wconf 62' lang='grc' dir='ltr'><strong><em>ἅφθη-</em></strong></span> 
     </span>
     <span class='ocr_line' id='line_1_3' title="bbox 126 292 1334 342; baseline -0.001 -13"><span class='ocrx_word' id='word_1_17' title='bbox 126 293 207 337; x_wconf 86' lang='lat' dir='ltr'><em>dio,</em></span> <span class='ocrx_word' id='word_1_18' title='bbox 242 298 280 329; x_wconf 83' lang='lat' dir='ltr'><em>et</em></span> <span class='ocrx_word' id='word_1_19' title='bbox 307 305 401 329; x_wconf 86' lang='lat' dir='ltr'><em>unus</em></span> <span class='ocrx_word' id='word_1_20' title='bbox 431 306 478 329; x_wconf 71' lang='lat' dir='ltr'><em>eat</em></span> <span class='ocrx_word' id='word_1_21' title='bbox 507 294 596 342; x_wconf 78' lang='lat' dir='ltr'><em>ipsis</em></span> <span class='ocrx_word' id='word_1_22' title='bbox 625 306 696 330; x_wconf 84' lang='lat' dir='ltr'><em>non</em></span> <span class='ocrx_word' id='word_1_23' title='bbox 726 299 782 330; x_wconf 83' lang='lat' dir='ltr'><em>est</em></span> <span class='ocrx_word' id='word_1_24' title='bbox 810 294 847 329; x_wconf 88' lang='lat' dir='ltr'><em>in</em></span> <span class='ocrx_word' id='word_1_25' title='bbox 878 292 1057 329; x_wconf 82' lang='lat' dir='ltr'><em>oblivione</em></span> <span class='ocrx_word' id='word_1_26' title='bbox 1086 304 1208 329; x_wconf 83' lang='lat' dir='ltr'><em>coram</em></span> <span class='ocrx_word' id='word_1_27' title='bbox 1238 293 1334 329; x_wconf 80' lang='lat' dir='ltr'><em>deo?</em></span> 
     </span>
     <span class='ocr_line' id='line_1_4' title="bbox 237 355 1823 409; baseline 0 -12"><span class='ocrx_word' id='word_1_28' title='bbox 237 355 379 397; x_wconf 85' lang='lat' dir='ltr'>XXX.</span> <span class='ocrx_word' id='word_1_29' title='bbox 422 356 500 398; x_wconf 87' lang='lat' dir='ltr'><em>Pro</em></span> <span class='ocrx_word' id='word_1_30' title='bbox 526 358 582 398; x_wconf 84' lang='lat' dir='ltr'><em>his</em></span> <span class='ocrx_word' id='word_1_31' title='bbox 606 358 756 400; x_wconf 74' lang='lat' dir='ltr'><em>Verbisz</em></span> <span class='ocrx_word' id='word_1_32' title='bbox 801 359 1044 409; x_wconf 74' lang='lat' dir='ltr'><em>Confitebitur</em></span> <span class='ocrx_word' id='word_1_33' title='bbox 1065 372 1187 396; x_wconf 84' lang='lat' dir='ltr'><em>coram</em></span> <span class='ocrx_word' id='word_1_34' title='bbox 1211 360 1356 409; x_wconf 77' lang='lat' dir='ltr'><em>angelis</em></span> <span class='ocrx_word' id='word_1_35' title='bbox 1377 361 1456 405; x_wconf 90' lang='lat' dir='ltr'><em>dei,</em></span> <span class='ocrx_word' id='word_1_36' title='bbox 1500 357 1638 398; x_wconf 58' lang='lat' dir='ltr'><em>rescri«</em></span> <span class='ocrx_word' id='word_1_37' title='bbox 1659 364 1728 393; x_wconf 83' lang='lat' dir='ltr'>Luc.</span> <span class='ocrx_word' id='word_1_38' title='bbox 1744 367 1785 400; x_wconf 81' lang='grc'><em>12,</em></span> <span class='ocrx_word' id='word_1_39' title='bbox 1800 367 1823 392; x_wconf 77' lang='lat'><em>8.</em></span> 
     </span>
     <span class='ocr_line' id='line_1_5' title="bbox 124 425 472 475; baseline -0.003 -10"><span class='ocrx_word' id='word_1_40' title='bbox 124 425 200 475; x_wconf 81' lang='lat' dir='ltr'><em>bit,</em></span> <span class='ocrx_word' id='word_1_41' title='bbox 234 427 364 464; x_wconf 86' lang='lat' dir='ltr'><em>Coram</em></span> <span class='ocrx_word' id='word_1_42' title='bbox 394 428 472 464; x_wconf 88' lang='lat' dir='ltr'><em>deo.</em></span> 
     </span>
     <span class='ocr_line' id='line_1_6' title="bbox 236 491 1790 544; baseline -0.003 -12"><span class='ocrx_word' id='word_1_43' title='bbox 236 491 398 533; x_wconf 89' lang='lat' dir='ltr'>XXXI.</span> <span class='ocrx_word' id='word_1_44' title='bbox 442 492 532 534; x_wconf 90' lang='lat' dir='ltr'><em>Non</em></span> <span class='ocrx_word' id='word_1_45' title='bbox 565 493 678 533; x_wconf 77' lang='lat' dir='ltr'><em>habet</em></span> <span class='ocrx_word' id='word_1_46' title='bbox 707 493 801 533; x_wconf 77' lang='lat' dir='ltr'><em>ista:</em></span> <span class='ocrx_word' id='word_1_47' title='bbox 835 496 933 531; x_wconf 85' lang='lat' dir='ltr'><em>Deus</em></span> <span class='ocrx_word' id='word_1_48' title='bbox 962 496 1074 531; x_wconf 79' lang='lat' dir='ltr'><em>vestit</em></span> <span class='ocrx_word' id='word_1_49' title='bbox 1088 494 1256 544; x_wconf 84' lang='lat' dir='ltr'><em>foenum.</em></span> <span class='ocrx_word' id='word_1_50' title='bbox 1658 500 1731 527; x_wconf 79' lang='lat' dir='ltr'>lhid.</span> <span class='ocrx_word' id='word_1_51' title='bbox 1750 503 1790 529; x_wconf 61' lang='lat' dir='ltr'><em>zu.</em></span> 
     </span>
     <span class='ocr_line' id='line_1_7' title="bbox 235 558 1790 612; baseline -0.001 -11"><span class='ocrx_word' id='word_1_52' title='bbox 235 558 418 601; x_wconf 81' lang='lat' dir='ltr'>XXXII.</span> <span class='ocrx_word' id='word_1_53' title='bbox 462 565 572 600; x_wconf 85' lang='lat' dir='ltr'><em>Pater</em></span> <span class='ocrx_word' id='word_1_54' title='bbox 597 568 715 600; x_wconf 84' lang='lat' dir='ltr'><em>vester</em></span> <span class='ocrx_word' id='word_1_55' title='bbox 738 563 839 599; x_wconf 81' lang='lat' dir='ltr'><em>novit</em></span> <span class='ocrx_word' id='word_1_56' title='bbox 862 563 1033 612; x_wconf 85' lang='lat' dir='ltr'><em>quoniam</em></span> <span class='ocrx_word' id='word_1_57' title='bbox 1057 562 1114 598; x_wconf 81' lang='lat' dir='ltr'><em>his</em></span> <span class='ocrx_word' id='word_1_58' title='bbox 1135 574 1225 611; x_wconf 78' lang='lat' dir='ltr'><em>opus</em></span> <span class='ocrx_word' id='word_1_59' title='bbox 1250 561 1412 608; x_wconf 67' lang='lat' dir='ltr'><em>habenis,-</em></span> <span class='ocrx_word' id='word_1_60' title='bbox 1454 560 1548 600; x_wconf 80' lang='lat' dir='ltr'><em>haud</em></span> <span class='ocrx_word' id='word_1_61' title='bbox 1574 561 1638 600; x_wconf 86' lang='lat' dir='ltr'><em>du·</em></span> <span class='ocrx_word' id='word_1_62' title='bbox 1661 568 1733 595; x_wconf 80' lang='lat' dir='ltr'><em>lbid-</em></span> <span class='ocrx_word' id='word_1_63' title='bbox 1750 571 1790 596; x_wconf 71' lang='lat'><em>30-</em></span> 
     </span>
     <span class='ocr_line' id='line_1_8' title="bbox 123 627 783 682; baseline 0 -15"><span class='ocrx_word' id='word_1_64' title='bbox 123 627 184 668; x_wconf 82' lang='lat' dir='ltr'><em>hie</em></span> <span class='ocrx_word' id='word_1_65' title='bbox 216 642 311 682; x_wconf 79' lang='lat' dir='ltr'><em>quae</em></span> <span class='ocrx_word' id='word_1_66' title='bbox 342 629 387 668; x_wconf 83' lang='lat' dir='ltr'><em>ad</em></span> <span class='ocrx_word' id='word_1_67' title='bbox 419 643 573 669; x_wconf 82' lang='lat' dir='ltr'><em>carnem</em></span> <span class='ocrx_word' id='word_1_68' title='bbox 605 628 783 668; x_wconf 74' lang='lat' dir='ltr'><em>attinent.</em></span> 
     </span>
     <span class='ocr_line' id='line_1_9' title="bbox 235 694 1790 746; baseline -0.001 -9"><span class='ocrx_word' id='word_1_69' title='bbox 235 694 436 737; x_wconf 79' lang='lat' dir='ltr'>XXXIII.</span> <span class='ocrx_word' id='word_1_70' title='bbox 486 698 657 746; x_wconf 73' lang='lat' dir='ltr'><em>Quaerite</em></span> <span class='ocrx_word' id='word_1_71' title='bbox 682 703 801 734; x_wconf 84' lang='lat' dir='ltr'><em>autem</em></span> <span class='ocrx_word' id='word_1_72' title='bbox 823 709 978 746; x_wconf 81' lang='lat' dir='ltr'><em>regnum</em></span> <span class='ocrx_word' id='word_1_73' title='bbox 1000 697 1078 742; x_wconf 87' lang='lat' dir='ltr'><em>dei,</em></span> <span class='ocrx_word' id='word_1_74' title='bbox 1112 703 1151 733; x_wconf 89' lang='lat' dir='ltr'><em>et</em></span> <span class='ocrx_word' id='word_1_75' title='bbox 1168 697 1257 734; x_wconf 79' lang='lat' dir='ltr'><em>haec</em></span> <span class='ocrx_word' id='word_1_76' title='bbox 1278 699 1397 735; x_wconf 82' lang='lat' dir='ltr'><em>omnia</em></span> <span class='ocrx_word' id='word_1_77' title='bbox 1419 699 1640 735; x_wconf 70' lang='lat' dir='ltr'><em>adlicientur</em></span> <span class='ocrx_word' id='word_1_78' title='bbox 1661 704 1733 732; x_wconf 80' lang='lat' dir='ltr'><em>lbid.</em></span> <span class='ocrx_word' id='word_1_79' title='bbox 1752 707 1790 732; x_wconf 80' lang='grc'><em>31.</em></span> 
     </span>
     <span class='ocr_line' id='line_1_10' title="bbox 123 765 236 803; baseline 0.009 -1"><span class='ocrx_word' id='word_1_80' title='bbox 123 765 236 803; x_wconf 86' lang='lat' dir='ltr'><em>vobis.</em></span> 
     </span>
     <span class='ocr_line' id='line_1_11' title="bbox 231 830 1790 883; baseline -0.003 -11"><span class='ocrx_word' id='word_1_81' title='bbox 231 830 434 872; x_wconf 86' lang='lat' dir='ltr'>XXXIV.</span> <span class='ocrx_word' id='word_1_82' title='bbox 480 830 555 871; x_wconf 87' lang='lat' dir='ltr'><em>Pro</em></span> <span class='ocrx_word' id='word_1_83' title='bbox 587 844 633 870; x_wconf 90' lang='lat' dir='ltr'><em>eo</em></span> <span class='ocrx_word' id='word_1_84' title='bbox 664 831 762 883; x_wconf 91' lang='lat' dir='ltr'><em>quod</em></span> <span class='ocrx_word' id='word_1_85' title='bbox 795 837 875 880; x_wconf 78' lang='lat' dir='ltr'><em>est,</em></span> <span class='ocrx_word' id='word_1_86' title='bbox 908 833 1021 869; x_wconf 86' lang='lat' dir='ltr'><em>Pater</em></span> <span class='ocrx_word' id='word_1_87' title='bbox 1049 839 1187 878; x_wconf 82' lang='lat' dir='ltr'><em>vester,</em></span> <span class='ocrx_word' id='word_1_88' title='bbox 1225 830 1410 882; x_wconf 76' lang='lat' dir='ltr'><em>habebat,</em></span> <span class='ocrx_word' id='word_1_89' title='bbox 1443 835 1566 871; x_wconf 83' lang='lat' dir='ltr'><em>Pater.</em></span> <span class='ocrx_word' id='word_1_90' title='bbox 1662 840 1790 869; x_wconf 78' lang='lat' dir='ltr'><em>lbid.3o.</em></span> 
     </span>
     <span class='ocr_line' id='line_1_12' title="bbox 232 897 1791 948; baseline -0.001 -8"><span class='ocrx_word' id='word_1_91' title='bbox 232 898 414 940; x_wconf 86' lang='lat' dir='ltr'>XXXV.</span> <span class='ocrx_word' id='word_1_92' title='bbox 457 897 534 939; x_wconf 82' lang='lat' dir='ltr'><em>Pro</em></span> <span class='ocrx_word' id='word_1_93' title='bbox 558 898 615 938; x_wconf 87' lang='lat' dir='ltr'><em>his</em></span> <span class='ocrx_word' id='word_1_94' title='bbox 640 912 755 948; x_wconf 85' lang='lat' dir='ltr'><em>vero,</em></span> <span class='ocrx_word' id='word_1_95' title='bbox 799 900 969 937; x_wconf 84' lang='lat' dir='ltr'><em>Secunda</em></span> <span class='ocrx_word' id='word_1_96' title='bbox 991 906 1058 937; x_wconf 88' lang='lat' dir='ltr'><em>aut</em></span> <span class='ocrx_word' id='word_1_97' title='bbox 1080 902 1189 937; x_wconf 79' lang='lat' dir='ltr'><em>tertia</em></span> <span class='ocrx_word' id='word_1_98' title='bbox 1211 902 1400 946; x_wconf 83' lang='lat' dir='ltr'><em>custodia,</em></span> <span class='ocrx_word' id='word_1_99' title='bbox 1436 899 1639 939; x_wconf 75' lang='lat' dir='ltr'><em>substitue·</em></span> <span class='ocrx_word' id='word_1_100' title='bbox 1662 908 1732 936; x_wconf 75' lang='lat' dir='ltr'><em>ibid.</em></span> <span class='ocrx_word' id='word_1_101' title='bbox 1752 912 1791 936; x_wconf 56' lang='lat'><em>3⁵-</em></span> 
     </span>
     <span class='ocr_line' id='line_1_13' title="bbox 123 968 705 1019; baseline -0.007 -11"><span class='ocrx_word' id='word_1_102' title='bbox 123 975 180 1008; x_wconf 78' lang='lat' dir='ltr'><em>rat</em></span> <span class='ocrx_word' id='word_1_103' title='bbox 213 970 460 1019; x_wconf 71' lang='lat' dir='ltr'><em>l&#39;espertinam</em></span> <span class='ocrx_word' id='word_1_104' title='bbox 490 968 705 1005; x_wconf 87' lang='lat' dir='ltr'><em>custodiam.</em></span> 
     </span>
     <span class='ocr_line' id='line_1_14' title="bbox 231 1033 1789 1087; baseline -0.001 -12"><span class='ocrx_word' id='word_1_105' title='bbox 231 1033 432 1075; x_wconf 89' lang='lat' dir='ltr'>XXXVI.</span> <span class='ocrx_word' id='word_1_106' title='bbox 480 1037 607 1073; x_wconf 82' lang='lat' dir='ltr'><em>Veniet</em></span> <span class='ocrx_word' id='word_1_107' title='bbox 625 1036 792 1072; x_wconf 86' lang='lat' dir='ltr'><em>dominus</em></span> <span class='ocrx_word' id='word_1_108' title='bbox 811 1037 912 1072; x_wconf 80' lang='lat' dir='ltr'><em>servi</em></span> <span class='ocrx_word' id='word_1_109' title='bbox 931 1037 1060 1082; x_wconf 88' lang='lat' dir='ltr'><em>istius,</em></span> <span class='ocrx_word' id='word_1_110' title='bbox 1094 1042 1132 1073; x_wconf 86' lang='lat' dir='ltr'><em>et</em></span> <span class='ocrx_word' id='word_1_111' title='bbox 1150 1035 1292 1073; x_wconf 86' lang='lat' dir='ltr'><em>secabit</em></span> <span class='ocrx_word' id='word_1_112' title='bbox 1312 1049 1390 1073; x_wconf 87' lang='lat' dir='ltr'><em>eum</em></span> <span class='ocrx_word' id='word_1_113' title='bbox 1402 1065 1412 1083; x_wconf 87' lang='lat'><strong><em>,</em></strong></span> <span class='ocrx_word' id='word_1_114' title='bbox 1446 1043 1482 1074; x_wconf 85' lang='lat' dir='ltr'><em>et</em></span> <span class='ocrx_word' id='word_1_115' title='bbox 1494 1043 1638 1087; x_wconf 80' lang='lat' dir='ltr'><em>partem</em></span> <span class='ocrx_word' id='word_1_116' title='bbox 1661 1043 1732 1071; x_wconf 69' lang='lat' dir='ltr'><em>ibid.</em></span> <span class='ocrx_word' id='word_1_117' title='bbox 1750 1046 1789 1071; x_wconf 73' lang='lat'><em>46.</em></span> 
     </span>
     <span class='ocr_line' id='line_1_15' title="bbox 121 1103 697 1155; baseline -0.003 -13"><span class='ocrx_word' id='word_1_118' title='bbox 121 1107 199 1142; x_wconf 80' lang='lat' dir='ltr'><em>eius</em></span> <span class='ocrx_word' id='word_1_119' title='bbox 221 1111 337 1155; x_wconf 81' lang='lat' dir='ltr'><em>ponet</em></span> <span class='ocrx_word' id='word_1_120' title='bbox 364 1117 444 1141; x_wconf 86' lang='lat' dir='ltr'><em>cum</em></span> <span class='ocrx_word' id='word_1_121' title='bbox 474 1103 697 1154; x_wconf 78' lang='lat' dir='ltr'><em>infidelibus.</em></span> 
     </span>
     <span class='ocr_line' id='line_1_16' title="bbox 231 1169 1789 1223; baseline -0.003 -12"><span class='ocrx_word' id='word_1_122' title='bbox 231 1169 454 1211; x_wconf 86' lang='lat' dir='ltr'>XXXVII.</span> <span class='ocrx_word' id='word_1_123' title='bbox 498 1172 556 1209; x_wconf 86' lang='lat' dir='ltr'><em>Ne</em></span> <span class='ocrx_word' id='word_1_124' title='bbox 565 1172 674 1223; x_wconf 88' lang='lat' dir='ltr'><em>sorte</em></span> <span class='ocrx_word' id='word_1_125' title='bbox 697 1172 823 1208; x_wconf 77' lang='lat' dir='ltr'><em>trahat</em></span> <span class='ocrx_word' id='word_1_126' title='bbox 845 1178 878 1209; x_wconf 88' lang='lat' dir='ltr'><em>te</em></span> <span class='ocrx_word' id='word_1_127' title='bbox 901 1173 950 1209; x_wconf 84' lang='lat' dir='ltr'><em>ad</em></span> <span class='ocrx_word' id='word_1_128' title='bbox 970 1173 1145 1218; x_wconf 83' lang='lat' dir='ltr'><em>iudicem,</em></span> <span class='ocrx_word' id='word_1_129' title='bbox 1181 1179 1217 1210; x_wconf 89' lang='lat' dir='ltr'><em>et</em></span> <span class='ocrx_word' id='word_1_130' title='bbox 1237 1173 1348 1209; x_wconf 71' lang='lat' dir='ltr'><em>iudea·</em></span> <span class='ocrx_word' id='word_1_131' title='bbox 1373 1173 1501 1210; x_wconf 85' lang='lat' dir='ltr'><em>tradat</em></span> <span class='ocrx_word' id='word_1_132' title='bbox 1519 1178 1553 1209; x_wconf 87' lang='lat' dir='ltr'><em>te</em></span> <span class='ocrx_word' id='word_1_133' title='bbox 1573 1186 1638 1209; x_wconf 54' lang='grc'><em>(3.1]-</em></span> <span class='ocrx_word' id='word_1_134' title='bbox 1660 1179 1731 1207; x_wconf 79' lang='lat' dir='ltr'>lbid.</span> <span class='ocrx_word' id='word_1_135' title='bbox 1750 1182 1789 1208; x_wconf 74' lang='lat'><em>58,</em></span> 
     </span>
     <span class='ocr_line' id='line_1_17' title="bbox 120 1243 251 1279; baseline 0 -1"><span class='ocrx_word' id='word_1_136' title='bbox 120 1243 251 1279; x_wconf 85' lang='lat' dir='ltr'><em>actori.</em></span> 
     </span>
     <span class='ocr_line' id='line_1_18' title="bbox 229 1304 1840 1357; baseline -0.002 -10"><span class='ocrx_word' id='word_1_137' title='bbox 229 1305 471 1347; x_wconf 88' lang='lat' dir='ltr'>XXXVIII.</span> <span class='ocrx_word' id='word_1_138' title='bbox 518 1304 739 1347; x_wconf 77' lang='lat' dir='ltr'><em>sustulerat</em></span> <span class='ocrx_word' id='word_1_139' title='bbox 764 1319 813 1346; x_wconf 85' lang='lat' dir='ltr'><em>ex</em></span> <span class='ocrx_word' id='word_1_140' title='bbox 838 1305 902 1345; x_wconf 83' lang='lat' dir='ltr'><em>illo</em></span> <span class='ocrx_word' id='word_1_141' title='bbox 930 1305 1037 1355; x_wconf 81' lang='lat' dir='ltr'><em>Ioco,</em></span> <span class='ocrx_word' id='word_1_142' title='bbox 1084 1310 1271 1345; x_wconf 74' lang='lat' dir='ltr'><em>Venerunt</em></span> <span class='ocrx_word' id='word_1_143' title='bbox 1294 1309 1440 1357; x_wconf 85' lang='lat' dir='ltr'><em>quidam</em></span> <span class='ocrx_word' id='word_1_144' title='bbox 1465 1309 1638 1346; x_wconf 78' lang='lat' dir='ltr'><em>nuntian-</em></span> <span class='ocrx_word' id='word_1_145' title='bbox 1659 1316 1730 1350; x_wconf 76' lang='lat' dir='ltr'><em>Cap.</em></span> <span class='ocrx_word' id='word_1_146' title='bbox 1751 1318 1791 1351; x_wconf 82' lang='lat'><em>13,</em></span> <span class='ocrx_word' id='word_1_147' title='bbox 1819 1319 1840 1344; x_wconf 88' lang='lat'><em>1.</em></span> 
     </span>
     <span class='ocr_line' id='line_1_19' title="bbox 120 1376 1641 1427; baseline -0.001 -13"><span class='ocrx_word' id='word_1_148' title='bbox 120 1383 172 1414; x_wconf 90' lang='lat' dir='ltr'><em>tes</em></span> <span class='ocrx_word' id='word_1_149' title='bbox 199 1378 273 1427; x_wconf 72' lang='lat' dir='ltr'><em>zpsz&#39;</em></span> <span class='ocrx_word' id='word_1_150' title='bbox 294 1377 338 1414; x_wconf 89' lang='lat' dir='ltr'><em>de</em></span> <span class='ocrx_word' id='word_1_151' title='bbox 364 1377 539 1414; x_wconf 79' lang='lat' dir='ltr'><em>Galilaeis</em></span> <span class='ocrx_word' id='word_1_152' title='bbox 551 1405 561 1422; x_wconf 88' lang='lat'><strong><em>,</em></strong></span> <span class='ocrx_word' id='word_1_153' title='bbox 606 1389 759 1426; x_wconf 83' lang='lat' dir='ltr'><em>quorum</em></span> <span class='ocrx_word' id='word_1_154' title='bbox 785 1376 1002 1424; x_wconf 81' lang='lat' dir='ltr'><em>sanguinem</em></span> <span class='ocrx_word' id='word_1_155' title='bbox 1028 1377 1230 1413; x_wconf 75' lang='lat' dir='ltr'><em>miscuerat</em></span> <span class='ocrx_word' id='word_1_156' title='bbox 1250 1376 1393 1412; x_wconf 84' lang='lat' dir='ltr'><em>Pilatus</em></span> <span class='ocrx_word' id='word_1_157' title='bbox 1418 1389 1499 1413; x_wconf 85' lang='lat' dir='ltr'><em>eum</em></span> <span class='ocrx_word' id='word_1_158' title='bbox 1524 1378 1641 1413; x_wconf 85' lang='lat' dir='ltr'><em>sacri-</em></span> 
     </span>
     <span class='ocr_line' id='line_1_20' title="bbox 105 1440 1640 1496; baseline 0 -15"><span class='ocrx_word' id='word_1_159' title='bbox 105 1444 213 1494; x_wconf 80' lang='lat' dir='ltr'><em>ficiis</em></span> <span class='ocrx_word' id='word_1_160' title='bbox 245 1458 388 1491; x_wconf 82' lang='lat' dir='ltr'><em>eorum,</em></span> <span class='ocrx_word' id='word_1_161' title='bbox 433 1456 552 1496; x_wconf 83' lang='lat' dir='ltr'><em>usque</em></span> <span class='ocrx_word' id='word_1_162' title='bbox 586 1442 632 1482; x_wconf 86' lang='lat' dir='ltr'><em>ad</em></span> <span class='ocrx_word' id='word_1_163' title='bbox 664 1455 709 1482; x_wconf 84' lang='lat' dir='ltr'><em>ea</em></span> <span class='ocrx_word' id='word_1_164' title='bbox 737 1441 873 1495; x_wconf 81' lang='lat' dir='ltr'><em>quibus</em></span> <span class='ocrx_word' id='word_1_165' title='bbox 904 1441 949 1480; x_wconf 88' lang='lat' dir='ltr'><em>de</em></span> <span class='ocrx_word' id='word_1_166' title='bbox 979 1441 1192 1481; x_wconf 81' lang='lat' dir='ltr'>octodecim</span> <span class='ocrx_word' id='word_1_167' title='bbox 1222 1440 1297 1482; x_wconf 89' lang='lat' dir='ltr'><em>illis</em></span> <span class='ocrx_word' id='word_1_168' title='bbox 1330 1448 1388 1481; x_wconf 81' lang='lat' dir='ltr'><em>est</em></span> <span class='ocrx_word' id='word_1_169' title='bbox 1418 1455 1545 1481; x_wconf 88' lang='lat' dir='ltr'><em>sermo</em></span> <span class='ocrx_word' id='word_1_170' title='bbox 1579 1442 1640 1495; x_wconf 90' lang='lat' dir='ltr'><em>qui</em></span> 
     </span>
     <span class='ocr_line' id='line_1_21' title="bbox 118 1507 1640 1565; baseline -0.002 -14"><span class='ocrx_word' id='word_1_171' title='bbox 118 1509 229 1551; x_wconf 81' lang='lat' dir='ltr'><em>ruina</em></span> <span class='ocrx_word' id='word_1_172' title='bbox 253 1510 371 1551; x_wconf 79' lang='lat' dir='ltr'><em>turris</em></span> <span class='ocrx_word' id='word_1_173' title='bbox 396 1510 566 1565; x_wconf 84' lang='lat' dir='ltr'><em>oppressi</em></span> <span class='ocrx_word' id='word_1_174' title='bbox 592 1516 694 1550; x_wconf 78' lang='lat' dir='ltr'><em>sunt.</em></span> <span class='ocrx_word' id='word_1_175' title='bbox 760 1507 851 1549; x_wconf 70' lang='lat' dir='ltr'><em>Item</em></span> <span class='ocrx_word' id='word_1_176' title='bbox 868 1540 878 1559; x_wconf 80' lang='lat'>‚</span> <span class='ocrx_word' id='word_1_177' title='bbox 922 1511 1012 1548; x_wconf 83' lang='lat' dir='ltr'><em>Nisi</em></span> <span class='ocrx_word' id='word_1_178' title='bbox 1025 1512 1287 1561; x_wconf 80' lang='lat' dir='ltr'><em>poenitentiam</em></span> <span class='ocrx_word' id='word_1_179' title='bbox 1312 1512 1485 1560; x_wconf 81' lang='lat' dir='ltr'><em>egeritis,</em></span> <span class='ocrx_word' id='word_1_180' title='bbox 1520 1523 1640 1563; x_wconf 86' lang='lat' dir='ltr'><em>usque</em></span> 
     </span>
     <span class='ocr_line' id='line_1_22' title="bbox 119 1576 1636 1632; baseline -0.001 -14"><span class='ocrx_word' id='word_1_181' title='bbox 119 1578 165 1618; x_wconf 85' lang='lat' dir='ltr'><em>ad</em></span> <span class='ocrx_word' id='word_1_182' title='bbox 189 1577 406 1632; x_wconf 83' lang='lat' dir='ltr'><em>parabolam</em></span> <span class='ocrx_word' id='word_1_183' title='bbox 430 1579 522 1618; x_wconf 86' lang='lat' dir='ltr'><em>ficus</em></span> <span class='ocrx_word' id='word_1_184' title='bbox 546 1577 590 1618; x_wconf 87' lang='lat' dir='ltr'><em>de</em></span> <span class='ocrx_word' id='word_1_185' title='bbox 610 1591 681 1631; x_wconf 82' lang='lat' dir='ltr'><em>qua</em></span> <span class='ocrx_word' id='word_1_186' title='bbox 704 1576 800 1617; x_wconf 75' lang='lat' dir='ltr'><em>dixit</em></span> <span class='ocrx_word' id='word_1_187' title='bbox 820 1576 1010 1630; x_wconf 79' lang='lat' dir='ltr'><em>agricola,</em></span> <span class='ocrx_word' id='word_1_188' title='bbox 1043 1580 1208 1625; x_wconf 87' lang='lat' dir='ltr'><em>Fodiam,</em></span> <span class='ocrx_word' id='word_1_189' title='bbox 1243 1584 1281 1615; x_wconf 83' lang='lat' dir='ltr'><em>et</em></span> <span class='ocrx_word' id='word_1_190' title='bbox 1297 1580 1437 1616; x_wconf 85' lang='lat' dir='ltr'><em>mittam</em></span> <span class='ocrx_word' id='word_1_191' title='bbox 1455 1585 1636 1624; x_wconf 74' lang='lat' dir='ltr'><em>stercora,</em></span> 
     </span>
     <span class='ocr_line' id='line_1_23' title="bbox 119 1648 668 1699; baseline -0.002 -15"><span class='ocrx_word' id='word_1_192' title='bbox 119 1654 158 1684; x_wconf 85' lang='lat' dir='ltr'><em>et</em></span> <span class='ocrx_word' id='word_1_193' title='bbox 182 1649 219 1685; x_wconf 86' lang='lat' dir='ltr'><em>si</em></span> <span class='ocrx_word' id='word_1_194' title='bbox 243 1661 315 1685; x_wconf 89' lang='lat' dir='ltr'><em>non</em></span> <span class='ocrx_word' id='word_1_195' title='bbox 334 1648 494 1699; x_wconf 84' lang='lat' dir='ltr'><em>fecerit,</em></span> <span class='ocrx_word' id='word_1_196' title='bbox 529 1648 668 1685; x_wconf 65' lang='lat' dir='ltr'><em>eoecide.</em></span> 
     </span>
     <span class='ocr_line' id='line_1_24' title="bbox 231 1712 1788 1764; baseline -0.001 -10"><span class='ocrx_word' id='word_1_197' title='bbox 231 1712 434 1754; x_wconf 84' lang='lat' dir='ltr'>XXXIX.</span> <span class='ocrx_word' id='word_1_198' title='bbox 478 1717 583 1753; x_wconf 84' lang='lat' dir='ltr'><em>Hanc</em></span> <span class='ocrx_word' id='word_1_199' title='bbox 612 1721 731 1752; x_wconf 86' lang='lat' dir='ltr'><em>aulem</em></span> <span class='ocrx_word' id='word_1_200' title='bbox 749 1715 876 1764; x_wconf 80' lang='lat' dir='ltr'><em>filiam</em></span> <span class='ocrx_word' id='word_1_201' title='bbox 906 1714 1086 1751; x_wconf 81' lang='lat' dir='ltr'><em>Abrabae</em></span> <span class='ocrx_word' id='word_1_202' title='bbox 1114 1715 1289 1764; x_wconf 63' lang='lat' dir='ltr'><em>alleg-avit</em></span> <span class='ocrx_word' id='word_1_203' title='bbox 1313 1720 1478 1752; x_wconf 84' lang='lat' dir='ltr'><em>satanas.</em></span> <span class='ocrx_word' id='word_1_204' title='bbox 1658 1722 1788 1752; x_wconf 71' lang='lat' dir='ltr'><em>wid-16.</em></span> 
     </span>
     <span class='ocr_line' id='line_1_25' title="bbox 228 1779 1786 1828; baseline -0.002 -7"><span class='ocrx_word' id='word_1_205' title='bbox 228 1779 322 1821; x_wconf 91' lang='lat' dir='ltr'>XL.</span> <span class='ocrx_word' id='word_1_206' title='bbox 365 1780 460 1822; x_wconf 85' lang='lat' dir='ltr'><em>Item</em></span> <span class='ocrx_word' id='word_1_207' title='bbox 485 1781 575 1821; x_wconf 84' lang='lat' dir='ltr'><em>illud</em></span> <span class='ocrx_word' id='word_1_208' title='bbox 598 1780 757 1821; x_wconf 82' lang='lat' dir='ltr'><em>ademit:</em></span> <span class='ocrx_word' id='word_1_209' title='bbox 795 1783 895 1819; x_wconf 86' lang='lat' dir='ltr'><em>Tunc</em></span> <span class='ocrx_word' id='word_1_210' title='bbox 915 1782 1082 1819; x_wconf 80' lang='lat' dir='ltr'><em>videbitis</em></span> <span class='ocrx_word' id='word_1_211' title='bbox 1104 1782 1293 1828; x_wconf 87' lang='lat' dir='ltr'><em>Abraam,</em></span> <span class='ocrx_word' id='word_1_212' title='bbox 1328 1783 1435 1819; x_wconf 80' lang='lat' dir='ltr'><em>Isaac</em></span> <span class='ocrx_word' id='word_1_213' title='bbox 1451 1788 1487 1819; x_wconf 88' lang='lat' dir='ltr'><em>et</em></span> <span class='ocrx_word' id='word_1_214' title='bbox 1507 1781 1632 1828; x_wconf 80' lang='lat' dir='ltr'><em>Iacob,</em></span> <span class='ocrx_word' id='word_1_215' title='bbox 1655 1789 1728 1818; x_wconf 80' lang='lat' dir='ltr'>lbid.</span> <span class='ocrx_word' id='word_1_216' title='bbox 1744 1792 1786 1818; x_wconf 78' lang='lat'><em>28.</em></span> 
     </span>
     <span class='ocr_line' id='line_1_26' title="bbox 117 1846 1637 1903; baseline -0.001 -15"><span class='ocrx_word' id='word_1_217' title='bbox 117 1857 156 1889; x_wconf 86' lang='lat' dir='ltr'><em>et</em></span> <span class='ocrx_word' id='word_1_218' title='bbox 175 1865 296 1889; x_wconf 88' lang='lat' dir='ltr'><em>omnes</em></span> <span class='ocrx_word' id='word_1_219' title='bbox 317 1852 516 1901; x_wconf 73' lang='lat' dir='ltr'><em>prophetas</em></span> <span class='ocrx_word' id='word_1_220' title='bbox 541 1852 577 1888; x_wconf 76' lang='lat' dir='ltr'><em>in</em></span> <span class='ocrx_word' id='word_1_221' title='bbox 599 1864 714 1900; x_wconf 81' lang='lat' dir='ltr'><em>regno</em></span> <span class='ocrx_word' id='word_1_222' title='bbox 738 1851 807 1887; x_wconf 86' lang='lat' dir='ltr'><em>dei.</em></span> <span class='ocrx_word' id='word_1_223' title='bbox 871 1846 948 1888; x_wconf 89' lang='lat' dir='ltr'><em>Pro</em></span> <span class='ocrx_word' id='word_1_224' title='bbox 974 1863 1047 1902; x_wconf 88' lang='lat' dir='ltr'><em>quo</em></span> <span class='ocrx_word' id='word_1_225' title='bbox 1071 1848 1291 1903; x_wconf 78' lang='lat' dir='ltr'><em>rescripsit,</em></span> <span class='ocrx_word' id='word_1_226' title='bbox 1327 1851 1415 1887; x_wconf 87' lang='lat' dir='ltr'><em>Cum</em></span> <span class='ocrx_word' id='word_1_227' title='bbox 1438 1863 1559 1887; x_wconf 82' lang='lat' dir='ltr'><em>omnes</em></span> <span class='ocrx_word' id='word_1_228' title='bbox 1582 1852 1637 1887; x_wconf 85' lang='lat' dir='ltr'><em>iu-</em></span> 
     </span>
     <span class='ocr_line' id='line_1_27' title="bbox 116 1915 1637 1968; baseline -0.001 -11"><span class='ocrx_word' id='word_1_229' title='bbox 116 1925 192 1957; x_wconf 84' lang='lat' dir='ltr'><em>stos</em></span> <span class='ocrx_word' id='word_1_230' title='bbox 216 1920 382 1957; x_wconf 86' lang='lat' dir='ltr'><em>videritis</em></span> <span class='ocrx_word' id='word_1_231' title='bbox 405 1921 441 1956; x_wconf 83' lang='lat' dir='ltr'><em>in</em></span> <span class='ocrx_word' id='word_1_232' title='bbox 464 1931 580 1968; x_wconf 78' lang='lat' dir='ltr'><em>regno</em></span> <span class='ocrx_word' id='word_1_233' title='bbox 601 1919 677 1964; x_wconf 86' lang='lat' dir='ltr'><em>dei,</em></span> <span class='ocrx_word' id='word_1_234' title='bbox 714 1931 774 1955; x_wconf 84' lang='lat' dir='ltr'><em>vos</em></span> <span class='ocrx_word' id='word_1_235' title='bbox 795 1924 923 1955; x_wconf 78' lang='lat' dir='ltr'><em>autem</em></span> <span class='ocrx_word' id='word_1_236' title='bbox 937 1919 1120 1956; x_wconf 71' lang='lat' dir='ltr'><em>eoeclusos.</em></span> <span class='ocrx_word' id='word_1_237' title='bbox 1186 1915 1340 1956; x_wconf 79' lang='lat' dir='ltr'><em>Adiecit</em></span> <span class='ocrx_word' id='word_1_238' title='bbox 1364 1929 1481 1968; x_wconf 79' lang='lat' dir='ltr'><em>vero,</em></span> <span class='ocrx_word' id='word_1_239' title='bbox 1514 1919 1637 1955; x_wconf 83' lang='lat' dir='ltr'><em>deten-</em></span> 
     </span>
     <span class='ocr_line' id='line_1_28' title="bbox 119 1987 1187 2039; baseline -0.002 -14"><span class='ocrx_word' id='word_1_240' title='bbox 119 1994 173 2025; x_wconf 86' lang='lat' dir='ltr'><em>tos</em></span> <span class='ocrx_word' id='word_1_241' title='bbox 194 1987 321 2039; x_wconf 85' lang='lat' dir='ltr'><em>soris:</em></span> <span class='ocrx_word' id='word_1_242' title='bbox 355 1991 414 2035; x_wconf 77' lang='lat' dir='ltr'><em>el,</em></span> <span class='ocrx_word' id='word_1_243' title='bbox 447 1987 529 2024; x_wconf 81' lang='lat' dir='ltr'><em>Illic</em></span> <span class='ocrx_word' id='word_1_244' title='bbox 558 1992 613 2023; x_wconf 88' lang='lat' dir='ltr'><em>est</em></span> <span class='ocrx_word' id='word_1_245' title='bbox 631 1988 750 2037; x_wconf 86' lang='lat' dir='ltr'><em>fletus</em></span> <span class='ocrx_word' id='word_1_246' title='bbox 779 1992 815 2023; x_wconf 88' lang='lat' dir='ltr'><em>et</em></span> <span class='ocrx_word' id='word_1_247' title='bbox 842 1987 984 2023; x_wconf 87' lang='lat' dir='ltr'><em>stridor</em></span> <span class='ocrx_word' id='word_1_248' title='bbox 1011 1987 1187 2024; x_wconf 83' lang='lat' dir='ltr'><em>dentium.</em></span> 
     </span>
    </p>
   </div>
   <div class='ocr_carea' id='block_1_3' title="bbox 105 2118 1784 2712">
    <p class='ocr_par' dir='ltr' id='par_1_3' title="bbox 105 2118 1784 2579">
     <span class='ocr_line' id='line_1_29' title="bbox 226 2118 1784 2167; baseline -0.002 -6"><span class='ocrx_word' id='word_1_249' title='bbox 226 2119 340 2161; x_wconf 84' lang='lat' dir='ltr'>XLI.</span> <span class='ocrx_word' id='word_1_250' title='bbox 385 2118 479 2160; x_wconf 79' lang='lat' dir='ltr'><em>Item</em></span> <span class='ocrx_word' id='word_1_251' title='bbox 503 2120 589 2160; x_wconf 88' lang='lat' dir='ltr'><em>illud</em></span> <span class='ocrx_word' id='word_1_252' title='bbox 614 2120 787 2160; x_wconf 74' lang='lat' dir='ltr'><em>sustulit:</em></span> <span class='ocrx_word' id='word_1_253' title='bbox 822 2123 976 2159; x_wconf 79' lang='lat' dir='ltr'><em>Venient</em></span> <span class='ocrx_word' id='word_1_254' title='bbox 994 2122 1040 2159; x_wconf 91' lang='lat' dir='ltr'><em>ab</em></span> <span class='ocrx_word' id='word_1_255' title='bbox 1059 2123 1200 2160; x_wconf 85' lang='lat' dir='ltr'><em>oriente</em></span> <span class='ocrx_word' id='word_1_256' title='bbox 1219 2128 1257 2159; x_wconf 82' lang='lat' dir='ltr'><em>et</em></span> <span class='ocrx_word' id='word_1_257' title='bbox 1278 2123 1482 2167; x_wconf 82' lang='lat' dir='ltr'><em>occidente,</em></span> <span class='ocrx_word' id='word_1_258' title='bbox 1517 2128 1555 2158; x_wconf 86' lang='lat' dir='ltr'><em>et</em></span> <span class='ocrx_word' id='word_1_259' title='bbox 1574 2134 1633 2159; x_wconf 85' lang='lat' dir='ltr'><em>re·</em></span> <span class='ocrx_word' id='word_1_260' title='bbox 1652 2129 1724 2157; x_wconf 85' lang='lat' dir='ltr'>lbid.</span> <span class='ocrx_word' id='word_1_261' title='bbox 1744 2132 1784 2158; x_wconf 81' lang='lat'><em>29.</em></span> 
     </span>
     <span class='ocr_line' id='line_1_30' title="bbox 117 2186 1635 2240; baseline -0.001 -12"><span class='ocrx_word' id='word_1_262' title='bbox 117 2191 285 2228; x_wconf 86' lang='lat' dir='ltr'><em>cumbent</em></span> <span class='ocrx_word' id='word_1_263' title='bbox 303 2193 340 2228; x_wconf 86' lang='lat' dir='ltr'><em>in</em></span> <span class='ocrx_word' id='word_1_264' title='bbox 360 2203 489 2239; x_wconf 79' lang='lat' dir='ltr'><em>regno.</em></span> <span class='ocrx_word' id='word_1_265' title='bbox 542 2186 642 2227; x_wconf 86' lang='lat' dir='ltr'><em>Tum</em></span> <span class='ocrx_word' id='word_1_266' title='bbox 664 2187 777 2227; x_wconf 84' lang='lat' dir='ltr'>illud:</span> <span class='ocrx_word' id='word_1_267' title='bbox 810 2191 935 2227; x_wconf 85' lang='lat' dir='ltr'><em>Erunt</em></span> <span class='ocrx_word' id='word_1_268' title='bbox 953 2191 1144 2228; x_wconf 77' lang='lat' dir='ltr'><em>novissimi</em></span> <span class='ocrx_word' id='word_1_269' title='bbox 1156 2191 1282 2240; x_wconf 79' lang='lat' dir='ltr'><em>primi.</em></span> <span class='ocrx_word' id='word_1_270' title='bbox 1347 2186 1362 2227; x_wconf 95' lang='lat' dir='ltr'>I</span> <span class='ocrx_word' id='word_1_271' title='bbox 1369 2195 1464 2227; x_wconf 74' lang='lat' dir='ltr'><em>lem:</em></span> <span class='ocrx_word' id='word_1_272' title='bbox 1496 2192 1635 2226; x_wconf 87' lang='lat' dir='ltr'><em>Acces-</em></span> 
     </span>
     <span class='ocr_line' id='line_1_31' title="bbox 115 2257 1634 2309; baseline -0.002 -12"><span class='ocrx_word' id='word_1_273' title='bbox 115 2265 244 2297; x_wconf 85' lang='lat' dir='ltr'><em>serant</em></span> <span class='ocrx_word' id='word_1_274' title='bbox 266 2259 461 2296; x_wconf 81' lang='lat' dir='ltr'><em>Pharisaei</em></span> <span class='ocrx_word' id='word_1_275' title='bbox 476 2258 657 2302; x_wconf 68' lang='lat' dir='ltr'><em>dicentes,</em></span> <span class='ocrx_word' id='word_1_276' title='bbox 691 2258 771 2294; x_wconf 66' lang='lat' dir='ltr'><em>Em·</em></span> <span class='ocrx_word' id='word_1_277' title='bbox 786 2264 823 2295; x_wconf 86' lang='lat' dir='ltr'><em>et</em></span> <span class='ocrx_word' id='word_1_278' title='bbox 842 2259 952 2304; x_wconf 76' lang='lat' dir='ltr'><em>vade,</em></span> <span class='ocrx_word' id='word_1_279' title='bbox 987 2260 1156 2309; x_wconf 85' lang='lat' dir='ltr'><em>quoniam</em></span> <span class='ocrx_word' id='word_1_280' title='bbox 1179 2259 1343 2295; x_wconf 88' lang='lat' dir='ltr'><em>Herodes</em></span> <span class='ocrx_word' id='word_1_281' title='bbox 1367 2257 1445 2294; x_wconf 72' lang='lat' dir='ltr'><em>vult</em></span> <span class='ocrx_word' id='word_1_282' title='bbox 1464 2263 1498 2294; x_wconf 89' lang='lat' dir='ltr'><em>te</em></span> <span class='ocrx_word' id='word_1_283' title='bbox 1520 2259 1634 2294; x_wconf 83' lang='lat' dir='ltr'><em>inter-</em></span> 
     </span>
     <span class='ocr_line' id='line_1_32' title="bbox 105 2323 1632 2377; baseline -0.001 -13"><span class='ocrx_word' id='word_1_284' title='bbox 105 2327 240 2377; x_wconf 83' lang='lat' dir='ltr'><em>ficere.</em></span> <span class='ocrx_word' id='word_1_285' title='bbox 290 2323 376 2364; x_wconf 86' lang='lat' dir='ltr'><em>Nec</em></span> <span class='ocrx_word' id='word_1_286' title='bbox 400 2338 474 2363; x_wconf 91' lang='lat' dir='ltr'><em>non</em></span> <span class='ocrx_word' id='word_1_287' title='bbox 501 2330 539 2362; x_wconf 74' lang='lat' dir='ltr'><em>et</em></span> <span class='ocrx_word' id='word_1_288' title='bbox 563 2323 685 2362; x_wconf 78' lang='lat' dir='ltr'><em>istud:</em></span> <span class='ocrx_word' id='word_1_289' title='bbox 727 2326 852 2371; x_wconf 63' lang='lat' dir='ltr'><em>Del‘tit,</em></span> <span class='ocrx_word' id='word_1_290' title='bbox 896 2325 1087 2364; x_wconf 86' lang='lat' dir='ltr'><em>Abeuntes</em></span> <span class='ocrx_word' id='word_1_291' title='bbox 1108 2327 1219 2363; x_wconf 81' lang='lat' dir='ltr'><em>dicite</em></span> <span class='ocrx_word' id='word_1_292' title='bbox 1242 2325 1344 2374; x_wconf 77' lang='lat' dir='ltr'><em>vulpi</em></span> <span class='ocrx_word' id='word_1_293' title='bbox 1361 2325 1467 2370; x_wconf 81' lang='lat' dir='ltr'><em>lzuic,</em></span> <span class='ocrx_word' id='word_1_294' title='bbox 1514 2337 1632 2376; x_wconf 85' lang='lat' dir='ltr'><em>usque</em></span> 
     </span>
     <span class='ocr_line' id='line_1_33' title="bbox 117 2390 1630 2442; baseline -0.003 -9"><span class='ocrx_word' id='word_1_295' title='bbox 117 2393 163 2433; x_wconf 85' lang='lat' dir='ltr'><em>ad</em></span> <span class='ocrx_word' id='word_1_296' title='bbox 192 2406 258 2442; x_wconf 81' lang='lat' dir='ltr'><em>ea,</em></span> <span class='ocrx_word' id='word_1_297' title='bbox 302 2394 387 2431; x_wconf 87' lang='lat' dir='ltr'><em>Non</em></span> <span class='ocrx_word' id='word_1_298' title='bbox 417 2394 515 2442; x_wconf 82' lang='lat' dir='ltr'><em>capit</em></span> <span class='ocrx_word' id='word_1_299' title='bbox 538 2393 753 2442; x_wconf 80' lang='lat' dir='ltr'><em>prophetam</em></span> <span class='ocrx_word' id='word_1_300' title='bbox 784 2395 904 2430; x_wconf 88' lang='lat' dir='ltr'><em>occidi</em></span> <span class='ocrx_word' id='word_1_301' title='bbox 928 2400 1037 2431; x_wconf 69' lang='lat' dir='ltr'><em>eoetra</em></span> <span class='ocrx_word' id='word_1_302' title='bbox 1062 2394 1305 2431; x_wconf 84' lang='lat' dir='ltr'><em>Hierusalem.</em></span> <span class='ocrx_word' id='word_1_303' title='bbox 1372 2390 1465 2430; x_wconf 84' lang='lat' dir='ltr'>Illud</span> <span class='ocrx_word' id='word_1_304' title='bbox 1494 2391 1630 2430; x_wconf 77' lang='lat' dir='ltr'><em>eIIam:</em></span> 
     </span>
     <span class='ocr_line' id='line_1_34' title="bbox 116 2461 1633 2512; baseline -0.001 -13"><span class='ocrx_word' id='word_1_305' title='bbox 116 2462 366 2507; x_wconf 81' lang='lat' dir='ltr'><em>Hierusalem,</em></span> <span class='ocrx_word' id='word_1_306' title='bbox 400 2461 651 2505; x_wconf 71' lang='lat' dir='ltr'><em>Hierusalem,</em></span> <span class='ocrx_word' id='word_1_307' title='bbox 686 2473 778 2510; x_wconf 85' lang='lat' dir='ltr'><em>quae</em></span> <span class='ocrx_word' id='word_1_308' title='bbox 799 2463 934 2499; x_wconf 76' lang='lat' dir='ltr'><em>occt‘dis</em></span> <span class='ocrx_word' id='word_1_309' title='bbox 952 2462 1167 2512; x_wconf 76' lang='lat' dir='ltr'><em>prophetas,</em></span> <span class='ocrx_word' id='word_1_310' title='bbox 1202 2467 1239 2498; x_wconf 86' lang='lat' dir='ltr'><em>et</em></span> <span class='ocrx_word' id='word_1_311' title='bbox 1257 2461 1398 2510; x_wconf 84' lang='lat' dir='ltr'><em>lapidas</em></span> <span class='ocrx_word' id='word_1_312' title='bbox 1421 2473 1481 2497; x_wconf 84' lang='lat' dir='ltr'><em>eos</em></span> <span class='ocrx_word' id='word_1_313' title='bbox 1503 2461 1570 2510; x_wconf 85' lang='lat' dir='ltr'><em>qui</em></span> <span class='ocrx_word' id='word_1_314' title='bbox 1583 2461 1633 2497; x_wconf 87' lang='lat' dir='ltr'><em>ad</em></span> 
     </span>
     <span class='ocr_line' id='line_1_35' title="bbox 118 2526 1683 2579; baseline -0.001 -13"><span class='ocrx_word' id='word_1_315' title='bbox 118 2535 151 2566; x_wconf 87' lang='lat' dir='ltr'><em>te</em></span> <span class='ocrx_word' id='word_1_316' title='bbox 170 2531 276 2567; x_wconf 84' lang='lat' dir='ltr'><em>missi</em></span> <span class='ocrx_word' id='word_1_317' title='bbox 288 2536 387 2566; x_wconf 87' lang='lat' dir='ltr'><em>sunt.</em></span> <span class='ocrx_word' id='word_1_318' title='bbox 441 2526 558 2567; x_wconf 84' lang='lat' dir='ltr'><em>Item:</em></span> <span class='ocrx_word' id='word_1_319' title='bbox 592 2529 709 2578; x_wconf 77' lang='lat' dir='ltr'><em>Saepe</em></span> <span class='ocrx_word' id='word_1_320' title='bbox 727 2529 829 2566; x_wconf 87' lang='lat' dir='ltr'><em>volui</em></span> <span class='ocrx_word' id='word_1_321' title='bbox 845 2542 1088 2579; x_wconf 81' lang='lat' dir='ltr'><em>congregare,</em></span> <span class='ocrx_word' id='word_1_322' title='bbox 1116 2530 1213 2566; x_wconf 84' lang='lat' dir='ltr'><em>sicut</em></span> <span class='ocrx_word' id='word_1_323' title='bbox 1228 2529 1373 2578; x_wconf 74' lang='lat' dir='ltr'><em>gallina</em></span> <span class='ocrx_word' id='word_1_324' title='bbox 1384 2528 1510 2578; x_wconf 80' lang='lat' dir='ltr'><em>pullos</em></span> <span class='ocrx_word' id='word_1_325' title='bbox 1528 2541 1627 2565; x_wconf 85' lang='lat' dir='ltr'><em>suos.</em></span> <span class='ocrx_word' id='word_1_326' title='bbox 1678 2548 1683 2554; x_wconf 91' lang='lat'>·</span> 
     </span>
    </p>

    <p class='ocr_par' dir='ltr' id='par_1_4' title="bbox 116 2593 1631 2712">
     <span class='ocr_line' id='line_1_36' title="bbox 117 2593 1631 2647; baseline -0.002 -12"><span class='ocrx_word' id='word_1_327' title='bbox 117 2593 190 2635; x_wconf 82' lang='lat' dir='ltr'><em>Et:</em></span> <span class='ocrx_word' id='word_1_328' title='bbox 223 2598 462 2647; x_wconf 79' lang='lat' dir='ltr'><em>Relinquetur</em></span> <span class='ocrx_word' id='word_1_329' title='bbox 481 2595 579 2633; x_wconf 80' lang='lat' dir='ltr'><em>vobis</em></span> <span class='ocrx_word' id='word_1_330' title='bbox 602 2597 728 2633; x_wconf 85' lang='lat' dir='ltr'><em>domus</em></span> <span class='ocrx_word' id='word_1_331' title='bbox 746 2603 878 2634; x_wconf 84' lang='lat' dir='ltr'><em>vestra.</em></span> <span class='ocrx_word' id='word_1_332' title='bbox 943 2593 1015 2634; x_wconf 81' lang='lat' dir='ltr'><em>Et:</em></span> <span class='ocrx_word' id='word_1_333' title='bbox 1049 2598 1133 2633; x_wconf 81' lang='lat' dir='ltr'><em>Non</em></span> <span class='ocrx_word' id='word_1_334' title='bbox 1153 2610 1208 2633; x_wconf 84' lang='lat' dir='ltr'><em>me</em></span> <span class='ocrx_word' id='word_1_335' title='bbox 1226 2595 1412 2641; x_wconf 72' lang='lat' dir='ltr'><em>videbitis,</em></span> <span class='ocrx_word' id='word_1_336' title='bbox 1446 2596 1559 2633; x_wconf 87' lang='lat' dir='ltr'><em>donec</em></span> <span class='ocrx_word' id='word_1_337' title='bbox 1576 2597 1631 2633; x_wconf 81' lang='lat' dir='ltr'><em>di-</em></span> 
     </span>
     <span class='ocr_line' id='line_1_37' title="bbox 116 2666 495 2712; baseline -0.005 -10"><span class='ocrx_word' id='word_1_338' title='bbox 116 2667 230 2712; x_wconf 85' lang='lat' dir='ltr'><em>catis,</em></span> <span class='ocrx_word' id='word_1_339' title='bbox 264 2666 495 2703; x_wconf 83' lang='lat' dir='ltr'><em>Benedictus.</em></span> 
     </span>
    </p>
   </div>
   <div class='ocr_carea' id='block_1_4' title="bbox 162 2781 1631 2830">
    <p class='ocr_par' dir='ltr' id='par_1_5' title="bbox 162 2781 1631 2830">
     <span class='ocr_line' id='line_1_38' title="bbox 162 2781 1631 2830; baseline -0.002 -9"><span class='ocrx_word' id='word_1_340' title='bbox 162 2787 212 2821; x_wconf 79' lang='lat'><em>18.</em></span> <span class='ocrx_word' id='word_1_341' title='bbox 237 2782 306 2830; x_wconf 71' lang='grc' dir='ltr'><strong>ἔτι,</strong></span> <span class='ocrx_word' id='word_1_342' title='bbox 330 2786 387 2821; x_wconf 72' lang='grc' dir='ltr'><em>καὶ</em></span> <span class='ocrx_word' id='word_1_343' title='bbox 412 2784 548 2820; x_wconf 76' lang='grc' dir='ltr'>σκάπτω</span> <span class='ocrx_word' id='word_1_344' title='bbox 571 2787 636 2817; x_wconf 86' lang='lat' dir='ltr'><em>cod.</em></span> <span class='ocrx_word' id='word_1_345' title='bbox 663 2786 758 2817; x_wconf 59' lang='lat' dir='ltr'><em>ratic.</em></span> <span class='ocrx_word' id='word_1_346' title='bbox 936 2787 990 2819; x_wconf 74' lang='lat'><em>20.</em></span> <span class='ocrx_word' id='word_1_347' title='bbox 1017 2788 1112 2819; x_wconf 83' lang='lat' dir='ltr'><em>Verba</em></span> <span class='ocrx_word' id='word_1_348' title='bbox 1136 2785 1193 2819; x_wconf 71' lang='grc' dir='ltr'><em>καὶ</em></span> <span class='ocrx_word' id='word_1_349' title='bbox 1216 2783 1274 2827; x_wconf 82' lang='grc' dir='ltr'><em>τὸ,</em></span> <span class='ocrx_word' id='word_1_350' title='bbox 1304 2783 1544 2828; x_wconf 73' lang='grc' dir='ltr'>Ἰερουσαλήμ,</span> <span class='ocrx_word' id='word_1_351' title='bbox 1569 2781 1631 2819; x_wconf 86' lang='grc' dir='ltr'><em>Ἱε-</em></span> 
     </span>
    </p>
   </div>
   <div class='ocr_carea' id='block_1_5' title="bbox 119 2827 1630 2916">
    <p class='ocr_par' dir='ltr' id='par_1_6' title="bbox 119 2827 1630 2916">
     <span class='ocr_line' id='line_1_39' title="bbox 163 2827 1630 2875; baseline -0.003 -9"><span class='ocrx_word' id='word_1_352' title='bbox 163 2831 213 2866; x_wconf 87' lang='grc'><em>19.</em></span> <span class='ocrx_word' id='word_1_353' title='bbox 231 2835 318 2866; x_wconf 79' lang='lat' dir='ltr'><em>Recle</em></span> <span class='ocrx_word' id='word_1_354' title='bbox 333 2834 418 2873; x_wconf 79' lang='lat' dir='ltr'><em>infra</em></span> <span class='ocrx_word' id='word_1_355' title='bbox 431 2827 845 2875; x_wconf 63' lang='grc' dir='ltr'>ΠροςέῒὲηκεμνοἘποίη-</span> <span class='ocrx_word' id='word_1_356' title='bbox 893 2830 1085 2874; x_wconf 76' lang='grc' dir='ltr'>ρουσαλῆμ,</span> <span class='ocrx_word' id='word_1_357' title='bbox 1110 2841 1187 2872; x_wconf 85' lang='lat' dir='ltr'><em>quae</em></span> <span class='ocrx_word' id='word_1_358' title='bbox 1214 2833 1305 2872; x_wconf 69' lang='lat' dir='ltr'><em>vulgo</em></span> <span class='ocrx_word' id='word_1_359' title='bbox 1329 2833 1560 2872; x_wconf 79' lang='lat' dir='ltr'><em>desiderantur,</em></span> <span class='ocrx_word' id='word_1_360' title='bbox 1583 2842 1630 2863; x_wconf 85' lang='lat' dir='ltr'><em>re—</em></span> 
     </span>
     <span class='ocr_line' id='line_1_40' title="bbox 119 2877 1504 2916; baseline -0.003 -5"><span class='ocrx_word' id='word_1_361' title='bbox 119 2888 166 2911; x_wconf 85' lang='grc' dir='ltr'><em>σε.</em></span> <span class='ocrx_word' id='word_1_362' title='bbox 889 2879 979 2916; x_wconf 79' lang='lat' dir='ltr'><em>posui</em></span> <span class='ocrx_word' id='word_1_363' title='bbox 1002 2886 1040 2909; x_wconf 79' lang='lat' dir='ltr'><em>ex</em></span> <span class='ocrx_word' id='word_1_364' title='bbox 1064 2878 1242 2908; x_wconf 70' lang='lat' dir='ltr'><em>auctoritate</em></span> <span class='ocrx_word' id='word_1_365' title='bbox 1266 2877 1332 2908; x_wconf 86' lang='lat' dir='ltr'><em>cod.</em></span> <span class='ocrx_word' id='word_1_366' title='bbox 1355 2877 1504 2909; x_wconf 77' lang='lat' dir='ltr'><em>Vaticani.</em></span> 
     </span>
    </p>
   </div>
  </div>
 </body>
</html>
