2034 3267
560 192 617 224 AD
638 192 884 225 EPISTOLAM
908 192 1050 225 AcAcn
1073 189 1297 225 ET‘PAULI.
1659 188 1683 226 9

173 284 241 312 cae
270 270 458 311 ecclesiae
490 270 599 311 fidem
630 285 650 311 a
685 270 794 311 nobis
823 285 1049 326 expressam
1076 279 1343 326 percurrentes
1372 272 1590 312 condonare
1619 287 1685 313 ve-

172 338 273 389 litis,
317 345 446 392 utpote
475 338 708 389 hominibus,
750 346 788 378 et
819 338 869 378 ita
898 339 1136 393 potissimum
1163 339 1333 389 affectis,
1375 347 1417 379 ut
1441 354 1523 380 cum
1552 340 1684 381 labore

172 419 216 445 ac
246 406 374 445 divino
405 406 490 445 zelo
524 406 674 460 pietatis
702 412 828 460 partes
858 420 1097 459 propugnare
1124 421 1328 456 conemur,
1365 406 1479 457 illud,
1512 407 1681 461 inquam,

170 471 404 526 ignoscatis,
447 473 479 512 si
507 473 593 526 quid
623 473 733 526 paulo
766 471 926 526 amplius
955 486 999 511 ac
1023 474 1279 526 praestantius
1312 474 1356 514 ad
1385 475 1613 515 sanctissimi
1648 481 1685 514 et

171 540 274 579 omni
310 541 558 580 veneratione
592 538 802 593 dignissimi
841 539 1090 592 patrocinium
1124 540 1288 580 nominis
1324 555 1509 596 usurpare
1546 541 1684 582 divinis

173 607 258 647 freti
283 607 426 647 viribus
452 607 534 647 ausi
559 606 756 654 fuerimus,
790 605 826 644 id
852 605 971 659 ipsum
998 607 1233 646 concedente
1259 608 1346 657 deo,
1380 609 1682 663 quandoquidem

173 687 216 714 ea
240 688 335 728 quae
360 675 574 714 facultatem
598 680 766 713 nostram
793 679 977 726 superant
1002 672 1243 725 inquirimus.
1302 673 1405 714 Nam
1429 683 1467 715 et
1493 691 1559 730 pro
1582 676 1685 717 veri-

171 748 250 781 tate
275 742 398 781 oratio
421 742 509 791 ista,
542 747 580 779 et
600 754 667 793 pro
690 739 829 793 pietate
851 739 1063 779 lucubratio
1085 740 1307 794 suscipitur.
1367 741 1428 781 Ad
1452 743 1545 783 haec
1567 744 1684 784 vehe-

171 816 320 848 menter
343 823 364 849 a
386 809 493 848 vobis
514 806 678 861 postulo,
712 813 754 846 ut
777 806 809 845 si
835 806 921 859 quid
944 807 1042 846 forte
1064 807 1266 860 reperiatis
1285 832 1341 837 —
1362 822 1585 862 quamquam
1608 825 1682 850 non

170 876 260 915 illud
284 876 378 915 adeo
404 875 520 914 moris
543 880 601 914 est
622 873 748 923 nobis,
781 873 962 913 vellicare
987 874 1217 928 quempiam,
1251 883 1315 914 aut
1338 876 1374 915 in
1402 890 1486 915 eum
1509 878 1607 916 dicta
1630 878 1684 918 ia-

171 957 283 992 eere3
305 967 356 972 —
376 955 509 981 verum
532 941 562 980 si
588 955 655 995 pro
675 941 943 981 ardentissimo
966 948 1098 981 nostro
1125 942 1311 982 adversus
1335 943 1517 983 haereses
1542 945 1681 993 studio,

171 1018 209 1050 et
233 1017 272 1050 ut
291 1009 455 1048 lectores
479 1008 524 1047 ab
547 1008 593 1048 iis
620 1009 907 1058 deterreamus,
941 1009 1168 1049 concitatius
1191 1010 1329 1063 aliquid
1351 1011 1583 1060 dixerimus,
1626 1018 1685 1050 ut-

170 1085 256 1132 puta
281 1076 312 1116 si
337 1075 591 1129 impostores,
625 1076 898 1126 circulatores,
932 1083 998 1115 aut
1023 1076 1186 1117 miseros
1213 1078 1465 1131 appellemus,
1498 1079 1533 1118 id
1559 1078 1684 1118 velitis

168 1145 386 1198 ignoscere.
446 1142 549 1183 Nam
573 1150 612 1183 et
634 1143 716 1198 ipsa
740 1143 960 1183 certaminis
986 1157 1028 1183 ac
1053 1144 1320 1198 disputationis
1343 1144 1557 1185 necessitas
1583 1144 1684 1185 eius—

167 1210 265 1250 modi
291 1210 460 1250 laborem
483 1210 593 1250 nobis
616 1210 817 1265 imposuit,
852 1225 925 1264 quo
951 1211 997 1251 ab
1022 1211 1096 1251 illis
1117 1212 1283 1252 lectores
1305 1220 1578 1263 avocarentur,
1612 1212 1686 1252 uti-

166 1291 239 1331 que
262 1277 411 1317 illorum
435 1279 649 1318 functiones
671 1279 855 1333 mysteria
878 1293 922 1318 ac
944 1279 1119 1332 dogmata
1143 1280 1189 1319 ab
1213 1280 1386 1320 instituto
1408 1286 1540 1320 nostro
1559 1280 1686 1320 aliena

166 1358 254 1384 esse
280 1352 393 1399 atque
425 1345 628 1385 interdicta
660 1353 877 1396 constaret,
921 1353 1033 1399 atque
1063 1353 1104 1386 ut
1133 1361 1183 1386 ex
1212 1347 1385 1386 oratione
1416 1347 1498 1402 ipsa
1531 1354 1569 1387 et
1596 1362 1686 1387 acu-

166 1413 267 1452 mine
302 1412 568 1467 disputationis
597 1412 784 1453 libertatis
817 1413 1008 1466 ingenuae
1040 1414 1232 1467 specimen
1262 1415 1486 1464 ederemus,
1533 1422 1610 1454 tum
1647 1421 1686 1454 ut

167 1480 330 1533 denique
362 1480 496 1520 maiori
527 1479 592 1519 illa
624 1481 829 1520 verborum
862 1481 1068 1535 asperitate
1103 1481 1250 1535 aliquos
1283 1482 1417 1522 saltem
1456 1481 1501 1522 ab
1533 1482 1683 1522 illorum

167 1548 397 1601 contagione
428 1561 614 1588 revocare
646 1562 863 1602 possemus.

280 1613 390 1668 Quae
414 1615 563 1669 quidem
590 1616 712 1655 omnia
739 1615 810 1655 hoe
833 1615 872 1655 in
899 1630 1014 1670 opere
1041 1617 1317 1671 comprehensa
1339 1618 1459 1658 tribus
1483 1617 1588 1657 libris
1613 1631 1684 1657 ex-

168 1682 379 1736 plicantur,
417 1682 560 1737 primo,
594 1683 762 1722 secundo
788 1697 832 1722 ac
861 1684 989 1723 tertio.
1052 1682 1168 1723 iidem
1202 1699 1317 1738 porro
1348 1684 1434 1724 libri
1469 1691 1613 1738 septem
1646 1684 1685 1724 in

166 1756 290 1789 tomos
317 1750 508 1790 distributi
534 1757 637 1799 sunt,
672 1765 828 1804 quorum
856 1750 994 1804 singuli
1021 1758 1165 1791 certum
1193 1751 1406 1792 haereseon
1433 1767 1478 1792 ac
1499 1752 1685 1792 schisma-

168 1825 244 1857 tum
283 1832 481 1858 numerum
517 1818 735 1868 continent,
785 1832 878 1871 quae
917 1819 1028 1858 simul
1064 1819 1225 1859 collecta
1257 1818 1425 1859 LXXX
1459 1820 1680 1859 conficiunt.

168 1883 341 1938 Quorum
359 1885 634 1940 appellationes
655 1886 722 1925 hac
743 1893 830 1925 sunt
847 1900 891 1925 ac
911 1886 1110 1939 dogmata:
1138 1885 1171 1926 I.
1197 1885 1482 1937 Barbarismus,
1506 1885 1558 1926 ΙΙ.
1585 1885 1683 1941 Scy-

166 1952 343 2001 thismus,
378 1951 452 1992 lll.
489 1952 764 2002 Hellenismns,
800 1951 870 1993 lV.
904 1951 1136 2004 Iudaismus,
1173 1953 1223 1994 V.
1258 1953 1564 1995 Samaritismus.
1618 1954 1682 1994 Ab

166 2019 213 2059 iis
243 2020 423 2074 deinceps
448 2021 617 2074 reliquae
647 2027 776 2059 sectae
798 2021 1081 2074 profluxerunt.
1143 2021 1243 2062 Nam
1274 2029 1362 2062 aute
1385 2019 1528 2063 Christi
1556 2022 1683 2062 salva-

167 2086 262 2127 toris
285 2088 487 2127 adventum
514 2095 599 2142 post
620 2087 820 2127 barbaram
841 2095 879 2128 et
904 2087 1122 2143 Scythicam
1148 2090 1461 2144 superstitionem
1484 2103 1504 2129 e
1530 2088 1682 2129 Graeca

166 2154 263 2194 istae
292 2155 536 2208 prodierunt:
583 2154 655 2195 Vl.
689 2153 1034 2209 Pythagoreorum,
1070 2157 1130 2210 qui
1163 2164 1201 2197 et
1225 2155 1488 2211 Peripatetici,
1522 2164 1681 2197 auctore

167 2222 367 2262 divisionis
388 2223 615 2272 Aristotele,
641 2221 732 2262 Vll.
757 2221 1058 2274 Platonicorum,
1086 2222 1199 2264 Vllt.
1228 2222 1462 2272 Stoicorum,
1490 2222 1566 2264 IX.
1589 2222 1683 2278 Epi-

167 2304 386 2330 cureorum.
440 2290 542 2330 Tum
566 2289 804 2347 Samaritana
825 2298 946 2343 secta,
981 2306 1077 2345 quac
1103 2305 1153 2331 ex
1179 2290 1331 2331 Iudaica
1357 2290 1567 2345 pullulavit.
1621 2290 1683 2331 Ea

166 2372 281 2412 porro
308 2365 471 2411 quatuor
496 2359 532 2397 in
564 2357 748 2397 factiones
772 2358 885 2409 abiit,
928 2357 985 2399 X.
1022 2358 1330 2409 Gorthenorum,
1370 2356 1448 2398 Xl.
1484 2357 1682 2398 Sebuaeo-

164 2439 272 2475 rum,
311 2423 411 2465 Xll.
442 2425 704 2476 Essenorum,
743 2423 860 2466 Xlll.
890 2425 1179 2467 Dositheorum.
1243 2424 1425 2479 Sequitur
1451 2423 1678 2476 ludaismus,

165 2493 210 2531 de
234 2506 306 2546 quo
329 2493 468 2533 dictum
489 2500 562 2542 est,
594 2492 657 2545 qui
678 2493 867 2547 propriam
889 2494 934 2534 ab
958 2494 1154 2534 Abraamo
1178 2495 1335 2547 figuram
1359 2507 1401 2533 ac
1422 2500 1547 2533 notam
1572 2507 1682 2533 acce-

164 2560 233 2614 pit.
294 2558 444 2600 Deinde
472 2574 540 2614 per
561 2558 712 2615 Moysis
742 2561 863 2615 legem
893 2562 1095 2602 collatatus
1123 2562 1168 2601 ab
1199 2560 1291 2601 Iuda
1319 2559 1447 2601 iacobi
1477 2560 1576 2610 filio,
1618 2560 1681 2614 qui

163 2626 285 2667 lsrael
311 2628 521 2682 appellatus
545 2634 626 2677 est,
670 2642 737 2682 per
760 2628 945 2670 Davidem
970 2630 1094 2684 populi
1121 2629 1231 2669 istius
1255 2642 1307 2668 ex
1331 2628 1462 2668 eadem
1490 2628 1555 2667 illa
1581 2627 1681 2668 tribu

163 2708 294 2747 regem
318 2693 498 2734 Iudaismi
523 2695 811 2749 appellationem
835 2696 1010 2737 obtinuit.
1073 2696 1135 2737 Ab
1166 2696 1235 2736 hoc
1263 2703 1406 2749 septem
1436 2696 1504 2736 hae
1530 2695 1681 2749 prodie-

164 2769 254 2802 runt
275 2762 477 2802 haereses:
510 2760 627 2802 XtV.
655 2760 892 2814 Scribarum,
923 2762 1020 2804 XV.
1044 2762 1357 2814 Pharisaeorum,
1389 2761 1506 2804 XVI.
1531 2762 1680 2804 Saddu-

208 2850 237 2883 4.
262 2864 321 2894 per
339 2851 575 2884 vehementiam
592 2855 701 2885 rectius
717 2856 805 2885 vertit
826 2856 899 2887 Cor·
948 2851 1099 2896 φύσασαι
1127 2856 1317 2886 intransitive
1348 2858 1532 2894 usurpatum
1561 2854 1681 2884 invenio

164 2899 281 2928 narius.
947 2901 1039 2931 etiam
1059 2903 1200 2932 Ancurae.
1224 2909 1292 2939 cap.
1317 2899 1366 2932 12.
1390 2901 1420 2931 in
1441 2901 1505 2931 loco
1523 2899 1656 2939 gemello.

211 2940 286 2972 Cim.
309 2942 350 2972 ΙΙ.
372 2960 415 2967 —-
446 2942 474 2975 1.
497 2945 677 2983 Cogitabam
695 2943 807 2986 φῦσαι.
837 2946 898 2977 Sed
990 2946 1022 2977 2.
1049 2947 1143 2984 Vul9o
1164 2942 1212 2982 ἓξ.

992 2990 1023 3023 3.
1055 2991 1146 3029 Vulyo
1170 2988 1200 3021 Γ
1202 2987 1344 3032 ορδηνοὶ.

1711 1625 1788 1668 Cap.
1813 1627 1853 1658 11.
