2034 3267
499 191 673 222 PANARn
700 191 781 223 Lm.
797 193 822 222 1.
850 192 955 223 ToM.
977 193 1014 223 n.
1043 192 1168 223 HAEI’..
1187 192 1303 223 xxx.
1579 184 1658 222 299

143 278 347 324 aegrotos3
382 284 505 324 neque
529 271 676 311 curavit
696 271 832 320 solum,
866 271 933 310 sed
955 271 1090 325 duplici
1111 271 1147 310 id
1169 271 1316 311 ratione
1337 270 1510 326 perfecit.
1557 268 1657 309 Nam

144 353 238 392 quos
263 338 408 378 sabbati
434 339 492 378 die
518 345 742 389 sanaverat,
777 338 972 391 grabatum
999 339 1045 378 iis
1068 339 1202 379 tollere
1228 347 1339 393 atque
1363 339 1556 378 ambulare
1580 338 1659 378 ius-

144 407 207 445 sit.
271 404 493 458 Quinetiam
521 408 652 445 codem
677 407 735 445 die
756 406 872 445 lutum
900 420 1098 447 macerans
1124 407 1227 447 caeci
1254 407 1373 447 oculis
1397 406 1521 446 illinit.
1582 405 1654 445 At·
1673 420 1773 447 loann.
1791 421 1816 446 9.

145 473 206 526 qui
233 487 326 527 opus
353 474 539 527 quoddam
561 481 620 513 est
641 474 704 513 illa
727 473 794 513 luti
817 473 1059 527 temperatio.
1119 473 1228 514 Unde
1252 476 1366 514 etiam
1390 473 1552 529 apostoli
1574 488 1658 513 cum

145 554 196 580 ex
231 542 314 580 eius
346 541 523 581 convictu
554 540 826 595 disciplinaque
857 540 1076 593 abrogatam
1107 555 1193 581 esse
1225 543 1371 582 sabbati
1403 543 1525 595 legem
1562 541 1659 582 baud

143 608 383 661 ignorarent,
412 609 540 649 vulsas
561 623 627 665 per
647 608 842 648 sabbatum
865 610 990 661 spicas
1014 615 1196 659 atterunt,
1223 624 1266 649 ac
1286 617 1510 649 vescuntur.
1562 608 1659 649 Erat
1677 619 1747 646 Luc.
1766 619 1791 645 e.

144 683 270 715 autem
300 684 374 716 tum
403 678 571 716 secundo
595 676 752 728 primum
776 675 998 724 sabbatum,
1045 683 1084 715 ut
1103 677 1341 729 evangelium
1371 677 1494 717 docet.
1555 676 1658 717 Nam

144 743 387 784 sabbatorum
416 744 520 785 varia
543 756 685 796 genera
710 743 794 795 lege
821 743 1017 796 praefinita
1044 750 1146 783 sunt.
1209 745 1269 783 Ac
1290 745 1387 797 quod
1412 751 1658 797 septenorum

145 812 290 851 dierum
314 812 405 852 orbe
428 812 600 852 revoluto
625 810 842 850 celebratur
861 811 1013 865 proprie
1035 811 1232 850 sabbatum
1254 810 1405 850 dicitnr.
1458 809 1533 851 Sed
1560 812 1658 851 aliud

145 886 204 918 est
228 880 325 932 quod
349 879 411 919 vel
432 877 714 918 incurrentibus
740 878 968 928 noviluniis,
1000 878 1060 918 vel
1089 879 1135 918 ob
1161 878 1256 918 alios
1280 880 1400 918 festos
1424 879 1504 918 dies
1525 878 1660 918 indici-

146 955 219 996 tur,
255 954 342 1001 puta
363 945 694 986 tabernaculorum
715 945 778 986 vel
797 945 987 999 paschatis
1008 946 1139 997 ferias,
1173 946 1308 999 quibus
1332 953 1500 986 mactare
1521 960 1658 999 agnum

145 1015 364 1069 azymisque
390 1013 493 1053 vesci
517 1013 726 1066 legitimum
751 1020 824 1053 est.
885 1013 946 1053 Ad
968 1014 1062 1054 haee
1085 1015 1244 1054 solenne
1268 1014 1453 1068 quoddam
1477 1014 1657 1054 ieiunium

145 1082 348 1136 quotannis
371 1081 578 1121 observant
600 1081 698 1134 quod
722 1095 898 1135 magnum
924 1089 1087 1132 vocant,
1121 1097 1191 1122 nec
1214 1096 1290 1122 non
1317 1090 1354 1122 et
1378 1083 1537 1122 alterum
1563 1082 1660 1136 qnod

146 1164 299 1205 parvum
333 1149 536 1203 appellant.
599 1148 762 1202 Quoties
792 1149 909 1202 igitur
939 1150 1020 1190 dies
1052 1150 1239 1190 eiusmodi
1269 1150 1307 1190 in
1338 1150 1544 1190 secundam
1576 1157 1662 1204 post

145 1218 339 1258 sabbatum
367 1216 485 1266 diem,
521 1216 582 1257 vel
607 1216 780 1266 tertiam,
814 1225 878 1256 aut
902 1225 1073 1271 quartam
1095 1218 1282 1269 incidunt,
1314 1218 1414 1258 istud
1435 1218 1555 1272 ipsum
1578 1217 1661 1257 illo-

145 1300 226 1326 rum
256 1285 430 1324 instituto
461 1284 658 1324 sabbatum
693 1291 888 1325 censetur.
951 1284 1083 1338 Quare
1115 1287 1322 1326 secundum
1352 1301 1577 1341 azymorum
1607 1287 1662 1326 fe-

145 1360 242 1394 stum
273 1353 541 1406 definitumque
571 1352 717 1392 sabbati
749 1353 871 1404 diem,
916 1367 962 1393 eo
994 1354 1176 1405 sabbato,
1220 1356 1317 1408 quod
1354 1362 1392 1394 et
1421 1355 1574 1409 proprio
1608 1354 1662 1393 ita

144 1421 280 1461 dietum
313 1427 392 1471 est,
437 1428 475 1460 et
500 1435 720 1475 azymorum
751 1421 847 1461 diem
879 1421 1072 1475 sequitur,
1117 1436 1213 1476 quae
1239 1430 1276 1462 et
1302 1422 1382 1477 ipsa
1410 1437 1476 1476 pro
1500 1422 1660 1462 sabbato

143 1495 345 1540 censetur,
389 1489 486 1528 forte
518 1489 592 1528 iter
619 1503 686 1541 per
708 1496 788 1528 sata
815 1490 991 1529 fecerunt
1016 1503 1059 1529 ac
1087 1491 1216 1530 vulsas
1241 1491 1367 1545 spicas
1393 1490 1657 1541 affricuerunt,

143 1564 256 1611 atque
283 1556 553 1606 comederunt,
596 1563 637 1596 ut
667 1556 820 1597 vincula
850 1557 913 1596 illa
937 1557 1083 1597 sabbati
1109 1559 1307 1598 sanctione
1331 1558 1511 1598 adstricta
1536 1559 1662 1598 soluta

144 1639 230 1665 esse
254 1631 514 1665 monstrarent
535 1624 662 1677 magni
683 1624 781 1664 illius
803 1625 1027 1665 accessione
1050 1626 1218 1677 sabbati,
1253 1627 1323 1666 boc
1347 1634 1405 1666 est
1427 1624 1572 1667 Christi
1596 1626 1662 1666 do-

145 1693 251 1744 mini,
277 1692 340 1747 qui
361 1699 397 1732 ut
421 1707 442 1732 a
466 1693 631 1746 peccatis
656 1693 797 1733 nostris
822 1693 1107 1746 quiesceremus
1127 1695 1298 1734 indulsit.
1362 1693 1482 1736 Cuius
1506 1695 1664 1749 insuper

145 1764 299 1815 liguram
322 1760 498 1802 Noemus
523 1761 610 1800 olim
635 1761 834 1814 praetulit,
876 1762 908 1801 is
934 1775 1043 1815 quem
1067 1769 1196 1802 natum
1220 1770 1327 1817 pater
1351 1770 1390 1803 ut
1414 1763 1530 1814 vidit,
1575 1777 1663 1817 pro-

144 1829 292 1883 phetico
324 1829 484 1883 quodam
516 1829 641 1868 afflatu
669 1827 860 1868 Nodinum
889 1830 1069 1884 appellari
1093 1831 1237 1870 voluit:
1285 1835 1483 1882 Quoniam,
1522 1831 1658 1885 inquit,
1682 1841 1755 1868 Gen.
1775 1841 1801 1875 5,
1820 1841 1859 1868 29.

143 1901 211 1936 iste
239 1900 400 1949 requiem
430 1899 532 1936 dabit
556 1898 659 1936 nobis
684 1911 706 1935 ιι
726 1901 890 1949 peccatis
913 1901 1071 1945 nostris,
1117 1898 1186 1939 hoc
1212 1906 1271 1939 est
1291 1899 1495 1939 laboriosis
1519 1899 1662 1939 nostris

144 1965 337 2020 operibus.
397 1965 516 2019 Atqui
535 1963 709 2005 Noemus
733 1965 869 2005 nullam
892 1980 911 2005 a
935 1966 1102 2020 peccatis
1124 1967 1293 2020 requiem
1317 1968 1456 2018 attulit,
1491 1974 1531 2007 ut
1551 1967 1663 2007 intel-

143 2034 238 2088 ligas
261 2034 306 2073 de
330 2030 485 2074 Christo
506 2033 753 2074 vaticinatum
774 2047 861 2073 esse
883 2032 1135 2085 Lamecbum,
1163 2034 1199 2074 in
1224 2049 1334 2089 quem
1356 2035 1469 2075 etiam
1489 2035 1569 2090 ipsa
1593 2050 1661 2074 no-

142 2101 254 2141 minis
285 2101 384 2141 ratio
414 2103 610 2142 convenit.
669 2100 844 2141 No'e‘mus
876 2102 976 2141 enim
1006 2103 1175 2156 requiem
1204 2104 1414 2157 significat,
1459 2111 1498 2143 ut
1524 2111 1562 2143 et
1589 2102 1660 2143 Se-

144 2169 254 2218 beth,
299 2183 395 2223 quae
426 2184 504 2209 vox
534 2176 609 2209 tam
640 2169 741 2209 istud
772 2169 892 2223 ipsum
923 2184 1031 2224 quam
1061 2171 1259 2211 sabbatum
1287 2171 1483 2225 exprimit.
1547 2169 1658 2223 Quod

141 2238 308 2292 apprime
333 2235 489 2278 Christo
510 2237 700 2290 congruit,
733 2237 770 2276 in
792 2252 864 2291 quo
889 2245 995 2292 pater
1016 2253 1099 2278 eum
1120 2239 1255 2292 spiritu
1278 2246 1411 2280 sancto
1433 2239 1655 2293 requiescit,

142 2306 490 2359 requieveruntque
517 2306 639 2345 sancti
661 2306 706 2344 ad
732 2319 844 2345 unum
868 2320 1016 2357 omnes,
1051 2315 1298 2361 posteaquam
1321 2321 1340 2347 a
1366 2314 1521 2360 peccato
1543 2308 1658 2348 desti-

143 2380 284 2414 terunt.
346 2372 418 2413 Hic
445 2381 504 2414 est
530 2387 706 2426 magnum
734 2373 1080 2429 sempiternumque
1106 2375 1328 2426 sabbatum,
1370 2375 1476 2415 cuius
1500 2390 1656 2430 parvum

142 2442 230 2482 illud
254 2442 452 2496 exemplar
476 2441 565 2491 fuit,
599 2441 644 2481 ad
667 2440 768 2481 illius
792 2442 995 2483 adventum
1019 2458 1138 2497 nsque
1162 2444 1199 2483 in
1223 2458 1330 2483 usum
1356 2443 1586 2493 adhibitum,
1620 2451 1658 2483 et

141 2510 186 2549 ab
209 2509 291 2564 ipso
314 2509 399 2563 lege
422 2509 665 2549 constitutum
681 2540 691 2558 ‚
725 2509 770 2548 ab
796 2510 1002 2565 eodemque
1025 2511 1212 2561 solutum,
1247 2519 1285 2551 et
1306 2512 1341 2551 in
1368 2511 1568 2566 evangelio
1593 2513 1657 2552 de-

142 2592 240 2617 mum
262 2577 470 2632 impletum.
531 2575 589 2616 Ita
612 2576 711 2616 enim
732 2577 794 2616 ille
819 2578 938 2618 dixit:
972 2583 1149 2618 Dominus
1168 2582 1346 2631 estfile‘zcs
1369 2582 1524 2619 hominia
1547 2584 1856 2619 athanatum-12³-

143 2647 298 2684 sabbate'.
362 2643 427 2684 Ex
454 2659 526 2698 qno
557 2646 693 2685 sactum
726 2653 804 2695 est,
849 2653 888 2686 ut
909 2647 1090 2688 audacter
1114 2647 1286 2701 discipuli
1307 2647 1505 2687 sabbatum
1528 2649 1655 2688 solve-

143 2720 250 2764 rent,
284 2713 506 2767 praesertim
533 2727 617 2752 eum
640 2719 677 2752 et
703 2713 923 2754 sacerdotes
947 2723 1034 2755 ante
1056 2716 1141 2755 illos
1164 2715 1263 2754 idom
1287 2715 1537 2755 sacrificando
1562 2717 1655 2757 offe-

144 2781 336 2835 rendoque
367 2781 560 2831 facerent,
604 2794 650 2820 ne
680 2780 768 2834 iuge
797 2781 886 2821 illud
917 2783 1253 2836 quotidianumque
1283 2783 1509 2823 sacrificium
1536 2784 1654 2824 inter-

185 2903 216 2936 6.
247 2907 337 2937 Verba
361 2904 418 2938 καὶ
440 2903 630 2947 πρὸςκαιρον
643 2930 651 2945 ,
686 2915 764 2945 quae
793 2907 872 2937 desi·
961 2907 992 2941 ’7.
1019 2910 1092 2940 God.
1109 2910 1204 2939 Varie.
1221 2909 1339 2947 plenius
1359 2906 1447 2941 ἐῆυον
1467 2907 1499 2942 ἐν
1518 2910 1564 2953 τῷ
1584 2909 1652 2953 ναῷ

143 2950 288 3025 iserdum
314 2953 404 2991 vulgo
432 2952 464 2982 in
493 2953 596 2990 libris,
632 2952 730 2982 adieci
751 2961 788 2982 ex
809 2953 874 2983 cod.
919 2950 955 2986 τὸ
983 2951 1147 2997 σάββατον
1171 2950 1313 2991 Βύοντες.

171 3003 188 3024 α
203 3004 239 3026 ιο.
