2034 3267
498 159 676 191 PANARn
701 160 780 192 Lm.
802 161 825 192 1.
851 161 956 193 ΤοΜ.
977 161 1030 192 111.
1055 161 1184 192 HAER.
1200 160 1360 193 xxxvl.
1608 151 1681 190 491

166 239 214 278 tis
239 238 426 279 creatoris
450 238 654 279 factionem
679 253 910 294 magnopere
938 240 1175 294 perturbari,
1220 246 1334 293 atque
1362 239 1549 293 originem
1577 252 1682 279 suam

166 306 374 360 matrisque
403 306 582 346 damnare
609 321 754 361 gcnus3
800 308 919 362 ipsum
947 322 1040 347 vero
1067 308 1127 362 qui
1153 308 1224 347 ista
1252 307 1394 347 dixerit
1421 306 1578 347 abiectis
1602 306 1685 344 vin-

168 375 262 415 culis
286 374 365 415 suis
388 382 425 414 et
447 374 599 428 angelo,
627 375 709 414 sive
729 375 869 425 anima,
899 376 1086 429 propriam
1110 376 1146 414 in
1169 375 1298 415 sedem
1321 374 1537 414 transferri.
1591 373 1687 413 Exi-

167 443 323 483 stimant
346 442 445 482 enim
468 443 675 482 secundum
700 457 837 497 corpus
859 449 897 482 et
918 442 1079 481 animam
1104 443 1255 482 tertium
1279 443 1452 495 quiddam
1475 442 1511 481 in
1534 442 1686 481 homine

167 510 343 565 reperiri.
406 510 533 564 Atque
566 510 658 550 haec
690 517 778 550 sunt
805 524 900 564 qnae
933 510 977 549 de
1009 510 1158 549 illorum
1186 510 1447 564 redemptione
1474 509 1686 564 comperire

165 577 371 633 potuimus.

276 644 399 686 Porro
420 646 588 700 quisquis
607 645 747 685 iudicio
771 645 892 695 valet,
928 645 987 684 ubi
1011 644 1255 684 inanissimas
1280 644 1393 684 hasce
1416 658 1536 698 nugas
1556 645 1686 685 audie-
1714 643 1789 686 Cap.
1814 643 1866 673 Ν·

164 713 237 763 rit,
272 714 326 754 sic
355 721 531 768 tanquam
557 713 691 753 mimos
719 712 941 767 fabulasque
963 712 1115 752 ridebit.
1180 711 1263 751 Hoc
1287 712 1386 751 enim
1410 712 1559 752 illorum
1584 713 1686 766 qnis-

165 795 236 835 que
262 782 441 837 suscipit,
488 788 526 821 ut
550 781 595 820 ab
619 780 778 820 aliorum
804 781 977 834 dogmate
1001 779 1193 819 diversum
1219 779 1394 833 quiddam
1422 794 1488 833 pro
1513 780 1685 820 volunta-

165 848 213 889 tis
235 863 326 889 suae
349 849 503 890 libidine
529 848 693 898 sentiatg
727 861 798 887 nec
819 848 894 887 ulla
921 862 982 888 res
1004 847 1125 902 ipsum
1149 860 1169 886 a
1193 854 1296 886 tanta
1319 847 1536 886 temeritate
1560 847 1685 886 deter-

164 924 263 968 reat,
297 918 362 957 sed
383 929 642 971 quaecumque
665 922 792 970 potest
815 916 967 970 impune
991 915 1306 955 comminiscitur.
1368 915 1427 954 Ac
1450 928 1533 954 cum
1559 915 1595 954 in
1620 915 1685 953 ho-

165 985 336 1025 diernum
360 998 477 1039 usqne
500 979 597 1024 diem
622 983 666 1022 ab
687 983 761 1023 illis
786 984 902 1023 multa
925 984 1193 1038 proferantur,
1229 989 1510 1036 nascanturque
1532 990 1686 1036 porten-

165 1061 226 1104 ta,
267 1054 328 1107 qni
354 1052 521 1107 quotidie
545 1050 634 1091 novi
662 1051 798 1105 aliquid
824 1051 868 1091 ad
894 1051 1108 1091 illudendos
1135 1051 1307 1090 homines
1331 1051 1574 1104 confingunt,
1616 1050 1686 1089 dil'-

165 1121 260 1161 licile
287 1127 346 1160 est
373 1120 567 1160 extricare
594 1119 742 1170 omnia,
787 1119 846 1159 vel
871 1119 1046 1159 oratione
1071 1118 1286 1174 complecti.
1351 1116 1480 1171 Quare
1513 1131 1607 1172 quae
1639 1119 1684 1158 de

163 1189 231 1229 bac
256 1188 405 1228 haeresi
429 1186 616 1241 disputata
642 1194 750 1236 sunt,
793 1187 839 1227 iis
866 1187 1035 1227 contenti
1060 1201 1146 1228 esse
1173 1187 1375 1236 debemus,
1419 1200 1516 1240 quae
1542 1187 1587 1226 ad
1617 1201 1684 1225 no-

162 1264 278 1297 stram
313 1255 533 1295 memoriam
565 1262 838 1310 pervenerunt.
901 1255 1029 1309 Atque
1060 1256 1156 1295 hanc
1185 1269 1334 1295 omnem
1366 1255 1516 1294 illorum
1545 1255 1684 1294 doctri-

162 1338 247 1364 nam
271 1324 354 1378 quis
377 1337 452 1363 non
474 1336 600 1362 meras
624 1336 710 1363 esse
734 1323 879 1364 fabulas
903 1337 945 1363 ac
966 1324 1128 1364 ludibria
1150 1324 1380 1378 perspiciat?
1433 1322 1540 1363 Cedo
1565 1323 1681 1369 euim.

162 1391 256 1432 heus
288 1399 349 1442 tu,
396 1390 637 1445 maioresque
671 1390 746 1440 tni,
790 1392 890 1431 unde
922 1405 1058 1446 corpus
1092 1392 1320 1446 accepistis?
1362 1392 1460 1431 unde
1494 1391 1684 1430 animam?

160 1459 260 1500 unde
284 1459 508 1499 interiorem
536 1459 638 1499 illum
668 1459 885 1499 hominem?
944 1457 986 1500 Si
1020 1474 1039 1500 a
1066 1461 1266 1514 superiore.
1291 1459 1354 1499 illo
1380 1459 1511 1499 nescio
1540 1473 1613 1512 quo
1640 1472 1684 1498 ac

160 1527 320 1582 spiritali
346 1527 487 1567 habere
508 1534 545 1566 te
568 1527 731 1577 dixeris,
765 1542 832 1581 pro
855 1541 902 1567 eo
925 1541 968 1568 ac
996 1528 1145 1567 mentiri
1171 1528 1288 1576 soles,
1324 1534 1361 1567 et
1383 1527 1462 1582 spei
1488 1527 1682 1567 cniusdam

159 1596 382 1636 ostensione
406 1595 538 1636 illusos
564 1610 583 1634 a
616 1603 650 1635 te
678 1595 851 1635 homines
878 1595 1032 1645 inflare,
1076 1610 1150 1649 quo
1175 1595 1359 1636 eiusmodi
1389 1595 1582 1650 proposito
1609 1595 1680 1634 sibi

159 1678 275 1718 scopo
299 1671 381 1704 tuas
405 1664 449 1703 ad
473 1663 700 1718 praestigias
723 1663 1006 1718 prolectentur‚
1041 1665 1099 1704 dic
1122 1664 1285 1703 obsecro
1310 1677 1406 1717 qnae
1430 1664 1480 1703 sit
1503 1662 1682 1703 coelestis

157 1731 258 1772 illius
291 1746 334 1772 ac
364 1732 544 1786 spiritalis
577 1746 659 1771 cum
695 1732 879 1771 materiae
910 1739 1092 1771 concreto
1124 1732 1313 1781 societas,
1357 1738 1422 1770 ant
1455 1732 1563 1771 huius
1598 1745 1681 1770 cum

159 1800 334 1840 animali:
380 1807 444 1840 ant
468 1814 542 1853 quo
570 1800 720 1839 tandem
748 1806 857 1852 pacto
885 1807 1037 1840 creator
1062 1813 1158 1854 quae
1186 1800 1229 1840 ad
1258 1813 1299 1839 se
1325 1799 1567 1854 pertinebant
1591 1799 1683 1838 nibil

158 1867 397 1908 condiderit?
457 1865 538 1908 Cur
565 1881 766 1922 supremus
797 1867 860 1907 ille
885 1868 1093 1921 spiritalem
1120 1882 1225 1908 suam
1259 1868 1334 1907 vim
1363 1867 1574 1917 conditori,
1618 1866 1679 1920 qni

157 1936 283 1976 minus
315 1942 419 1975 recte
445 1935 598 1975 molitus
631 1942 737 1984 erat,
781 1935 1012 1976 attribuerit.
1076 1934 1157 1977 Cur
1182 1936 1281 1976 idem
1308 1936 1371 1976 ille
1400 1935 1576 1975 conditor
1600 1934 1681 1974 ani-

156 2004 255 2044 male
286 2018 393 2044 suum
428 2018 510 2043 cum
543 2003 729 2043 materiali
761 2003 1014 2044 commiscens
1049 2005 1233 2044 materiae
1264 2018 1373 2058 quam
1406 2003 1569 2043 habebat
1604 2003 1678 2042 vim

156 2071 306 2126 illigare
330 2070 534 2111 maluerit?
594 2069 704 2123 Quod
732 2071 762 2110 si
789 2071 862 2111 vim
886 2072 948 2111 ille
972 2086 1078 2112 snam
1104 2072 1321 2112 immiscere
1347 2071 1471 2125 cupit,
1506 2086 1580 2110 non
1608 2072 1681 2111 crit.

158 2139 280 2180 aliena
303 2140 479 2180 materia.
543 2138 613 2180 Sin
639 2145 699 2179 est
720 2139 866 2190 aliena,
900 2140 982 2193 quis
1006 2141 1040 2180 ei
1065 2141 1123 2180 ius
1148 2141 1183 2180 in
1209 2140 1407 2180 materiam
1433 2146 1681 2193 potestatem-

158 2222 229 2262 que
254 2208 471 2248 concessit?
530 2208 588 2247 Ac
611 2207 770 2261 primum
793 2207 881 2247 illud
907 2208 994 2248 volo
1020 2209 1108 2248 mihi
1134 2208 1260 2258 dicas,
1302 2209 1509 2262 impostor,
1555 2214 1679 2246 utrum

157 2276 304 2316 animae
325 2276 500 2316 inductus
526 2276 634 2325 odio,
668 2289 714 2315 an
739 2276 836 2329 quod
860 2277 1026 2316 futurum
1052 2284 1136 2317 erat
1158 2277 1360 2331 ignorans,
1395 2275 1554 2315 materia
1580 2274 1678 2314 illam

157 2344 424 2384 adstrinxerit.
466 2342 557 2384 Non
579 2343 707 2383 dubito
727 2344 814 2397 quin
838 2344 969 2384 horum
991 2358 1169 2385 asserere
1189 2352 1364 2384 neutrum
1386 2343 1543 2383 audeas.
1584 2341 1680 2382 Pro-

157 2412 218 2452 cul
240 2412 340 2452 enim
365 2412 464 2452 absit
487 2412 683 2451 materiam
708 2418 750 2451 ut
773 2426 910 2466 corpus
933 2413 1187 2468 appellemus,
1231 2419 1294 2452 aut
1319 2425 1381 2451 res
1405 2425 1426 2450 a
1453 2412 1524 2451 deo
1548 2412 1678 2451 condi-

156 2487 230 2520 tas.
294 2478 370 2520 Sed
401 2480 558 2520 alterius
590 2479 785 2519 cniusdam
817 2481 998 2521 materiae
1030 2481 1217 2536 scriptura
1249 2479 1418 2519 meminit
1453 2486 1536 2533 post
1565 2479 1676 2519 vilem

156 2548 253 2589 hanc
283 2555 320 2587 et
349 2548 560 2596 abiectam‚
606 2561 702 2601 quae
734 2547 888 2588 cuilibet
916 2549 987 2589 arti
1020 2549 1203 2604 operique
1235 2548 1473 2603 proponitur.
1537 2546 1677 2588 Cuius-

155 2616 257 2656 modi
282 2623 341 2656 est
363 2616 426 2656 ille
451 2615 512 2669 qui
536 2629 587 2655 ex
609 2615 734 2654 animo
761 2616 938 2670 pullulat,
980 2617 1199 2671 inquinatus
1224 2616 1339 2655 animi
1365 2622 1489 2654 motus
1513 2629 1557 2654 ac
1580 2615 1678 2655 lutu-

155 2683 281 2724 lentae
303 2684 445 2738 peccati
472 2684 747 2737 cogitationes,
782 2698 878 2737 quae
900 2698 952 2725 ex
974 2685 1225 2725 foetidissimo
1248 2697 1392 2732 coen0‚
1429 2683 1533 2722 velut
1551 2683 1677 2724 deter—

156 2751 274 2792 rimus
296 2766 416 2806 vapor
438 2766 483 2791 ac
509 2751 690 2806 pestilens
714 2750 894 2805 spiritus,
937 2753 1106 2793 exhalat.
1170 2750 1294 2805 Quam
1319 2751 1366 2791 ob
1392 2764 1565 2791 caussam
1587 2751 1675 2791 bea·
1691 2762 1881 2795 Psalm.fiss,3-

155 2841 273 2886 τέχνη,
297 2844 378 2883 quod
401 2845 433 2874 in
457 2844 542 2874 libris
565 2843 652 2873 editis
676 2844 793 2881 legitur.
937 2853 998 2875 esse
1023 2846 1190 2876 Cor-narius
1213 2847 1238 2874 et
1261 2845 1414 2875 Petavius.
1461 2843 1546 2873 Libri
1569 2842 1678 2873 habent

198 2886 229 2919 6.
251 2886 467 2930 προκειμένην
489 2890 617 2919 correxit
632 2889 784 2919 Petavius.
822 2889 902 2920 Vul·
937 2889 1126 2931 δυςοδμίας.

155 2942 194 2972 9⁰
215 2932 422 2974 προκειμένη.
980 2937 1010 2965 ὅ.
1038 2935 1123 2965 Libri
1156 2943 1176 2964 a
1206 2943 1252 2964 me
1281 2935 1404 2972 inspecti
1436 2941 1538 2964 omnes
1569 2933 1677 2964 habent

199 2975 230 3009 7.
254 2977 412 3020 δυςοδμία
433 2979 504 3009 bene
522 2979 664 3010 viderunt
678 2980 891 3019 corrigendum
935 2977 1193 3023 διαβαλλόμενος
1217 2975 1264 3016 ὦς
1287 2974 1348 3011 ὑπὸ
1374 2981 1438 3010 cett.
