2034 3267
493 191 669 224 PANAnu
695 192 774 224 Lm.
799 193 822 223 1.
848 193 952 225 ToM.
976 193 1013 224 u.
1039 192 1166 224 HAER.
1189 192 1301 224 xxx.
1576 184 1651 225 281

141 271 262 311 solum
289 270 375 310 illos
397 270 543 322 arguit,
587 271 684 324 qnod
710 271 829 320 dixit,
869 275 912 310 In
931 275 1115 323 principio
1140 281 1220 310 erat
1241 273 1409 319 verbum,
1450 280 1488 310 et
1508 273 1855 312 verbum1‹·ann.1‚1.

141 346 223 376 erat
247 340 346 388 apud
369 340 495 385 deum,
542 346 580 376 et
600 341 688 376 dens
713 347 797 377 erat
822 340 987 385 verbum,
1032 353 1164 378 verum
1192 339 1302 379 etiam
1330 339 1427 393 quod
1455 339 1592 392 quibus
1618 338 1657 378 in

142 405 237 444 locis
259 405 381 444 saneti
405 404 560 458 spiritns
580 405 761 445 instinctu
786 419 880 459 quae
902 420 923 445 a
948 404 1103 446 Christo
1121 406 1270 446 domiuo
1294 407 1338 446 de
1357 406 1525 460 quolibet
1544 420 1657 460 argu-

140 480 271 511 mento
303 472 450 525 prolata
480 479 590 523 sunt,
634 479 810 512 accurate
838 473 1104 526 prosequitur,
1148 472 1358 512 divinorum
1391 473 1658 528 prophetarum

142 539 373 579 testimoniis
397 538 537 589 utitur,
571 553 666 592 quos
689 539 741 578 illi
765 553 785 577 a
807 539 944 592 seipsis
967 539 1244 580 adiudicaruut.
1305 540 1388 580 Hoe
1410 541 1508 580 enim
1531 540 1658 580 statim

142 606 252 646 initio
278 606 537 657 demonstrat,
570 605 752 645 loannem
778 605 979 659 baptistam
1001 606 1048 644 iis
1074 620 1167 658 quos
1191 607 1235 645 ad
1259 620 1301 646 se
1324 606 1520 647 Pharisaei
1546 608 1660 647 mise-

144 681 232 713 rant
253 673 514 726 respoudisse,
547 676 630 723 Ego
650 687 721 711 vooe
741 675 935 711 clamantis
957 676 993 711 in
1015 676 1181 721 deserto,-
1212 676 1362 724 dirigite
1383 678 1474 713 viam
1497 678 1654 723 domini,-
1672 678 1859 712 10a1m.1‚23.

143 744 242 779 sieut
269 744 361 779 (licit
388 744 506 779 Isaias
526 742 721 791 propbeta.
787 738 936 779 Deinde
965 740 1099 779 iisdem
1130 753 1181 779 ex
1207 741 1397 794 prophetis
1427 741 1525 781 aliud
1552 743 1660 781 testi-

145 808 313 847 monium
340 806 504 847 loannes
529 805 701 856 adducit,
735 806 912 846 nimirum
937 821 989 847 ex
1013 805 1185 857 Davitle,
1218 822 1299 847 cum
1327 809 1500 848 dominus
1526 824 1661 849 numu-

143 876 325 915 lariorum
357 887 507 914 mensas
537 874 700 922 evertit,
743 887 787 912 ao
818 874 938 924 dixit,
979 876 1105 913 Nolite
1121 876 1254 925 facere
1282 878 1422 914 domum
1444 879 1567 927 patris
1590 880 1663 915 mei
1677 881 1804 917 ¹⁰ann-²,
1821 883 1860 908 16·

145 946 286 981 domum
318 943 591 993 negotiationes.
656 938 886 980 Meminisse
913 940 1013 980 enim
1045 942 1096 981 ait
1118 942 1310 996 apostolos
1332 944 1430 996 qnod
1458 951 1542 982 erat
1567 944 1662 983 sori-

146 1017 272 1063 ptum,
315 1011 428 1048 Zetus
451 1010 578 1045 domus
604 1015 688 1045 tuae
712 1011 867 1046 eomedit
892 1023 959 1047 me.
1022 1009 1082 1049 Ac
1109 1023 1258 1049 rursum
1287 1009 1385 1049 idem
1411 1008 1578 1051 loannes
1606 1011 1662 1051 sic

145 1077 332 1131 loquitur:
366 1077 467 1113 Vidit
491 1077 611 1113 Isaias
640 1077 677 1113 in
706 1078 842 1126 spirita
870 1084 1011 1115 saneto.
1674 1082 1863 1117 ioanu.12‚n.

256 1276 467 1317 Praeterea
491 1291 574 1316 cum
600 1277 638 1317 in
665 1278 761 1318 Asia
784 1278 1036 1333 praedicando
1063 1278 1122 1319 dei
1146 1280 1264 1320 verbo
1290 1281 1387 1321 idem
1413 1279 1580 1321 Ioannes
1604 1281 1662 1321 in-
1710 1286 1788 1327 Cap-

145 1346 315 1395 sisteret,
343 1352 386 1385 ut
406 1344 536 1398 quanti
554 1345 700 1385 veritas
720 1346 806 1385 sieri
828 1347 984 1385 deberet
1006 1347 1181 1401 exemplo
1201 1361 1270 1387 suo
1292 1349 1456 1401 posteris
1475 1349 1663 1403 praeseri-
1686 1332 1811 1363 XXIV·

144 1415 276 1463 beret,
320 1412 456 1452 mirum
493 1412 668 1465 quiddam
701 1420 739 1452 et
769 1412 991 1453 inusitatum
1030 1414 1156 1467 egisse
1185 1415 1372 1468 proditur.
1434 1413 1530 1456 Cum
1565 1416 1664 1455 enim

144 1481 246 1520 vitae
273 1479 486 1520 institutum
514 1487 664 1519 teneret
689 1481 800 1534 plane
828 1481 1073 1531 admirabile,
1117 1483 1225 1535 eique
1253 1497 1363 1535 quam
1393 1483 1553 1534 gerebat
1576 1497 1666 1537 apo-

143 1548 304 1588 stolicae
331 1547 506 1601 dignitati
533 1555 859 1597 consentaneum,
903 1548 998 1587 adeo
1031 1555 1070 1588 ut
1097 1563 1283 1602 nunquam
1315 1551 1469 1589 omnino
1500 1551 1664 1600 lavaret,

145 1615 348 1669 aliquando
372 1622 499 1654 tamen
525 1615 648 1654 saneti
670 1615 827 1669 spiritus
848 1615 1014 1669 impulsu
1037 1616 1080 1655 ad
1105 1616 1259 1656 balneas
1284 1617 1485 1671 prodiens,
1521 1621 1660 1669 Capite,

145 1683 269 1736 iuquit
289 1683 333 1722 ad
357 1696 471 1731 suos,
504 1697 597 1734 quae
619 1686 668 1721 ael
688 1685 855 1721 balneum
878 1686 1086 1722 necessaria
1107 1691 1204 1722 sunt.
1266 1683 1500 1725 Mirantibus
1522 1686 1596 1725 illis
1620 1686 1664 1725 ad

147 1750 379 1790 lavationem
409 1750 598 1803 perrexit.
659 1748 757 1790 Tum
784 1750 830 1789 ad
855 1764 940 1790 eum
965 1750 1027 1804 qui
1053 1750 1257 1791 lavantium
1280 1752 1510 1792 vestimenta
1532 1766 1666 1792 serva—

149 1818 213 1858 bat
234 1818 422 1857 accedens
443 1817 526 1870 quis
546 1817 646 1856 intra
665 1817 842 1857 balneum
861 1824 965 1857 esset
982 1818 1250 1872 interrogavit.
1289 1819 1343 1859 At
1363 1819 1529 1860 olearius
1549 1819 1666 1859 idem-

148 1899 220 1939 que
244 1885 409 1925 vestium
431 1891 561 1925 eustos
584 1885 701 1934 (lianc
724 1885 824 1924 euim
847 1898 1000 1939 operam
1023 1885 1192 1939 plerique
1210 1887 1333 1927 victus
1354 1887 1561 1940 quotidiani
1580 1901 1669 1940 gra—

148 1954 198 1993 tia
234 1953 271 1993 in
307 1952 518 2006 gymnasiis
557 1954 775 2006 praestant)
809 1950 944 1992 loanni
978 1954 1174 2006 respondit
1205 1952 1391 1994 Ebionem
1426 1955 1529 1994 intus
1561 1968 1665 1994 esse.

149 2020 238 2074 Quo
262 2020 391 2060 audito
412 2019 539 2059 statim
564 2019 757 2058 intellexit
779 2034 960 2072 quorsum
984 2020 1072 2060 illuc
1099 2020 1219 2074 ipsum
1244 2021 1400 2075 spiritus
1427 2028 1582 2061 sanctus
1603 2023 1669 2061 ad-

148 2088 349 2136 duxisset,
384 2093 422 2127 et
447 2094 486 2126 ut
511 2086 668 2126 balneas
692 2087 815 2126 adiret
841 2094 945 2127 esset
970 2088 1165 2138 hortatus,
1198 2089 1374 2129 nimirum
1404 2090 1447 2128 ad
1476 2103 1669 2128 commen-

149 2155 334 2204 dandam,
377 2161 416 2193 nt
449 2153 551 2204 dixi,
594 2153 676 2193 eius
708 2154 763 2193 rei
791 2156 1035 2204 memoriam,
1078 2169 1121 2195 ac
1148 2156 1389 2196 verissimum
1417 2156 1506 2195 illud
1533 2157 1669 2208 dogma

147 2222 438 2276 relinquendum
453 2253 463 2270 ,
498 2228 536 2260 ut
559 2221 711 2274 quinam
737 2229 868 2261 essent
890 2220 1034 2262 Christi
1055 2223 1159 2263 servi
1183 2230 1220 2263 et
1242 2224 1403 2277 apostoli
1427 2238 1471 2263 ac
1494 2222 1670 2263 veritatis

149 2289 217 2329 filii
245 2290 466 2330 discernere
493 2302 718 2342 possemus,
752 2289 902 2342 quinam
928 2304 948 2329 e
973 2293 1167 2330 contrario
1191 2290 1278 2329 mali
1303 2291 1499 2330 daemonis
1526 2291 1669 2330 instru-

149 2363 292 2405 menta,
325 2358 599 2409 inferorumque
611 2364 756 2407 portae,
791 2372 883 2408 quae
901 2373 1015 2409 neque
1032 2366 1188 2410 petram,
1222 2373 1337 2410 neque
1358 2361 1394 2396 in
1416 2359 1667 2411 eaficndatam
1689 2371 1797 2414 Matth-

150 2440 194 2464 ae
215 2426 415 2463 stabilitam
436 2426 625 2462 ecclesiam
646 2437 828 2477 superare
853 2433 1023 2479 possent.
1067 2424 1188 2478 Igitur
1211 2423 1375 2465 loannes
1396 2432 1554 2479 repente
1576 2440 1667 2465 con·
1686 2407 1729 2442 ω’
1749 2407 1788 2433 lb'

150 2492 346 2542 turbatus,
389 2499 501 2544 atque
526 2490 783 2543 ingemiscens
807 2492 965 2543 leuiter,
1005 2500 1047 2533 ut
1073 2493 1118 2533 ab
1144 2492 1319 2532 omnibus
1344 2500 1470 2532 tamen
1494 2492 1670 2532 exaudiri

151 2567 306 2614 posset,
352 2559 465 2612 idque
495 2558 669 2609 integrae
700 2572 744 2598 ac
775 2559 950 2600 sincerae
981 2561 1178 2600 doctrinae
1209 2559 1468 2599 testimonium
1498 2567 1668 2611 extaret,

150 2630 363 2677 Properate,
387 2628 551 2679 st‘atreS,
582 2624 719 2678 inquit,
743 2627 913 2666 abeamus
935 2630 1033 2675 bine,
1062 2643 1108 2667 ne
1127 2629 1277 2666 balneae
1293 2630 1501 2675 concidant,
1534 2635 1570 2666 et
1589 2642 1670 2666 eum

151 2696 311 2741 Ebione,
355 2697 422 2745 qui
449 2697 548 2732 intus
578 2701 651 2739 est,
697 2694 740 2731 ab
769 2697 846 2733 eius
879 2699 1096 2747 impietatem
1127 2696 1339 2734 obruamur.
1401 2693 1540 2748 Neque
1575 2708 1670 2735 vero

153 2761 281 2801 mirari
313 2761 510 2815 quisquam
540 2761 674 2809 debet,
717 2761 802 2800 dnm
829 2760 952 2802 Ebion
979 2763 1195 2802 occurrisse
1222 2761 1359 2801 loanni
1383 2761 1534 2801 dicitur.
1595 2761 1671 2801 Hie

154 2828 253 2867 enim
280 2828 344 2869 diu
366 2829 566 2869 admodum
590 2828 712 2877 vixit,
756 2835 794 2867 et
816 2829 863 2869 ad
883 2829 1045 2871 Traiani
1068 2830 1245 2884 pervenit
1267 2829 1481 2883 imperium.
1543 2827 1669 2869 Porro

154 2908 230 2935 non
253 2893 418 2937 Ioannes
444 2896 580 2947 modo,
613 2896 678 2936 sed
707 2903 743 2936 et
766 2910 898 2938 omnes
920 2912 1078 2953 prorsus
1100 2897 1262 2952 apostoli
1286 2896 1447 2937 Ebiouis
1474 2897 1585 2937 sidem
1608 2910 1669 2937 re-
