2034 3267
454 184 629 215 PANAan
655 185 736 216 Lm.
759 185 781 217 ῐ.
805 186 911 217 ΤοΜ.
927 186 968 217 u.
993 186 1252 220 HAER.XXX.
1532 180 1610 218 2ss5

100 265 165 302 bae
188 265 307 313 specie
332 264 581 301 descendentis
615 272 651 302 et
680 267 855 303 intrantis
882 280 919 303 tn
945 280 1037 305 sese.
1098 268 1134 304 E
1138 274 1153 304 t
1179 281 1250 305 vooe
1273 268 1415 305 reddita
1440 268 1484 305 de
1513 268 1612 304 coelo

99 334 222 369 dicens
234 359 245 376 ,
285 332 338 367 Tu
361 344 400 366 es
412 331 525 381 filius
545 345 643 368 mens
664 334 819 370 dilectus
832 362 842 378 ,
876 335 913 370 in
940 340 973 370 te
997 334 1089 371 mila·
1111 336 1326 384 complacui.
1389 337 1442 372 Et
1462 337 1608 380 iterum,

97 400 180 448 Ego
206 398 312 434 hodie
328 400 449 446 gelmi
468 405 513 434 tc.
577 400 780 449 Statimque
809 413 849 436 eo
881 402 918 436 z'n
951 401 1029 436 loco
1061 402 1128 437 lua?
1156 402 1287 450 ingens
1310 403 1470 454 qfficlsit.
1535 402 1613 450 Qua

98 471 290 514 conspecta
312 466 467 501 Ioannes
490 467 544 502 sic
566 479 644 502 eum
668 467 894 515 alloquitur:
944 468 996 503 Tu
1020 469 1102 516 quis
1133 482 1191 513 es,
1226 470 1398 506 domine?
1437 471 1614 506 Rursum-

97 546 166 583 qne
189 533 291 581 lapsa
316 545 388 568 voa·
410 533 454 568 de
475 533 573 569 coelo
587 561 596 577 ,
631 534 700 569 Hic
723 539 778 569 est
785 532 900 582 filins
921 546 1020 569 meus
1041 535 1217 579 dilectus,
1252 537 1288 571 in
1312 549 1382 585 (μιο
1408 537 1500 573 milei
1518 549 1614 573 com-

95 600 237 649 placui.
299 600 365 636 Ad
385 600 474 635 haec
496 601 650 636 Ioannes
672 600 721 635 ad
742 600 820 635 eius
836 600 948 648 pedes
967 602 1157 646 accidens,
1194 603 1348 649 Quaeso,
1384 605 1515 652 inquit,
1550 605 1614 639 do-

99 669 214 713 mine,
251 673 290 704 tec
312 680 367 703 me
391 668 466 715 ipse
489 666 649 716 baptiza.
711 667 769 702 At
794 666 856 702 ille
878 666 1099 715 prohibebat
1121 681 1199 705 eum
1224 670 1371 715 dicens,
1407 672 1520 716 Sc'ne5
1563 672 1614 707 im

97 737 190 771 enlm
221 735 323 771 decet
351 746 417 770 nos
446 733 595 782 implere
623 734 755 769 omnia.

210 866 309 907 Vide.
348 879 457 919 quam
489 864 539 904 sit
574 878 705 903 eorum
744 865 993 919 undequaque
1023 867 1227 921 depravata
1262 868 1458 917 doctrina,
1504 883 1612 921 qnam
1631 876 1815 919 Cap.X1V.

98 934 365 982 claudicantia,
399 932 632 983 distortaque
656 931 733 970 sint
758 932 900 982 omnia,
934 947 1004 972 nec
1031 935 1125 973 recti
1152 935 1350 989 quicquam
1377 936 1614 976 contineant.

101 1001 310 1043 Cerinthus
335 998 433 1038 cnim
459 1004 495 1036 et
519 995 778 1051 Carpocrates
808 1000 940 1039 eodem
966 999 1177 1051 Matthaei,
1213 1010 1251 1042 ut
1279 1003 1428 1056 quidem
1460 1003 1609 1051 volunt,

100 1068 303 1121 evangelio
330 1067 436 1114 freti,
474 1078 524 1103 ex
547 1064 629 1104 eius
654 1065 763 1104 initio
788 1064 1022 1121 Christique·
1041 1070 1265 1123 genealogia
1294 1070 1457 1122 probare
1487 1072 1613 1109 nitun-

100 1143 161 1176 tur
183 1134 375 1175 Christum
401 1146 421 1171 c
444 1129 595 1185 losephi
616 1139 654 1172 et
675 1131 826 1173 Mariae
850 1135 995 1174 semine
1020 1149 1107 1176 esse
1134 1146 1390 1190 procreatum.
1445 1135 1501 1176 Illi
1525 1151 1616 1175 con-

101 1211 158 1242 tra
182 1201 279 1241 aliud
302 1200 455 1239 omnino
479 1206 666 1240 statuunt.
727 1199 828 1241 Nam
854 1203 953 1242 omni
977 1202 1038 1242 illa
1064 1204 1290 1257 genealogia
1315 1212 1507 1259 amputata
1531 1204 1617 1243 inde

100 1269 199 1309 unde
221 1267 386 1306 diximus
411 1266 557 1305 initium
587 1267 798 1308 deducunt:
852 1273 1005 1308 Factam
1030 1279 1087 1309 est
1116 1275 1152 1310 in
1181 1274 1308 1311 diebus
1329 1276 1486 1311 Herodis
1515 1276 1617 1323 regis

98 1339 274 1381 Iudaeae,
309 1335 376 1372 sub
394 1337 565 1385 princepe
591 1338 821 1374 sacerdotum
846 1340 1006 1388 Caipha,
1053 1346 1096 1376 nt
1121 1342 1260 1378 veniret
1289 1343 1433 1391 qm‘t‘lam
1459 1343 1616 1378 Ioannes

97 1406 239 1442 nomine
264 1403 459 1452 baptizans
486 1402 661 1452 baptismo
676 1407 923 1453 poenitentiae
944 1408 980 1443 2'12
1002 1408 1161 1444 Iordane
1173 1409 1310 1459 flavio,
1345 1414 1421 1446 etc.
1484 1405 1616 1458 Quan-

98 1469 296 1523 doquidem
323 1466 450 1508 lesum
476 1475 517 1506 ut
539 1469 705 1509 diximus
729 1484 874 1510 merum
898 1471 1086 1511 hominem
1110 1474 1289 1513 extitisse
1315 1481 1461 1528 putant,
1492 1475 1529 1513 in
1551 1488 1616 1513 eo-

95 1551 166 1591 que
193 1535 385 1576 resedisse
413 1532 610 1575 Christum
628 1567 637 1584 ,
673 1537 732 1589 qni
759 1538 957 1579 columbae
985 1541 1112 1593 specie
1138 1541 1185 1580 sit
1211 1541 1390 1595 illapsus,
1434 1556 1517 1581 cum
1551 1556 1616 1581 eo-

96 1617 167 1657 que
190 1603 436 1653 coniunctus3
481 1603 515 1642 id
542 1604 638 1656 qnod
664 1604 748 1643 aliis
781 1605 939 1659 insuper
968 1607 1191 1648 haeresibus
1225 1609 1416 1662 placuisse
1445 1609 1612 1662 reperio.

95 1669 154 1711 lta
178 1669 304 1710 lesum
331 1671 452 1724 ipsum
490 1684 576 1710 esse
605 1668 801 1711 Christum
836 1687 887 1712 cx
916 1675 1114 1728 utriusque
1145 1676 1316 1729 parentis
1349 1678 1496 1716 semine
1528 1689 1613 1730 pro-

96 1745 267 1792 gnatum.
329 1736 497 1777 Rursum
537 1752 631 1777 vcro
667 1753 742 1778 non
775 1740 962 1780 hominem
995 1755 1081 1781 esse
1114 1740 1308 1782 Christum
1342 1758 1394 1783 ex
1428 1744 1500 1783 hoc
1531 1743 1614 1783 cius

97 1819 285 1859 responso
315 1805 520 1857 colligunt,
555 1806 675 1859 quod,
710 1821 792 1846 cum
818 1809 1073 1849 renuntiatum
1101 1817 1230 1850 esset:
1277 1813 1374 1849 Ecce
1406 1819 1522 1849 mater·
1552 1819 1614 1850 tua

98 1881 136 1911 et
150 1875 300 1926 fi'atres
330 1874 501 1924 tm'sorz's
524 1881 643 1920 stant,
688 1874 786 1914 hunc
810 1875 846 1914 in
881 1876 1030 1915 modum
1062 1877 1246 1917 reddidit:
1296 1881 1395 1928 Quae
1421 1886 1477 1917 est
1500 1887 1616 1917 mater

99 1955 195 1987 mea,
230 1948 267 1979 et
275 1941 425 1992 fratres
447 1944 546 1978 mei?
575 1949 610 1978 ec
633 1945 831 1981 eoetendens
853 1958 996 1982 numum
1023 1948 1060 1983 in
1082 1947 1283 1996 discipulos
1302 1949 1420 1993 davit,
1455 1949 1509 1985 He'
1527 1955 1617 1985 sunt

94 2010 237 2060 fratres
266 2011 340 2046 mei
356 2015 392 2046 et
423 2016 539 2047 mater
571 2022 670 2055 mett,
713 2012 780 2060 qui
790 1999 947 2062 fitcz'mzt
968 2014 1189 2051 voluntatem
1213 2016 1338 2064 patris
1366 2017 1448 2052 mee'.
1513 2013 1614 2053 Hinc

97 2074 161 2115 ille
186 2075 402 2128 praestigiis
425 2075 633 2115 instructus
659 2074 785 2115 Ebion
810 2077 940 2118 varias
964 2093 1007 2118 se
1030 2079 1067 2119 in
1091 2080 1218 2119 larvas
1245 2087 1357 2134 atque
1380 2082 1523 2134 effigies
1549 2082 1614 2121 de-

98 2143 257 2191 format,
291 2151 332 2182 ut
356 2157 407 2183 ex
430 2143 477 2183 iis
501 2157 597 2196 quae
626 2143 734 2183 initio
758 2145 856 2184 dicta
881 2153 970 2186 sunt
992 2153 1130 2187 tetrum
1158 2154 1195 2187 et
1220 2148 1401 2188 horribile
1429 2149 1613 2202 quoddam

98 2223 187 2250 esse
219 2217 429 2251 monstrum
461 2217 658 2266 appareat.

211 2343 311 2385 Sunt
335 2353 374 2385 et
399 2346 463 2386 alii
493 2346 578 2386 libri
610 2346 745 2400 quibus
778 2355 955 2401 utuntur,
996 2351 1102 2391 velut
1122 2349 1231 2391 Petri
1253 2349 1450 2392 Circuitus
1473 2365 1493 2391 a
1523 2350 1612 2393 Cle-

98 2419 226 2452 mente
254 2414 484 2468 conscripti,
528 2428 601 2467 quo
636 2415 672 2454 in
705 2415 801 2455 libro
830 2418 959 2470 paucis
990 2419 1094 2458 veris
1123 2419 1267 2459 relictis
1307 2426 1438 2460 cetera
1475 2434 1615 2474 suppo-

99 2488 281 2531 suerunt3
316 2483 628 2535 quemadmodum
656 2480 836 2524 Clemens
860 2484 939 2539 ipse
964 2486 1139 2526 omnibus
1167 2487 1253 2526 illos
1276 2487 1397 2526 modis
1419 2487 1615 2538 redarguit

99 2546 145 2586 iis
169 2548 340 2601 epistolis
365 2549 614 2588 circularibus
639 2563 735 2602 qnae
763 2550 808 2590 ab
832 2566 877 2590 eo
902 2554 1068 2607 scriptae
1095 2554 1131 2593 in
1157 2554 1416 2594 sacrosanctis
1440 2555 1614 2594 ecclesiis

99 2613 293 2667 leguntur.
355 2615 418 2655 Ex
445 2616 580 2669 quibus
607 2624 757 2656 constat
785 2618 897 2671 louge
931 2621 975 2659 ab
1009 2621 1056 2661 iis
1091 2635 1186 2675 quac
1211 2622 1246 2660 in
1276 2619 1509 2662 Circuitibus
1540 2622 1614 2661 illis

101 2681 170 2720 sub
189 2683 272 2722 eius
301 2683 455 2722 nomine
480 2683 692 2722 adulterina
719 2691 854 2725 extant
882 2687 982 2728 illius
1009 2689 1117 2728 fidem
1152 2703 1196 2728 ac
1227 2703 1443 2729 sermonem
1476 2689 1614 2728 abhor-

100 2748 240 2789 ruisse.
303 2749 455 2790 Etenim
480 2750 740 2803 virginitatem
770 2749 950 2794 Clemens
975 2754 1147 2806 edocuit3
1182 2756 1242 2796 isti
1269 2757 1484 2810 repudiant.
1546 2755 1614 2796 llle

102 2812 220 2855 Etiam
238 2815 423 2857 Davidem
444 2826 481 2857 ct
497 2816 747 2871 Sampsonem
767 2835 975 2875 omnesque
998 2823 1203 2877 prophetas
1222 2824 1475 2873 commendat,
1498 2822 1613 2863 Ebio-

171 2959 245 2992 CAP.
266 2963 341 2995 XV.
366 2983 410 2988 —
452 2964 475 2997 l.
505 2966 550 3004 Cf.
571 2967 669 2996 Grabe
692 2966 832 3006 Spiciley.
857 2968 877 2999 l.
901 2967 1064 3009 pa9.263.

1642 1816 1753 1844 Matth.

1651 1852 1693 1886 12,
1712 1852 1753 1878 47.

1639 2359 1716 2402 Cap.
1739 2360 1814 2392 XV.
