2034 3267
199 2134 284 2176 Κεφ.
310 2131 355 2175 η’.

213 2285 277 2312 pag.
301 2278 354 2304 132.

384 168 462 206 252
932 170 1089 202 SANCTI
1114 171 1333 203 EPIPHANH

382 250 488 291 πάνυ
519 248 560 289 δὲ
587 250 722 297 σαφῶς
751 246 954 297 ἐπίσταμαι
985 244 1048 285 διοὶ
1073 243 1139 285 τὸν
1159 244 1310 299 χρόνον.
1369 250 1598 303 Μετέφερον
1622 244 1692 290 οὖν
1715 246 1831 289 αὐτὸν
1854 249 1894 289 οἱ

381 318 652 367 συνηλικιώται
670 311 850 366 νεώτεροι
877 313 929 360 εἰς
951 309 1094 360 πολλάς
1113 315 1246 352 κακῶν
1267 313 1545 366 ἐπιτηδεύσεις,
1587 315 1745 370 φθοράς
1765 332 1804 356 τε
1825 333 1889 369 γυ·

383 386 550 430 ναικῶν,
580 380 645 420 καὶ
669 381 842 434 λαγνείας
865 377 1067 429 άνοσίους,
1097 382 1342 433 μαγγανείαις
1363 381 1437 420 τισὶ
1458 390 1635 436 μαγικαῖς
1658 385 1891 436 ἐπιχειροῦν-

381 464 442 495 τες
465 445 569 502 αῦτῷ
591 451 788 500 συνεργεῖν
809 447 863 494 εἷς
891 444 938 486 τοὶ
960 450 1029 499 τῆς
1052 443 1276 496 άκολασίας,
1316 444 1491 500 άγαὶγιμά
1513 466 1596 490 τινα
1623 452 1889 499 ἐπιτελοῦντες,

380 514 448 554 καὶ
465 511 529 554 διά
549 515 745 555 ἐπαοιδῶν
763 512 981 566 βιαζόμενοι
999 518 1186 567 γυναῖκας
1204 514 1412 567 ἐλευθέρας
1427 513 1526 567 πρὸς
1543 515 1611 568 τήν
1628 517 1768 559 τούτου
1787 524 1889 569 φθο-

381 578 454 634 ράν
479 582 517 630 ἐξ
539 579 712 635 άνάγκης
733 579 906 635 ἄγεσθε».
963 579 1006 620 Ὁ
1031 580 1072 621 δὲ
1094 578 1279 633 Ἰώσηπος
1308 582 1374 621 καὶ
1403 578 1426 621 6
1456 580 1528 622 σῦν
1551 580 1654 639 αὐτῷ
1677 583 1891 638 πρεσβύτης

381 646 554 702 ἀνάγκην
578 650 726 701 ἔχοντες
747 652 800 705 τῷ
821 649 930 689 παιδὶ
953 649 1190 689 συνέπεσθαι
1210 648 1359 702 βαρέως
1379 647 1448 700 μὲν
1469 649 1622 702 ἔφερον,
1651 651 1830 700 πολλάκις
1850 651 1891 692 δὲ

379 716 446 757 καὶ
467 715 681 770 ἐγκλήματα
701 716 941 770 προςέφερον
963 714 1027 756 δια
1046 714 1170 770 λόγων
1189 716 1254 756 καὶ
1273 714 1488 772 παρῄνουν.
1530 713 1572 756 Ὁ
1591 716 1632 756 δὲ
1653 721 1792 768 μᾶλλον
1810 724 1891 766 τοῖς

378 784 482 833 νέοις
500 785 698 834 ἐπείθετο,
728 781 910 837 κρύπτων
929 781 976 823 τοὶ
999 782 1154 836 αἰσχρά,
1184 785 1250 824 καὶ
1272 781 1518 837 άρνούμενος.
1581 781 1679 823 Οὔτε
1698 782 1768 838 γάρ
1791 783 1889 825 ε’τόλ-

380 869 464 904 μων
490 854 530 892 oi
551 852 638 906 περὶ
662 849 849 903 Ἰώσηπον
872 851 1032 899 ἐξειπεῖν
1056 848 1103 891 τοὶ
1127 848 1207 891 κατ’
1231 851 1378 891 ἐκείνου
1404 854 1560 907 φανερῷ
1581 854 1634 907 τῷ
1656 849 1776 907 λόγῳ,
1815 850 1890 892 ἄλλ’

382 917 462 968 2ὥς
485 917 532 959 δι’
555 917 767 971 ἐπιστήμην
787 916 1001 975 παρῄνουν.
1063 920 1345 972 Παραγίνονται
1368 922 1463 972 γοῦν
1484 919 1538 966 εἰς
1561 917 1739 972 Γάδαρα,
1770 919 1824 966 εἰς
1843 917 1890 959 τά

378 985 508 1040 θερμά
531 985 664 1027 ὕδατα.
725 985 953 1040 Πανήγυρις
980 985 1021 1026 δὲ
1050 986 1129 1026 ἐκεῖ
1154 983 1236 1026 κατ’
1266 986 1351 1033 ἔτος
1377 983 1524 1039 ἄγεται·
1566 983 1792 1039 ἀπέρχονται
1817 984 1889 1040 γάρ

378 1052 625 1106 πανταχόθεν
647 1054 686 1094 οἷ
704 1051 934 1105 βουλόμενοι
951 1051 1166 1093 λούσασθαι
1189 1050 1332 1107 ἡμέρας
1356 1050 1482 1102 τινας,
1523 1053 1747 1105 νοσημάτων
1768 1055 1891 1105 δῆθεν

379 1120 576 1174 άποβολῆς
605 1122 750 1170 ἕνεκεν,
792 1119 885 1174 ὅπερ
918 1121 996 1161 ἐστὶ
1025 1118 1246 1172 διαβολικόν
1277 1117 1534 1174 στρατήγημα.
1580 1118 1711 1160 ’Ένθα
1740 1118 1812 1174 γάρ
1844 1118 1891 1161 τοὶ

377 1187 483 1243 παρά
513 1193 582 1229 τοῦ
611 1193 712 1229 θεοῦ
738 1185 924 1240 θαύματα
947 1187 1163 1241 γεγένηται,
1204 1185 1423 1241 προῦλαβεν
1449 1184 1471 1227 ὁ
1496 1184 1543 1227 δι’
1566 1187 1739 1235 ε’ναντίας
1761 1193 1891 1228 θεῖναι

378 1255 501 1297 αὐτοῦ
529 1254 576 1296 τὰ
608 1253 780 1308 ὄλετήρια
812 1257 958 1295 δίκτυα.
1013 1252 1250 1308 Ἀνδρόγυνα
1279 1251 1351 1308 γάρ
1381 1254 1501 1294 ἐκεῖσε
1528 1252 1718 1295 λούονται.
1778 1253 1889 1295 Kato}

381 1326 619 1377 3συγκυρίαν
639 1322 680 1362 δὲ
701 1320 799 1375 γυνή
819 1339 877 1369 τις
899 1322 1083 1375 ἐλευθέρα
1106 1322 1234 1373 ἔτυχεν
1256 1322 1295 1361 ἐν
1317 1325 1369 1377 τῷ
1389 1325 1557 1377 λουτρῷ,
1587 1319 1712 1362 κάλλει
1733 1323 1889 1376 διαπρέ-

375 1404 505 1431 πουσα
529 1388 754 1442 εὐμορφίας.
813 1389 892 1428 Καὶ
915 1386 938 1428 ὁ
956 1387 1161 1441 νεώτερος,
1190 1388 1370 1440 θελχθεὶς
1391 1393 1442 1444 τῷ
1463 1389 1547 1429 ἔθει
1565 1393 1634 1440 τῆς
1655 1387 1776 1429 αὐτοῦ
1798 1387 1887 1430 οἷκο-

375 1459 526 1507 λασίας,
559 1461 578 1484 4
591 1454 702 1497 διϊοόν
723 1456 764 1496 ἐν
782 1459 835 1512 τῷ
858 1453 941 1509 άέρι
961 1456 1240 1508 παρενέτριψεν
1260 1453 1380 1496 αὑτοῦ
1399 1454 1469 1508 τήν
1489 1454 1657 1509 πλευράν
1676 1460 1722 1512 τῇ
1743 1460 1888 1511 πλευρᾷ

374 1529 444 1565 τοῦ
464 1526 637 1578 γυναίου.
694 1520 744 1562 Ἡ
768 1522 809 1563 δὲ
840 1522 980 1575 ἑαυτήν
1006 1523 1262 1577 ἐσφραγίσατο
1294 1524 1347 1570 εἰς
1371 1521 1491 1575 ὄνομα
1519 1527 1710 1576 Χριστοῦ,
1750 1520 1814 1564 οἷα
1838 1521 1886 1575 δὴ

378 1590 589 1645 Χριστιανή
611 1585 722 1640 οὖσα,
753 1584 778 1646 ᾗ
803 1588 890 1631 οὔτε
909 1588 1059 1644 ἀνάγκη
1080 1584 1130 1642 ἦν
1150 1595 1398 1642 παρανομεῖν,
1426 1591 1493 1631 καὶ
1514 1588 1761 1644 άνδρογύνως
1780 1589 1884 1630 λούε-

375 1665 481 1699 σθαι.
534 1660 748 1710 Συμβαίνει
767 1657 808 1698 δὲ
828 1661 948 1698 ταῦτα
967 1662 1047 1704 τοῖς
1067 1655 1223 1708 άφελέσι
1241 1658 1307 1698 καὶ
1329 1656 1496 1705 ἰδιώταις
1515 1655 1756 1711 άνθρῶποις,
1780 1656 1887 1712 παρὰ

374 1725 444 1778 τήν
468 1730 545 1766 τῶν
565 1723 806 1766 διδασκάλων
827 1727 1028 1781 ῥᾳθυμίαν
1050 1722 1101 1776 μὴ
1121 1723 1431 1778 άσφαλιζομένων
1454 1723 1518 1765 διά
1538 1730 1606 1777 τῆς
1627 1727 1885 1772 διδασκαλίας.

362 1792 499 1844 ““Ὀμως
517 1795 582 1833 ἵνα
605 1795 708 1849 δείξῃ
728 1790 750 1832 ὁ
769 1790 865 1840 θεὸς
888 1790 934 1832 τά
957 1789 1078 1832 αὑτοῦ
1097 1791 1316 1844 θαυμάσια,
1346 1797 1415 1833 τοῦ
1437 1791 1725 1846 ἐπιχειρήματος
1744 1790 1786 1833 τό
1807 1808 1885 1844 μει-

374 1859 511 1911 ράκιον
534 1858 714 1911 άπέτυχε,
745 1860 845 1911 φημὶ
867 1859 907 1900 δὲ
928 1857 951 1900 ὅ
970 1858 1217 1912 πατριάρχης.
1276 1860 1524 1912 Διεπέμψατο
1547 1858 1619 1913 γάρ
1644 1858 1743 1913 πρός
1764 1857 1885 1911 αὐτὴν

374 1928 442 1968 καὶ
464 1930 571 1982 δῶρα
595 1925 766 1977 ἐτάξατο,
795 1924 822 1978 ἡ
843 1926 882 1967 δὲ
904 1925 995 1974 τούς
1016 1928 1332 1979 διαπεμφθέντας
1351 1928 1579 1983 ἐξυβρίσασα
1599 1925 1672 1968 οὐκ
1694 1925 1884 1979 ἐκάμφθη

373 1999 419 2052 τῇ
448 2000 516 2036 τοῦ
548 1992 761 2035 ἀκολάστου
791 1995 1048 2050 ματαιοεργία.

480 2127 684 2170 Ἐντεῦθεν
707 2130 746 2170 οἷ
764 2132 1035 2183 συνεργοῦντες
1057 2127 1180 2185 αὐτῷ,
1210 2128 1365 2184 γνόντες
1386 2127 1454 2182 τήν
1472 2133 1542 2170 τοῦ
1564 2128 1705 2177 παιδός
1725 2129 1883 2184 ὀδύνην,

373 2195 422 2249 ἣν
441 2197 494 2245 εἷς
511 2195 553 2238 τό
574 2195 735 2251 γύναιον
754 2194 1044 2248 ἀπημπόλησεν,
1069 2197 1325 2251 ἐπιχειροῦσιν
1345 2195 1448 2253 αὐτῷ
1468 2213 1552 2237 τινα
1571 2199 1722 2248 μείζονα
1741 2215 1884 2253 μαγγα-

373 2266 477 2305 νείαν
494 2263 789 2314 κατασκευάσαι,
813 2261 865 2312 ὥς
883 2261 1000 2310 αὐτὸς
1017 2260 1204 2316 Ἰώσηπός
1223 2281 1289 2317 μοι
1305 2263 1402 2305 κατὰ
1417 2262 1623 2316 λεπτότητα
1641 2262 1882 2319 ὑφηγήσατο.

371 2329 582 2385 Ἀπάγουσι
602 2330 673 2386 γάρ
695 2330 763 2373 τόν
784 2330 921 2372 ἄθλιον
941 2332 1062 2370 παῖδα
1081 2330 1173 2383 μετά
1194 2330 1304 2372 δύσιν
1326 2329 1436 2384 ἡλίου
1459 2333 1498 2373 ἐν
1517 2337 1597 2379 τοῖς
1616 2335 1883 2386 πλησιαίτερον

372 2397 546 2450 τύμβοις.
608 2397 860 2452 Πολυάνδρια
889 2399 931 2438 δέ
960 2399 1061 2438 ε’στιν
1086 2397 1210 2447 οὕτως
1233 2400 1273 2440 ἐν
1297 2403 1342 2456 τῇ
1367 2401 1521 2453 πατρίδι
1543 2397 1761 2450 καλούμενα
1785 2398 1881 2452 σπή-

371 2469 458 2505 λαια
474 2467 514 2506 ἐν
530 2466 688 2519 πέτραις
708 2464 854 2520 ὀρυκτά
880 2471 893 2494 ¹
909 2466 1245 2517 κατεσκευασμένα.
1282 2464 1388 2507 Ἐκεῖ
1401 2464 1686 2520 παραλαβόντες
1704 2465 1772 2506 τὸν
1789 2483 1882 2520 προ-

374 2533 574 2585 ειρημένον
599 2534 639 2574 οἷ
658 2532 737 2585 ἅμα
759 2530 862 2589 αὐτῷ
883 2531 1015 2586 γόητες
1037 2532 1190 2588 ε’πῳδάς
1215 2551 1321 2581 τινας
1343 2534 1410 2574 καὶ
1433 2531 1692 2587 ἐφορκισμοῦς
1714 2533 1781 2573 καὶ
1802 2534 1882 2574 ἔπι-

374 2598 593 2651 τηδεύματα
622 2598 796 2653 ἀσεβείας
825 2601 966 2652 ἔμπλεα
995 2600 1048 2647 εἰς
1078 2597 1196 2641 αὐτόν
1225 2602 1450 2651 ἐποιοῦντο,
1488 2601 1554 2641 καὶ
1583 2601 1636 2648 εἰς
1665 2598 1786 2652 ὄνομα
1814 2604 1883 2652 τῆς

373 2667 655 2720 προειρημένης
678 2665 873 2722 γυναικός.
929 2664 996 2706 Ἐκ
1016 2669 1116 2706 θεοῦ
1145 2667 1185 2708 δὲ
1208 2667 1426 2720 βουλήσεως
1455 2668 1508 2715 εἰς
1530 2671 1620 2708 νοῦν
1643 2670 1761 2706 ταῦτα
1785 2661 1882 2719 ἦλθε

373 2737 444 2774 τοῦ
463 2732 577 2775 ἄλλου
596 2735 858 2789 πρεσβυτέρου
876 2736 944 2775 τοῦ
966 2731 1036 2773 σύν
1053 2731 1224 2791 Ἰωσήπῳ
1246 2734 1514 2789 τυγχάνοντος·
1545 2731 1567 2774 o‘
1586 2733 1627 2774 δὲ
1647 2732 1882 2785 αἰσθόμενος

416 2823 447 2855 2.
473 2822 518 2861 es<
541 2827 678 2858 desidero
696 2828 727 2857 in
748 2827 818 2857 edit.
838 2827 943 2857 Petav.
991 2826 1106 2855 Coma·
1150 2827 1255 2857 Petav.
1300 2828 1334 2857 In
1354 2827 1476 2865 reliquis
1503 2826 1586 2855 libris
1612 2827 1693 2855 extat
1716 2823 1880 2866 συκυρίαν.

371 2870 437 2900 rius
458 2872 564 2900 vertit.-
587 2870 645 2901 sed
666 2870 755 2902 velut
778 2881 837 2913 per
858 2868 1024 2901 scientiam
1045 2880 1102 2900 ex·
1148 2871 1230 2901 Illud
1258 2872 1391 2910 reposuit
1415 2872 1505 2901 etiam
1536 2871 1732 2900 Casaubonus
1765 2872 1834 2900 tom.
1854 2871 1879 2900 Ι.

372 2912 594 2944 hortabantur.
1147 2915 1289 2946 Exercitl.
1312 2925 1385 2954 pay.
1405 2913 1500 2952 301.,
1523 2917 1638 2945 vertens
1661 2913 1784 2951 „Forte
1808 2913 1881 2944 for-

416 2957 449 2990 3.
473 2958 647 3000 συγκυρίαν
667 2961 732 2990 cod.
757 2961 873 2998 ratic„
897 2962 922 2990 el
939 2960 1010 2990 inde.
1031 2960 1101 2990 edit.
1146 2963 1224 2990 tuna
1249 2966 1318 2991 erat
1341 2958 1455 2990 mulier
1481 2958 1514 2989 in
1540 2958 1693 2989 balue0.⁴‘
1740 2960 1836 2990 Recte.
