2034 3267
557 155 733 188 PANARH
756 156 837 190 Lm.
855 157 878 189 ι.
906 157 1012 190 ΤοΜ.
1028 158 1085 189 111.
1109 156 1431 189 HAER.XXXV11.
1671 148 1749 188 507

239 234 326 276 Nec
355 242 412 275 est
443 235 540 289 quod
572 235 713 275 idcirco
745 236 919 277 conditae
950 250 1013 277 res
1039 251 1059 276 a
1082 236 1153 276 deo
1177 235 1442 290 vituperentur
1461 235 1559 289 quod
1581 234 1750 275 nonnulli

239 317 372 344 rursus
402 302 613 342 incredibili
646 317 778 343 errore
810 304 966 344 faciunt.
1028 302 1123 343 lllud
1154 303 1252 343 enim
1285 305 1427 358 figurae
1454 303 1576 342 instar
1602 300 1751 342 ludaeis

239 371 277 411 in
300 371 504 410 solitudine
528 370 752 423 degentibus
777 378 973 411 ostensum
997 378 1075 421 est3
1110 371 1155 410 ob
1181 385 1261 410 eam
1287 371 1405 425 ipsam
1432 370 1617 411 rationem
1642 384 1752 424 quam

238 439 276 478 in
309 437 509 491 evangelio
541 437 715 478 dominus
747 438 955 492 expressit.
1016 436 1228 478 Nimirum:
1272 441 1380 477 Sicut
1403 441 1583 477 cst-ultavit
1604 441 1951 489 itloysesloannssdm

238 514 438 557 serpentem
464 509 500 544 in
522 508 685 552 deserto,
721 509 772 544 itu
795 508 961 544 eoeultari
982 513 1126 556 oportet
1135 507 1263 556 filium
1283 508 1461 553 lzomine‘s‚·
1495 506 1593 559 quod
1620 512 1752 559 postea

240 572 412 626 contigit.
474 571 574 612 Nam
607 571 736 612 Iudaei
765 570 959 612 Christum
990 573 1180 612 dominnm
1213 573 1316 613 velut
1345 580 1560 627 serpentem
1593 573 1753 626 ignomi-

239 640 347 680 niose
373 647 579 680 tractantes
600 640 753 694 ipsimet
772 640 962 693 serpentis
985 640 1155 689 insidiis,
1189 640 1260 679 hoc
1282 647 1340 679 est
1361 640 1515 689 diaboli,
1549 639 1754 680 vehemen-

240 715 298 748 ter
323 708 457 747 offensi
490 715 591 748 sunt.
656 706 733 747 Sed
759 714 796 746 ut
821 713 950 746 erecto
973 714 1151 760 serpente
1178 707 1201 746 ii
1228 707 1288 760 qui
1314 721 1441 747 morsu
1467 714 1574 747 erant
1599 707 1752 762 appetiti

239 783 396 830 repente
423 775 571 815 liberati
601 782 712 824 sunt,
756 774 806 813 ita
833 771 989 814 Christo
1016 774 1053 813 in
1079 787 1230 814 crucem
1252 774 1399 814 sublato
1425 775 1574 814 animae
1599 782 1753 814 nostrae

239 858 258 884 a
290 844 433 898 peccati
465 843 654 883 morsibus
685 848 769 880 sunt
803 847 1021 895 exemptae.
1082 842 1210 895 Atque
1235 842 1331 882 hanc
1353 842 1473 897 ipsam
1500 842 1640 881 domini
1667 856 1754 881 sen-

239 911 395 951 tentiam
419 910 463 950 ad
485 909 629 950 erroris
649 908 707 948 sui
731 908 982 963 patrocinium
1003 909 1181 949 afferunt.
1244 908 1386 949 Nonne
1409 909 1530 959 vides,
1565 909 1753 963 inquiunt,

239 979 292 1019 ita
324 977 590 1031 pronuntiasse
627 974 844 1016 Christum:
891 978 1073 1026 Quonmdo
1103 979 1282 1016 exaltavit
1314 980 1461 1028 Moyses
1487 985 1686 1028 serpentem
1719 981 1754 1015 in

239 1049 403 1092 deserto,
449 1048 500 1083 itu
531 1046 696 1083 eoealturi
722 1052 864 1095 oportet
880 1046 1008 1095 filium
1039 1047 1220 1083 homenis?
1280 1042 1489 1099 Propterea
1514 1043 1646 1084 etalio
1671 1044 1755 1084 loco

239 1113 293 1153 sic
317 1111 523 1168 praecipit:
567 1114 696 1150 Estote
711 1114 912 1163 prudentes
933 1120 974 1150 ut
994 1121 1198 1164 serpentes,
1242 1121 1279 1151 et
1298 1115 1479 1164 simplices
1499 1116 1598 1150 sicut
1617 1114 1753 1151 colum-
1772 1123 1882 1165 Manli.

239 1183 316 1220 bae.
379 1177 445 1220 Sic
471 1179 588 1232 igitur
610 1178 672 1219 isti
700 1193 792 1233 quas
816 1179 1002 1233 imagines
1033 1194 1077 1219 ac
1102 1180 1212 1233 signa
1235 1180 1440 1220 coelestem
1468 1180 1512 1220 ad
1541 1179 1752 1219 doctrinam
1779 1159 1821 1193 ω’
1842 1159 1880 1184 Μ’

240 1248 435 1303 praeclare
458 1247 551 1286 deus
575 1247 783 1297 transtulit,
809 1261 854 1287 ea
875 1247 920 1287 ad
942 1248 1159 1301 dogmatum
1178 1262 1332 1288 suorum
1355 1248 1558 1288 salsitatem
1579 1260 1757 1288 asseren-

239 1316 322 1355 dam
354 1314 595 1369 impudenter
624 1315 924 1355 accommodant.

349 1381 546 1436 Siquidem
575 1380 681 1422 lesus
711 1380 889 1422 Christus
917 1383 1091 1423 domiuus
1123 1391 1277 1433 noster,
1323 1384 1498 1437 idemque
1527 1384 1620 1423 deus
1656 1382 1753 1423 Ver·
1782 1392 1956 1436 c11p.V111.

239 1451 349 1500 bum,
383 1464 404 1490 a
427 1448 542 1490 Patre
564 1457 652 1489 ante
675 1450 803 1490 secula
827 1450 951 1490 omnia
971 1450 1053 1490 sine
1076 1451 1262 1505 principio
1289 1465 1333 1491 ac
1358 1458 1528 1505 tempore
1552 1452 1626 1491 ullo
1652 1452 1758 1505 geni-

239 1525 322 1569 tus,
367 1531 602 1571 nequaquam
635 1527 693 1557 est
723 1531 898 1572 serpens.
961 1516 1101 1558 Procul
1128 1519 1226 1558 absit
1252 1526 1289 1559 ut
1315 1519 1363 1558 ita
1390 1518 1616 1560 sentiamus.
1680 1517 1755 1559 Sed

239 1592 373 1626 contra
395 1592 611 1640 serpentem
632 1584 802 1625 advenit.
861 1584 935 1638 Qui
959 1586 989 1625 si
1013 1587 1238 1640 quandoque
1261 1586 1425 1627 dixerit:
1451 1590 1579 1626 Estote
1594 1590 1757 1639 pruden=

241 1664 293 1694 tes
317 1662 361 1694 ut
377 1661 583 1705 serpentes,
618 1661 653 1692 et
675 1655 858 1704 simplices
880 1657 979 1692 sicut
1002 1655 1209 1702 columbae,
1245 1654 1334 1694 illud
1357 1655 1597 1708 interrogare
1623 1670 1693 1695 nos
1716 1670 1758 1695 ac

241 1735 475 1776 cognoscere
505 1735 572 1775 par
598 1728 677 1770 est,
723 1735 790 1760 cur
815 1720 879 1761 illa
904 1722 1001 1770 duo,
1045 1721 1255 1762 columbam
1282 1721 1428 1762 scilicet
1452 1737 1496 1761 ac
1523 1730 1756 1777 serpentem,

242 1790 351 1831 nobis
374 1788 591 1829 erudiendis
613 1788 869 1843 proposuerit.
921 1787 1079 1829 Nullum
1105 1789 1205 1829 enim
1228 1790 1265 1829 in
1289 1797 1483 1845 serpente,
1518 1798 1670 1845 praeter
1691 1792 1758 1831 du-

240 1859 330 1914 plex
360 1858 449 1897 illud
481 1856 704 1911 prudentiae
732 1856 923 1910 specimen
956 1864 1135 1911 apparet,
1178 1856 1337 1911 primum
1371 1859 1468 1912 quod
1493 1859 1680 1913 appetitus
1712 1859 1757 1898 ab

242 1927 390 1981 aliquo,
424 1939 507 1965 cum
536 1924 572 1964 in
598 1924 720 1978 capite
742 1923 856 1964 vitam
882 1938 1031 1964 omnem
1054 1938 1162 1965 suam
1184 1925 1357 1965 residere
1381 1926 1543 1977 sentiat,
1576 1926 1758 1966 velutin-

240 1994 441 2034 terdictum
467 1993 556 2032 illud
582 1991 727 2031 veritus
753 1992 850 2045 quod
875 1999 1030 2046 propter
1054 1992 1243 2032 hominem
1268 1993 1361 2033 deus
1388 1993 1474 2033 olim
1498 1994 1537 2034 iu
1561 2008 1648 2035 sese
1673 2009 1758 2050 pro-

242 2061 451 2102 nuntiavit:
487 2063 607 2111 Caput
625 2060 670 2098 ab
694 2062 771 2110 ipso
794 2063 993 2107 custodies,
1028 2062 1091 2099 ille
1114 2075 1137 2099 u
1160 2068 1194 2100 te
1217 2063 1446 2109 calcaneum,
1481 2068 1563 2102 toto
1585 2063 1622 2102 in
1646 2069 1757 2117 caput
1775 2078 1849 2104 Gen.
1862 2076 1888 2110 3,
1904 2075 1943 2103 15-

242 2128 468 2184 complicato
493 2140 676 2181 corpore,
718 2126 884 2181 illudque
907 2135 1113 2182 protegens
1135 2135 1173 2168 et
1196 2129 1412 2178 occultans,
1447 2144 1593 2170 summa
1616 2130 1758 2170 callidi-

243 2204 317 2237 tate
348 2196 532 2250 reliquum
565 2208 703 2249 corpus
735 2195 903 2249 opponit.
968 2193 1034 2236 Sic
1068 2210 1136 2236 uos
1167 2195 1331 2250 unigena
1359 2197 1417 2236 dei
1441 2195 1564 2237 Filius
1596 2212 1615 2237 a
1641 2196 1757 2238 Patre

241 2278 492 2320 progressus,
539 2263 622 2302 sive
653 2261 761 2303 hoste
787 2270 1062 2317 persequente,
1107 2263 1190 2303 sive
1221 2264 1353 2317 quavis
1379 2263 1580 2318 ingruente
1606 2266 1757 2306 calami-

242 2340 343 2383 tate,
388 2331 493 2372 iubet
524 2338 656 2371 nostra
681 2330 807 2370 omnia
833 2331 934 2370 ferro
960 2345 1003 2371 ac
1027 2331 1188 2372 flammis
1214 2345 1432 2386 exponere,
1478 2333 1674 2388 solumque
1701 2341 1758 2374 tu-

242 2400 313 2441 tari
341 2406 477 2454 capnt,
521 2398 592 2438 hoc
624 2404 682 2438 est
705 2398 857 2438 minime
884 2399 1076 2453 abnegare
1103 2397 1313 2440 Christum.
1377 2398 1593 2452 Quoniam,
1638 2405 1755 2455 Caput
1770 2412 1957 2447 1.C0r.11,3-

241 2471 356 2508 omnis
379 2470 453 2506 viri
468 2475 525 2506 est
544 2469 724 2513 Chr-eletas,
755 2469 812 2505 vir
832 2474 951 2505 autem
971 2469 1136 2506 mulieris
1154 2475 1268 2519 caput
1283 2476 1350 2515 est,
1384 2476 1494 2519 caput
1515 2484 1598 2508 vero
1619 2472 1761 2509 Christi

241 2539 350 2583 deus,
386 2541 425 2575 ut
448 2534 643 2589 apostolus
665 2533 844 2587 loquitur.
907 2532 1013 2574 Inest
1037 2548 1128 2575 vere
1156 2543 1193 2575 et
1217 2534 1377 2575 alterum
1405 2535 1440 2575 iu
1467 2543 1646 2590 serpente
1671 2552 1756 2593 pru-

242 2604 393 2644 dentiae
423 2616 567 2656 genns,
612 2608 652 2640 ut
681 2601 725 2640 dc
757 2614 802 2641 eo
833 2601 1048 2657 physiologi
1072 2609 1275 2643 testantur.
1338 2600 1435 2642 Cum
1468 2603 1568 2643 enim
1595 2618 1614 2644 e
1639 2619 1756 2646 cavea

242 2671 375 2713 sitiens
398 2671 441 2710 ad
465 2683 596 2724 aquam
619 2667 768 2708 bibendi
789 2669 1117 2725 gratiaprorepit,
1150 2670 1256 2710 virus
1278 2683 1406 2710 secum
1431 2685 1505 2711 non
1529 2672 1654 2722 effert,
1689 2674 1753 2713 sed

242 2739 279 2779 in
304 2739 459 2779 latibulo
483 2736 675 2790 relinquit,
702 2736 828 2790 itaque
851 2738 894 2777 ad
918 2745 1043 2792 potum
1067 2737 1276 2790 egreditur.
1339 2735 1449 2790 Quod
1474 2739 1622 2792 quidem
1645 2741 1754 2782 nobis

242 2807 461 2847 imitandum
487 2804 732 2860 proponitur:
773 2811 814 2844 ut
835 2819 917 2845 cum
944 2806 990 2846 ad
1011 2812 1182 2846 sanctam
1206 2804 1265 2845 dei
1289 2805 1490 2846 eeclesiam
1513 2808 1644 2848 orandi
1667 2823 1753 2863 gra-

285 2908 316 2939 2.
341 2905 358 2940 ὁ
383 2917 440 2939 om.
462 2909 527 2939 cod.
550 2907 675 2946 Rhediy.

285 2952 316 2985 3.
337 2951 526 2995 περιστεραί
548 2953 636 2983 codd.
664 2952 756 2984 Vatic.
782 2953 927 2993 Rhedi9.‚
947 2957 973 2985 et
996 2954 1066 2985 edit.
1088 2955 1194 2986 Petav.
1240 2952 1414 2996 περιστερά
1439 2955 1508 2986 edit.
1523 2956 1621 2995 princ.
