2034 3267
127 925 214 968 Κεφ.
242 925 304 960 καί,

171 1692 236 1720 pag.
257 1684 313 1713 256.

328 160 408 200 474
886 164 1044 197 smel-1
1069 165 1290 197 EPmHANn

1237 245 1253 254 α-
1277 240 1287 255 ,
1331 238 1348 246 ”

326 242 452 297 Ἰησοῦ
479 244 711 294 κεκομίσθαι
735 242 789 289 εἰς
811 243 1022 291 τελείωσιν,
1061 242 1127 282 καὶ
1157 246 1276 282 6τουτ
1311 247 1408 283 εἶναι
1428 244 1516 296 περὶ
1541 239 1588 286 οὗ
1612 245 1727 299 λέγει,
1769 243 1850 283 Καὶ

329 310 415 351 ἄλλο
435 308 632 362 βάπτισμα
656 310 726 362 ἔχω
748 311 1034 361 βαπτισθῆναι,
1066 310 1132 350 καὶ
1154 308 1258 349 πάνυ
1281 310 1479 363 ἐπείγομαι
1501 313 1554 359 εἰς
1575 310 1681 353 αὐτό.
1739 308 1850 351 'And

328 379 395 418 καὶ
426 383 507 425 τοῖς
539 379 639 424 υἱοῖς
672 379 884 429 Ζεβεδαίου
920 381 988 430 τῆς
1018 375 1162 431 μητρὸς
1195 375 1324 417 αὐτῶν
1353 378 1581 430 αἰτουμένης
1616 378 1658 420 τὸ
1687 381 1851 420 καθίσαι

329 443 472 493 αὐτοῦς
494 445 535 485 ἐκ
557 446 692 494 δεξιῶν
716 446 813 485 7καὶ
838 443 1049 499 άριστερῶν
1069 442 1146 497 μετ’
1166 443 1286 485 αὐτοῦ
1310 445 1362 492 εἰς
1380 442 1451 497 τήν
1472 447 1677 496 βασιλείαν,
1708 445 1851 498 ταύτην

328 518 556 567 προςθεῖναι
580 510 650 564 τὴν
673 510 942 566 α’πολύτρωσιν
964 511 1030 554 τὸν
1052 511 1186 565 κύριον
1206 513 1402 567 λέγουσιν,
1447 511 1623 564 εἰπόντα,
1666 512 1851 554 Δύνασθε

329 579 370 622 τό
393 579 590 633 βάπτισμα
611 582 900 634 βαπτισθῆναι,
931 580 954 622 ὂ
977 579 1050 635 ἐγώ
1075 581 1195 633 μέλλω
1220 582 1492 632 βαπτίζεσθαι,-
1553 581 1632 621 Καὶ
1653 580 1718 622 τὸν
1741 584 1852 621 Παῦ-

328 653 393 690 λον
423 650 550 701 ῥητῶς
573 646 768 699 φάσκουσι
797 646 866 702 τὴν
897 649 939 689 ἐν
963 652 1120 704 Χριστῷ
1143 647 1268 701 Ἰησοῦ
1293 645 1560 701 α’πολύτρωσιν
1583 647 1764 697 πολλάκις
1791 664 1853 700 με-

329 717 559 769 μηνυκέναι,
601 718 664 757 καὶ
691 713 788 757 εἶναι
813 715 956 769 ταύτην
978 715 1048 770 τήν
1073 713 1139 757 ὑπ’
1162 714 1290 757 αὐτῶν
1312 718 1496 764 ποικίλως
1519 717 1583 757 καὶ
1608 714 1854 768 ἀσυμφώνως

331 784 654 838 παραδιδομένην.

446 920 498 960 Οἱ
523 920 592 973 μὲν
621 919 693 974 γάρ
724 917 852 961 αὐτῶν
881 923 1076 972 νυμφῶνα
1101 918 1448 970 κατασκευάζουσι,
1490 920 1558 960 καὶ
1583 920 1854 973 μυσταγωγίαν

331 988 542 1029 ἐπιτελοῦσι
571 985 648 1040 μετ’
675 986 915 1042 ἐπιρρήσεών
939 1005 1055 1029 τινων
1077 993 1158 1036 τοῖς
1180 988 1477 1040 τελειουμένοις,
1507 988 1570 1028 καὶ
1595 985 1858 1040 πνευματικὸν

331 1055 455 1110 γάμον
479 1054 698 1107 φάσκουσιν
728 1053 826 1097 εἶναι
855 1054 896 1097 τὸ
928 1054 991 1096 ὑπ’
1015 1054 1143 1097 αὐτῶν
1168 1054 1391 1110 γινόμενον,
1432 1053 1531 1096 κατὰ
1556 1054 1626 1107 τὴν
1649 1052 1858 1108 ὁμοιότητα

331 1128 406 1164 τῶν
432 1122 511 1164 ἕῖνω
534 1127 754 1178 Συζυγιῶν·
799 1125 839 1165 οἵ
866 1124 906 1165 δὲ
933 1122 1094 1178 ἄγουσιν
1121 1121 1182 1173 ἐφ’
1207 1123 1333 1177 ὕδωρ,
1373 1124 1438 1164 καὶ
1464 1125 1710 1176 βαπτίζοντες
1734 1122 1858 1172 οὕτως

333 1192 588 1246 ἐπιλέγουσιν·
631 1194 705 1240 Εἰς
735 1190 859 1244 ὄνομα
889 1190 1088 1246 ἀγνώστου
1117 1190 1274 1245 Πατρός
1305 1195 1382 1232 τῶν
1411 1190 1529 1241 ὅλων,
1571 1193 1624 1240 εἷς
1652 1189 1859 1245 Ἀλήθειαν

333 1261 498 1314 ΒἸητέρα
522 1259 695 1310 πάντων,
736 1261 789 1308 εἰς
811 1258 877 1300 τόν
896 1258 1134 1300 κατελθόντα
1156 1261 1209 1308 εἷς
1230 1257 1402 1312 Ἰησοῦν,
1446 1260 1499 1307 εἰς
1521 1260 1656 1300 ἕνωσιν
1675 1260 1741 1300 καὶ
1763 1257 1860 1300 οἷπο-Υ

331 1326 518 1381 λύτρωσιν
547 1329 612 1368 καὶ
638 1330 844 1368 κοινωνίαν
856 1299 947 1368 ’ῶν
972 1325 1186 1380 δυνάμεων.
1234 1325 1367 1368 ’Ἄλλοι
1394 1328 1435 1368 δὲ
1452 1325 1640 1381 Ἑβραϊκά
1662 1345 1746 1368 τινα
1773 1324 1858 1368 όνό-

333 1413 432 1447 ματα
461 1396 696 1450 ἐπιλέγουσι,
737 1394 836 1449 πρὸς
863 1393 906 1436 τὸ
933 1399 1074 1448 μᾶλλον
1098 1393 1419 1448 καταπλήξασθαι
1443 1393 1536 1443 τοῦς
1559 1395 1858 1447 τελειουμένους,

333 1463 473 1512 οὕτως·
507 1462 675 1516 Βασεμά,
712 1462 943 1516 ῙΧαμοσσή,
976 1461 1239 1516 2Βοιαιανοροί,
1272 1464 1488 1512 Μισταδία,
1516 1460 1694 1513 Ῥουαδά,
1730 1466 1860 1503 3Κου-

333 1530 421 1581 στα,
452 1530 662 1585 Βαβοφόρ,
697 1536 903 1584 Καλαχθεῖ.
969 1529 1127 1572 Τούτων
1148 1529 1180 1571 δ’
1201 1528 1226 1583 ἦ
1252 1531 1432 1583 ἑρμηνεία
1453 1531 1532 1572 ἐστὶ
1555 1529 1730 1582 τοιαύτη·
1762 1527 1859 1583 ὖπὲρ

334 1603 463 1641 πᾶσαν
489 1599 656 1652 δύναμιν
679 1604 748 1641 τοῦ
768 1598 914 1652 πατρὸς
935 1600 1191 1652 ἐπικαλοῦμαι
1213 1603 1300 1650 φῶς
1324 1597 1627 1651 ὀνομαζόμενον,
1657 1599 1724 1639 καὶ
1747 1602 1861 1639 πνεῦ-

335 1686 388 1720 μα
408 1666 578 1723 άγαθόν,
610 1669 676 1709 καὶ
697 1667 792 1720 ζωή,
824 1667 883 1709 ὅτι
905 1669 945 1708 ἐν
968 1666 1115 1720 σώματι
1138 1669 1395 1720 ἐβασίλευσας.
1444 1665 1574 1707 ’Ἄλλοι
1596 1666 1636 1707 δὲ
1655 1665 1770 1706 πάλιν
1791 1664 1861 1718 τὴν

332 1735 520 1790 λύτρωσιν
545 1737 783 1790 ἐπιλέγουσιν
808 1735 950 1784 οὕτως·
983 1734 1024 1776 τό
1051 1734 1175 1788 ὄνομα
1198 1734 1240 1777 τὸ
1264 1733 1610 1789 άποκεκρυμμένον
1633 1732 1711 1774 άπὸ
1735 1732 1862 1786 πάσης

334 1802 520 1856 θεότητος
549 1805 615 1844 καὶ
637 1803 865 1857 κυριότητος
895 1804 961 1844 καὶ
988 1801 1194 1856 ἀληθείας,
1237 1803 1259 1844 ὃ
1285 1801 1489 1844 ἐνεδύσατο
1514 1800 1662 1854 Ἰησοῦς
1687 1799 1708 1842 ό
1735 1805 1859 1850 Naga-

335 1870 451 1925 ρηνὸς
471 1873 510 1912 ἐν
527 1877 610 1920 ταῖς
628 1876 740 1921 ζωαῖς
759 1876 829 1912 τοῦ
849 1870 981 1923 φωτός
1000 1876 1070 1912 τοῦ
1092 1874 1278 1926 Χριστοῦ,
1303 1874 1474 1925 Χριστοῦ
1492 1874 1631 1919 ζῶντος
1651 1867 1716 1910 διά
1738 1867 1861 1909 Πνεύ-

337 1956 458 1991 ματος
495 1937 606 1994 άγίου
644 1941 697 1987 εἰς
725 1938 911 1993 λύτρωσιν
943 1937 1143 1994 ἀγγελικὴν
1173 1938 1297 1992 ὄνομα
1333 1937 1375 1979 τὸ
1416 1942 1482 1990 τῆς
1513 1935 1863 1984 άποκαταστάσεως

337 2009 538 2057 4Μεσσία,
575 2005 772 2061 Ούφαρὲγ,
806 2005 1144 2060 5Ναμε.(.ι,τ,ιιαιμᾶν,
1179 2009 1392 2053 Χαλδαίαν,
1425 2004 1712 2058 Μοσομηδαέα,
1747 2001 1862 2044 6Ἀκ-

337 2076 504 2129 φραναὶ,
554 2073 715 2125 Ψαούα,
755 2073 880 2127 Ἰησοῦ
915 2078 1099 2129 Ναζαρία.
1162 2076 1242 2115 Καὶ
1270 2073 1418 2115 τούτων
1446 2073 1487 2114 δὲ
1519 2070 1545 2125 ἡ
1575 2073 1753 2124 ἑρμηνεία
1785 2071 1864 2113 ἐστὶ

336 2142 515 2195 τοιαύτη·
559 2141 645 2183 7ού
676 2144 813 2196 διαιρῶ
847 2141 888 2183 τό
919 2147 1071 2195 πνεῦμα
1100 2142 1170 2195 τήν
1196 2144 1359 2196 καρδίαν
1388 2142 1453 2182 καὶ
1480 2139 1549 2193 τὴν
1574 2137 1864 2193 ὗπερουράνιον

339 2209 517 2263 δύναμιν,
543 2209 612 2263 τήν
632 2212 871 2264 οἰκτίρμονα·
905 2208 1069 2262 ὀναίμην
1088 2215 1158 2251 τοῦ
1180 2208 1373 2262 ὀνόματός
1393 2223 1464 2250 σου
1485 2206 1625 2260 Σωτὴρ
1647 2205 1862 2259 Ἀληθείας.

341 2279 419 2319 Καὶ
449 2283 568 2319 ταῦτα
595 2279 663 2331 μὲν
687 2280 925 2332 ἐπιλέγουσιν
950 2279 990 2318 οἷ
1013 2276 1124 2319 αὐτοὶ
1152 2282 1168 2306 8
1184 2280 1223 2319 οἱ
1245 2281 1454 2325 τελοῦντες·
1496 2274 1519 2317 ό
1543 2275 1584 2316 δὲ
1607 2275 1864 2326 τετελεσμένος

340 2344 608 2400 α’ποκρίνεται,
639 2345 909 2401 Ἐστήριγμαι,
938 2346 1003 2386 καὶ
1025 2344 1280 2399 λελύτρωμαι,
1313 2346 1378 2394 καὶ
1402 2348 1615 2398 λυτροῦμαι
1638 2341 1708 2395 τήν
1731 2341 1863 2395 ψυχήν

341 2432 416 2466 μου
445 2413 521 2456 άπὸ
550 2420 618 2456 τοῦ
641 2416 785 2462 αἰῶνος
808 2412 967 2463 τούτου,
1009 2415 1075 2454 καὶ
1097 2412 1255 2455 πάντων
1277 2417 1354 2454 τῶν
1376 2410 1467 2465 παρ’
1492 2409 1611 2452 αὐτοῦ
1635 2412 1675 2452 ἐν
1699 2414 1751 2466 τῷ
1776 2408 1863 2451 ὀνό-

342 2501 431 2535 ματι
452 2487 520 2524 τοῦ
539 2481 646 2532 Ἰαῶ,
678 2482 722 2530 ὃς
743 2480 980 2534 ε’λυτρῶσατο
1004 2479 1073 2533 τήν
1095 2479 1225 2534 ψυχὴν
1246 2479 1366 2521 αὐτοῦ
1389 2482 1444 2528 εἰς
1463 2476 1730 2532 α’πολύτρωσιν
1753 2478 1792 2519 ἐν
1811 2481 1864 2534 τῷ

346 2555 497 2607 Χριστῷ
525 2555 577 2607 τῷ
606 2555 726 2600 ζῶντι.
786 2547 870 2590 Εἶτ’
897 2549 1136 2603 ἐπιλέγουσιν
1167 2551 1207 2589 οἱ
1230 2547 1438 2602 παρόντες,
1482 2544 1632 2599 Εἰρήνη
1657 2548 1775 2586 πᾶσιν
1802 2543 1863 2597 ἐφ’

343 2617 411 2666 οὓς
435 2617 476 2659 τὸ
501 2617 623 2670 ὄνομα
645 2622 758 2659 τοῦτο
785 2622 801 2646 ⁹
816 2615 1112 2658 ἐπαναπαύεται.
1160 2615 1324 2657 ’Έπειτα
1347 2618 1543 2669 μυρίζουσι
1568 2612 1634 2654 τὸν
1655 2613 1862 2665 τετελεσμέ-

670 2690 687 2697 -1

345 2703 412 2727 νον
436 2691 488 2742 τῷ
519 2684 605 2743 ὀπῷ
634 2703 686 2742 τῳ
725 2683 860 2726 1οάπὸ
887 2683 1098 2737 βαλσάμου.
1166 2683 1216 2725 Τὸ
1251 2682 1322 2739 γάρ
1355 2687 1479 2737 μῦρον
1508 2685 1621 2722 τοῦτο
1648 2679 1772 2722 τύπον
1796 2686 1865 2734 τῆς

387 2789 417 2821 6.
441 2785 532 2822 ταῦτ’
556 2791 622 2821 cod.
647 2791 742 2820 Venet.
1168 2786 1198 2819 3.
1225 2784 1329 2820 κου-καὶ
1352 2787 1417 2818 cod.
1432 2785 1560 2824 Rhediq.
1580 2787 1605 2815 et
1626 2785 1728 2815 Paris.
1748 2802 1791 2807 —
1818 2785 1864 2823 Cf.

388 2833 417 2866 7.
441 2834 498 2866 καὶ
523 2833 558 2873 ἐξ
581 2831 760 2875 ἀριστερῶν
783 2834 849 2865 cod.
872 2835 968 2864 Venel.
1126 2834 1162 2864 de
1182 2834 1240 2864 hac
1256 2834 1465 2863 Gnosticorum
1479 2831 1612 2869 formula
1630 2831 1803 2869 interpretes
1821 2831 1864 2860 ad

391 2879 467 2910 CAP.
483 2880 579 2910 XXI.
594 2897 637 2902 —
658 2879 685 2910 1.
703 2875 830 2922 χασιμή
853 2879 940 2910 codd.
953 2879 1080 2917 Rhediy.
1126 2880 1285 2910 Irenaeum
1303 2877 1338 2916 Ι,
1361 2875 1424 2914 21,
1448 2874 1477 2907 3.

345 2928 371 2955 et
393 2926 494 2956 Paris.
1173 2920 1203 2954 4.
1230 2920 1352 2963 μοσσία
1375 2922 1441 2952 cod.
1460 2921 1561 2951 Paris.

387 2971 418 3000 2.
444 2967 639 3012 βααιανοορςὶ
658 2970 746 3001 codd.
763 2969 890 3008 Rhediy.
910 2970 936 2999 et
956 2968 1058 2999 Paris.
1173 2968 1202 2999 5.
1226 2961 1460 3008 νεμεμῴαιμάν
1478 2965 1545 2996 cod.
1561 2964 1662 2996 Paris.
