2034 3267
449 174 624 207 PANARu
648 176 748 208 ADV.
773 175 993 208 HAERESES
1017 177 1097 209 ΜΒ.
1122 178 1145 209 1.
1170 178 1274 210 ToM.
1298 179 1335 210 u.
1571 173 1646 212 143

134 257 207 293 lum
229 261 264 291 et
275 255 456 305 feminam
468 255 571 306 feeit
588 268 661 292 eos·
726 253 825 294 Tum
849 255 1071 308 quibusdam
1095 255 1329 297 interiectis:
1370 259 1567 308 Propterea
1590 273 1649 297 re-

135 323 277 372 linquet
293 323 396 359 homo
412 328 556 371 patrem
578 329 615 359 et
631 329 780 360 matrem
803 336 920 368 suam,
947 331 983 361 et
999 325 1215 362 adhaerebit
1228 327 1342 363 uxori
1357 339 1458 372 suae,
1486 333 1524 364 et
1541 334 1650 364 erunt

135 391 205 426 duo
225 391 261 427 in
283 403 428 426 earnem
451 403 571 426 mmm.
621 387 769 440 Quibus
791 389 971 428 continuo
994 390 1176 430 subiecit:
1212 393 1309 440 Quos
1330 395 1418 430 deus
1439 395 1644 438 coniurant,

133 457 236 494 homo
262 470 333 494 non
357 463 513 506 separet.
578 453 726 507 Quibus
750 454 878 494 verbis
904 457 1059 495 omnino
1087 458 1258 497 salvator
1285 459 1413 498 docuit
1434 466 1646 499 creatorem

134 522 327 563 hominum
354 522 620 562 universorum
645 534 731 561 esse
757 521 890 569 deum,
933 523 1168 576 eundemque
1201 531 1345 578 patrem
1377 539 1502 566 suum.
1563 525 1647 567 Nu-

133 589 230 643 ptias
255 604 367 644 porro
394 603 468 629 nou
495 588 540 628 ab
566 586 732 635 Satana,
777 588 841 626 sed
871 602 892 627 a
918 588 989 627 deo
1015 589 1207 629 derivatas
1233 604 1319 630 esse
1344 593 1502 645 primum
1530 594 1648 633 domi-

134 670 206 696 nus
233 657 313 710 ipse
340 663 520 696 testatur:
561 657 657 704 Quos
680 656 787 700 deust,
829 653 974 706 inquit,
1015 658 1227 703 coniunxit,
1265 659 1369 696 lzomo
1393 674 1464 698 non
1485 669 1643 711 separet.

136 723 237 763 Tum
265 731 420 763 sanctus
443 721 656 776 apostolus:
689 722 945 767 Honorabz'leS,
981 721 1055 770 ait,
1089 726 1255 773 nuptiae,
1290 733 1328 762 et
1350 733 1452 763 torus
1476 731 1647 767 2'111maeu—
1667 740 1846 777 Hebrus&

135 793 246 830 latus.
309 789 458 830 Deinde
486 787 608 828 viduis
636 787 766 825 eodem
792 788 903 826 modo
926 788 1124 841 praecipit,
1155 803 1222 842 per
1245 789 1490 831 Timotheum
1516 795 1565 833 ita
1593 795 1648 835 Ιο-

136 872 280 911 quens:
322 856 628 897 Adolescentulas
650 856 777 892 viduas
800 856 940 892 devita:
983 869 1063 893 cum
1089 859 1183 894 enim
1211 859 1423 896 luxuriatae
1435 861 1588 911 suerint
1609 866 1646 901 in
1668 875 1776 902 1.'1‘im.
1793 878 1819 911 5,

137 928 304 971 Christo,
347 923 482 961 nubere
509 922 645 958 volunt.
707 919 805 959 Tum
828 921 1048 974 quibusdam
1076 922 1309 964 interiectis:
1342 927 1515 973 Nubant,
1537 931 1646 979 filios
1692 909 1731 935 11.
1752 911 1791 938 1⁴.

130 998 346 1043 procreent,
379 996 512 1027 matres
532 988 702 1038 familias
724 990 818 1034 sint,
855 995 930 1028 eto.
991 987 1034 1028 ln
1060 1003 1133 1042 quo
1162 989 1284 1043 legem
1312 991 1499 1033 eiusmodi
1524 996 1647 1035 sancit

136 1072 246 1111 quam
271 1054 528 1111 praetergredi
555 1055 695 1094 nemini
716 1055 849 1104 liceat,
883 1069 979 1108 quae
1002 1063 1040 1095 et
1069 1070 1091 1095 a
1118 1057 1189 1096 deo
1211 1059 1382 1110 profecta
1413 1059 1484 1109 sit,
1518 1069 1556 1100 et
1581 1061 1646 1101 ho-

135 1124 295 1164 minibus
326 1121 538 1161 honestatis
569 1136 703 1162 caussa
736 1122 957 1162 constituta.

244 1188 355 1243 Quod
378 1203 470 1228 vero
499 1190 543 1228 ad
566 1189 765 1243 opiniones
795 1190 876 1230 illas
901 1190 1058 1241 attinet,
1091 1204 1183 1243 quas
1209 1191 1253 1231 de
1279 1192 1418 1233 divinis
1443 1195 1645 1248 propheta·
1673 1209 1820 1252 Cap.V1.

134 1272 217 1299 rum
240 1257 406 1297 oraculis
428 1257 664 1297 calumniose
695 1264 932 1297 commentus
954 1264 1037 1306 est,
1071 1271 1155 1297 cum
1180 1259 1225 1298 ad
1250 1259 1359 1300 deum
1384 1261 1578 1315 pertinere
1601 1263 1645 1303 il-

132 1325 189 1365 los
220 1324 398 1377 negavit,
443 1324 589 1363 infinita
623 1325 804 1377 quaedam
839 1325 876 1364 in
911 1325 1073 1364 medium
1108 1325 1249 1365 afferre
1281 1327 1391 1377 licet,
1434 1329 1645 1371 cuiusmodi

132 1397 220 1431 sunt
242 1404 337 1445 quae
368 1391 501 1430 unicus
532 1391 612 1444 ipse
640 1391 700 1430 dei
728 1391 824 1431 filius
849 1392 1039 1445 loquitur,
1074 1406 1157 1431 cum
1184 1393 1325 1433 decora
1347 1408 1415 1434 sua
1441 1410 1643 1437 ornamen-

131 1465 244 1512 taque
275 1472 493 1513 proponens
527 1458 583 1498 his
615 1458 742 1498 verbis
770 1458 909 1498 utitur:
970 1457 1162 1509 Primum,
1194 1462 1362 1500 Abraam
1385 1471 1497 1513 pater
1524 1473 1642 1504 vester
1655 1481 1789 1519 ωαψς,
1801 1486 1841 1513 56,

130 1528 355 1564 desideravit
375 1529 497 1564 videre
522 1529 613 1564 dt'em
639 1541 773 1572 meum,
808 1534 844 1564 et
867 1529 969 1573 vidit,
996 1534 1033 1564 et
1047 1530 1200 1577 gavisus
1220 1537 1295 1567 est.-
1329 1543 1373 1568 ac
1395 1544 1567 1581 rursum,
1601 1536 1648 1571 Se·

129 1595 329 1631 crederetis
350 1596 494 1643 Affoyse',
528 1595 727 1632 crederetis
742 1595 912 1646 forsitan
934 1602 970 1632 et
989 1596 1100 1642 mihi,-
1133 1597 1176 1633 de
1199 1610 1254 1633 me
1273 1600 1366 1635 enim
1386 1600 1450 1636 ille
1474 1602 1636 1650 scripsit.
1656 1611 1841 1648 loann.5‚«tti.

129 1658 275 1713 Ecquis
298 1673 391 1700 vero
411 1661 574 1713 prudens
598 1668 635 1700 et
657 1668 812 1714 accepta
834 1660 1015 1700 divinitus
1036 1661 1221 1715 sapientia
1247 1664 1440 1716 praeditus
1461 1664 1643 1720 imposto-

131 1740 212 1766 rem
237 1725 473 1767 Saturnilum
509 1742 584 1767 non
617 1727 725 1767 facile
760 1726 985 1777 convineat,
1020 1742 1103 1768 cum
1129 1729 1361 1770 salvatorem
1387 1731 1517 1772 videat
1542 1734 1643 1773 veri—

131 1795 221 1834 tatis
247 1795 550 1849 comprobandae
580 1794 702 1848 gratia
737 1795 982 1849 semetipsum
1015 1809 1100 1835 oum
1133 1795 1279 1849 ingenti
1313 1797 1433 1850 gloria
1463 1806 1642 1853 retegen-

131 1867 206 1901 tem
228 1875 305 1901 non
331 1875 413 1901 eam
439 1862 552 1902 aliter
574 1875 682 1915 quam
709 1860 745 1900 in
770 1862 892 1901 medio
912 1860 1020 1902 Eliae
1042 1877 1085 1903 ac
1098 1862 1223 1903 Mosis
1248 1863 1434 1904 exhibere
1452 1866 1638 1917 voluisse,

130 1928 193 1982 qui
220 1935 258 1968 et
283 1929 354 1983 ipsi
377 1943 447 1969 sua
469 1929 626 1982 quisque
650 1928 825 1968 instructi
849 1929 971 1982 gloria
993 1944 1077 1970 oum
1094 1929 1159 1970 illo
1182 1932 1378 1985 conspecti
1401 1935 1516 1973 sunt?
1544 1932 1641 1975 Pos-

130 2002 220 2036 sunt
241 2002 281 2035 et
307 1996 381 2036 alia
405 1995 441 2036 id
466 2010 587 2049 genus
614 1995 767 2045 afferri,
811 2010 1070 2054 quaecumque
1099 1998 1183 2052 ipso
1217 1999 1360 2038 domini
1391 2014 1458 2040 ore
1485 2007 1640 2056 totoque

128 2069 360 2103 testamento
391 2077 491 2103 novo
518 2063 766 2118 pronunciata
793 2063 827 2103 id
851 2072 982 2119 aperte
1004 2065 1231 2106 confirmant
1260 2066 1384 2120 legem
1412 2081 1456 2107 ac
1480 2069 1642 2123 prophe-

129 2137 187 2170 tas
210 2136 396 2184 vetusque
418 2131 712 2170 instrumentum
737 2144 848 2170 omne
868 2145 951 2171 cum
978 2146 1078 2172 novo
1102 2134 1335 2184 convenire,
1368 2142 1570 2189 utrumque
1593 2137 1639 2176 ab

128 2211 204 2237 uno
232 2197 441 2252 eodemque
465 2198 535 2237 deo
557 2210 748 2237 manasse.
810 2196 1138 2250 Quemadmodum
1163 2214 1246 2239 cum
1271 2200 1384 2251 dicit,
1430 2205 1581 2242 Venient
1601 2207 1638 2243 in
1684 2220 1792 2248 Matth.

127 2268 245 2303 sz‘nwn
270 2266 471 2314 Abrahae,
504 2268 611 2304 Isaac
638 2272 674 2302 et
701 2266 808 2303 Jacob
833 2269 869 2304 z'n
897 2281 1012 2318 regno
1037 2270 1243 2314 coelorum,
1278 2276 1315 2306 et
1336 2272 1567 2320 requiescent
1592 2272 1638 2309 ab
1705 2256 1732 2289 δ’
1747 2257 1786 2283 Π·

128 2334 334 2380 occidente,
370 2340 444 2372 eto.
506 2332 600 2372 Item
625 2332 736 2382 illud,
770 2333 866 2386 quod
897 2333 935 2373 in
961 2348 1123 2387 persona
1154 2333 1312 2374 Davidis
1336 2336 1382 2374 de
1415 2350 1456 2376 se
1489 2338 1638 2390 praedi-

129 2405 228 2438 ctum
254 2399 400 2439 fuerat:
434 2403 543 2439 Dixit
564 2402 729 2438 domiuus
749 2402 890 2439 domino
912 2415 1008 2449 meo,
1043 2405 1136 2441 Sede
1158 2416 1180 2440 a
1200 2405 1342 2441 deoetrz‘s
1365 2407 1465 2442 meis.
1531 2404 1633 2445 Tum
1675 2413 1786 2475 lfitglni.

128 2467 227 2518 quod
247 2464 469 2507 pharisaeis
494 2467 609 2506 dixit:
652 2469 893 2519 Nunquamne
925 2471 1090 2520 legistis,
1125 2472 1298 2521 Lapidem
1329 2485 1431 2521 quem
1459 2473 1633 2523 reproba·
1677 2470 1787 2522 Maith'.

125 2540 218 2571 runt
234 2535 501 2585 aedg‘fieantes?
558 2533 703 2573 Eodem
731 2535 840 2574 etiam
867 2536 1032 2589 pertinet
1054 2537 1152 2589 quod
1178 2535 1307 2576 Lucas
1341 2538 1482 2577 asserit
1508 2539 1634 2580 salva·
1685 2528 1728 2563 ²¹⁷
1747 2529 1786 2556 ⁴²·

126 2605 248 2639 torem
274 2614 294 2640 a
319 2602 480 2640 mortuis
503 2602 709 2641 excitatum
722 2600 949 2643 Nathanaeli
974 2617 1017 2642 ao
1034 2601 1228 2658 Cleophae
1253 2604 1290 2643 in
1306 2604 1368 2644 via
1392 2607 1630 2659 apparuisse,

126 2672 238 2719 atque
262 2681 311 2707 ex
334 2668 601 2722 prophetarum
625 2668 851 2709 testimoniis
875 2671 1143 2720 admonuisse,
1177 2674 1345 2723 quoniam
1369 2675 1423 2711 sz'e
1446 2676 1636 2724 oportebat
1650 2691 1770 2728 Luem,
1787 2694 1829 2721 46.

129 2735 310 2773 Christum
331 2738 434 2785 pati,
468 2744 504 2774 et
525 2750 547 2774 a
573 2738 725 2774 mortuis
755 2739 862 2775 tertia
890 2740 948 2776 die
972 2753 1182 2789 resurgere.
1243 2736 1447 2780 Postremo
1473 2741 1565 2782 nihil
1592 2743 1630 2783 in

170 2855 202 2887 2.
226 2854 280 2890 τὸν
298 2868 358 2889 non
379 2859 488 2890 habent
507 2860 572 2889 cod.
586 2859 714 2898 Rheaiy.
736 2862 762 2889 et
784 2861 854 2891 edit.
944 2859 975 2893 4.
1002 2856 1026 2902 ἦ
1047 2871 1106 2893 non
1125 2863 1212 2892 habet
1232 2864 1297 2894 cod.
1323 2864 1419 2896 Vatic.

125 2902 220 2938 princ.
249 2903 394 2933 Petavius
414 2905 547 2942 reposuit
569 2913 605 2934 ex
629 2904 694 2934 cod.
718 2904 810 2950 Ῐάιὶο.
944 2906 975 2938 5.
998 2907 1063 2938 τῶν
1086 2907 1227 2948 ψαλμῶν
1249 2906 1306 2941 καὶ
1326 2903 1392 2942 ἀπὸ
1415 2909 1480 2944 τῶν
1504 2921 1631 2953 προφη-

170 2942 202 2976 3.
229 2947 323 2986 Vulyo
344 2949 413 2979 libri
434 2957 535 2980 omnes
555 2948 606 2982 ἴδε
623 2957 680 2988 pro
703 2949 781 2981 εἰδε.
900 2951 964 2984 τῶν
987 2952 1052 2983 cod.
1072 2952 1168 2983 Vatic.
