2034 3267
184 719 271 761 Κεφ.
299 715 335 756 ς’.

217 1601 281 1629 pag.
301 1593 341 1620 81.

356 228 433 267 166
907 226 1066 259 smc'm
1090 227 1315 259 EP1PHAN11

357 325 478 362 μονας
504 307 570 348 καὶ
594 302 687 346 ἑπτά
709 301 921 356 πνεύματα.
983 301 1153 358 Φωρατὴ
1179 303 1220 344 δὲ
1240 300 1389 344 τούτων
1410 302 1437 356 ἡ
1457 309 1527 358 τῆς
1550 305 1695 359 πλάνης
1718 311 1872 359 μιμολο-

355 378 429 430 γία.
486 371 569 413 Ἀπ’
594 369 712 424 ἀρχῆς
734 368 806 425 γάρ
830 371 897 412 ἕνα
919 371 1067 424 πατέρα
1087 370 1257 425 λέγοντες
1279 371 1346 410 καὶ
1368 368 1581 424 ὁριζόμενοι
1602 374 1763 428 ὕστερον
1784 378 1876 414 πολ-

355 439 447 488 λοὺς
467 436 588 487 θεούς
608 435 831 490 ὖπέφηναν,
863 439 917 486 εἷς
938 436 982 479 τό
1009 439 1129 487 δεῖξαι
1150 435 1273 490 αὐτὴν
1293 436 1362 490 τὴν
1383 436 1532 490 πλάνην
1553 439 1642 481 καθ’
1667 442 1805 493 ἑαυτῆς
1826 438 1874 480 τοὶ

355 504 420 548 ’ὕπ’
449 504 568 558 αὐτῆς
594 507 724 558 ψευδῆ
752 503 933 559 λεγόμενα
963 502 1146 555 ὁπλίζειν,
1187 503 1327 558 ἑαυτὴν
1357 504 1398 546 δὲ
1426 503 1548 556 λύειν,
1586 511 1655 560 τῆς
1684 506 1870 561 ἀληθείας

358 571 419 614 ἀεὶ
449 574 492 614 ἐκ
520 571 665 621 παντὸς
695 573 838 627 μέρους
867 570 1153 627 εὖρισκομένης.

476 709 522 748 Τί
544 708 675 748 τοίνυν
701 709 796 748 εἴπω
822 706 922 762 πρὸς
944 706 1004 757 σὲ,
1036 701 1068 747 οἷ
1094 704 1282 755 Νικόλαε;
1321 707 1357 747 τί
1378 704 1698 759 διαλεχθήσομαις
1738 707 1876 759 πόθεν,

357 769 390 816 ὦ
411 769 547 825 οὗτος,
583 773 691 827 ἥκεις
711 775 844 829 φέρων
867 772 962 827 ἡμῖν
985 772 1141 826 αἰσχρὸν
1161 775 1316 823 Αἰῶνα,
1355 774 1420 814 καὶ
1443 775 1548 827 ῥίζαν
1572 778 1779 827 πονηρίας,
1809 777 1877 817 καὶ

357 840 527 896 Μήτραν
545 840 792 896 γεννητικὴν,
830 842 897 882 καὶ
920 840 1040 889 θεούς
1060 839 1245 890 πολλοὺς,
1283 840 1350 881 καὶ
1376 842 1581 893 δαίμονας,·
1620 838 1664 881 Ὁ
1683 839 1756 896 γάρ
1779 840 1878 883 άπό-

357 914 489 957 στολος
510 907 658 961 φήσας,
698 911 825 963 Εἴπερ
849 909 921 949 εἰσὶ
943 907 1139 963 λεγόμενοι
1158 908 1270 958 θεοὶ,
1309 905 1381 948 οὐκ
1402 905 1500 948 εἶναι
1521 906 1686 956 τούτους
1706 906 1877 960 ὑποφαί-

358 993 427 1018 νει.
482 974 549 1017 Ἐν
576 980 630 1033 τῷ
658 974 732 1030 γάρ
761 977 882 1017 εἰπεῖν
902 974 1121 1030 Λεγόμενοι
1144 977 1284 1023 ἔδειξεν
1308 972 1450 1022 αὐτούς
1475 976 1515 1016 ἐν
1536 980 1587 1031 τῷ
1608 976 1786 1030 λέγεσθαι
1810 974 1879 1028 μό-

356 1060 426 1085 νον
455 1041 571 1094 εἷναι,
615 1042 668 1096 μὴ
698 1042 811 1091 ὄντας
839 1047 887 1100 τῇ
915 1040 1142 1093 ὑποστάσει,
1180 1040 1272 1083 άλλά
1302 1040 1365 1083 διὰ
1393 1046 1462 1094 τῆς
1483 1059 1600 1083 τινων
1628 1041 1875 1095 ὑπολήψεως.

355 1109 468 1163 Ἡμῖν
491 1111 546 1161 δέ,
577 1112 710 1163 φησὶν,
741 1108 796 1158 εἷς
817 1108 925 1158 θεὸς,
956 1108 1135 1162 δηλονότι
1152 1115 1235 1157 τοῖς
1253 1107 1323 1162 τὴν
1341 1113 1483 1163 γνῶσιν
1501 1114 1570 1161 τῆς
1589 1108 1774 1162 άληθείας
1795 1111 1877 1151 ἐπι-

358 1179 567 1230 σταμένοις.
628 1179 704 1218 Καὶ
733 1176 806 1219 οὐκ
839 1175 921 1218 εἶπε
948 1175 1154 1231 λεγόμενον
1185 1175 1302 1226 θεόν,
1344 1175 1436 1216 ἄλλα
1465 1174 1558 1217 ὄντα
1586 1176 1695 1218 θεόν.
1755 1179 1809 1217 Εἰ
1838 1177 1880 1218 δὲ

357 1243 451 1298 ἡμῖν
468 1243 523 1293 εἷς
541 1244 648 1295 θεὸς,
681 1243 808 1285 οὐκέτι
830 1245 963 1285 πολλοὶ
982 1246 1081 1284 θεοί.
1142 1244 1219 1283 Καὶ
1241 1241 1262 1283 ὁ
1285 1241 1420 1295 κύριος
1439 1244 1479 1283 ἐν
1504 1247 1557 1299 τῷ
1580 1241 1780 1300 εὐαγγελίῳ
1805 1261 1879 1297 φη-

359 1313 438 1363 σὶν,
465 1311 552 1352 Ἵνα
581 1310 797 1366 γινώσκωσί
826 1324 866 1350 σε
892 1308 959 1350 τὸν
983 1308 1102 1361 μόνον
1128 1307 1317 1361 άληθινὸν
1339 1307 1456 1358 θεὸν,
1495 1310 1561 1349 ἵνα
1585 1308 1784 1368 ἀνατρέψῃ
1810 1310 1880 1364 τὴν

358 1378 535 1420 διάνοιαν
564 1383 639 1419 τῶν
669 1377 716 1418 τά
748 1375 916 1429 μυθώδη
948 1375 1135 1431 λεγόντων
1168 1377 1235 1417 καὶ
1263 1374 1497 1428 νομιζόντων
1527 1374 1623 1418 εἶναι
1652 1382 1878 1419 πολυθεΐαν.

357 1444 434 1494 Εἷς
452 1444 525 1500 γάρ
549 1443 659 1498 ἡμῶν
682 1446 783 1486 ἐστιν
806 1442 828 1485 ὅ
850 1442 965 1495 θεὸς,
1003 1442 1129 1497 πατὴρ
1153 1444 1221 1484 καὶ
1243 1442 1329 1491 υἷός
1349 1444 1414 1484 καὶ
1436 1443 1545 1497 ἅγιον
1571 1448 1741 1497 πνεῦμα,
1779 1451 1879 1500 τρεῖς

357 1511 608 1563 ὑποστάσεις,
639 1514 707 1564 μία
730 1509 934 1565 κυριότης,
965 1513 1034 1563 μία
1054 1509 1218 1563 θεότης,
1250 1513 1317 1563 μία
1338 1513 1558 1565 δοξολογία,
1589 1513 1653 1552 καὶ
1682 1511 1729 1553 οὗ
1748 1514 1880 1554 πολλοὶ

361 1582 458 1622 θεοί.
521 1584 612 1621 Ποῦ
638 1579 679 1620 δὲ
702 1583 917 1633 πληροῦται
937 1576 1035 1619 κατά
1058 1578 1118 1628 σὲ,
1157 1573 1187 1619 ὦ
1214 1576 1403 1628 Νικόλαε,
1442 1577 1484 1619 τό
1513 1576 1591 1620 ύπό
1616 1584 1685 1620 τοῦ
1708 1584 1881 1634 σωτῆρος

358 1648 557 1701 εἰρημένον
581 1646 660 1697 ὅτι,
691 1647 807 1687 Εἰσὶν
831 1644 1007 1699 εὐνοῦχοι
1031 1647 1169 1694 οἵτινες
1194 1643 1499 1698 εὐνουχίσθησαν
1522 1644 1600 1688 ind
1625 1650 1700 1688 τῶν
1724 1645 1879 1701 οἷνθρώ·

359 1732 465 1765 πων,
495 1716 561 1755 καί
583 1716 676 1755 εἰσιν
698 1711 876 1766 εὐνοῦχοι
898 1716 938 1754 οἳ
960 1715 1002 1754 ἐκ
1031 1717 1205 1768 1γενετῆς
1229 1712 1509 1767 ἐγεννήθησαν,
1539 1716 1604 1754 καί
1629 1716 1725 1755 εἰσιν
1746 1712 1880 1755 εὐνοῦ-

359 1799 418 1835 χοι
437 1783 574 1830 οἵτινες
593 1778 818 1833 εὐνούχισαν
840 1779 1001 1828 ἑαυτούς
1023 1779 1087 1821 διά
1108 1778 1178 1833 τήν
1196 1782 1389 1833 βασιλείαν
1408 1785 1484 1821 τῶν
1505 1779 1700 1833 οὕρανῶν;
1732 1783 1788 1822 Εἰ
1804 1784 1879 1823 τοί-

358 1867 430 1890 νυν
452 1847 629 1901 εὖνοῦχοί
650 1850 722 1888 εἰσι
742 1846 806 1888 διὰ
830 1845 898 1899 τήν
924 1850 1117 1900 βασιλείαν
1141 1851 1218 1888 τῶν
1239 1845 1427 1901 οὐρανῶν,
1453 1852 1538 1896 πῶς
1562 1847 1610 1889 σύ
1633 1847 1793 1889 σεαυτόν
1812 1865 1877 1889 πε-

360 1915 570 1969 πλάνηκας,
600 1917 666 1957 καὶ
685 1914 776 1963 τούς
795 1929 856 1956 σοι
875 1916 1136 1967 πειθομένους
1158 1913 1224 1956 διά
1245 1917 1418 1969 λαγνείας
1437 1916 1502 1956 καὶ
1521 1917 1788 1968 αἰσχροποιΐας
1809 1915 1879 1968 τήν

360 1982 548 2037 ἆλήθειαν
568 1988 638 2024 τοῦ
658 1986 757 2024 θεοῦ
776 1984 816 2023 ἐν
834 1980 964 2039 ἀδικίᾳ
983 1982 1151 2035 κατέχων
1174 1983 1239 2023 καὶ
1261 1981 1475 2031 διδάσκωνς
1509 1986 1599 2023 Ποῦ
1623 1983 1664 2025 δὲ
1686 1982 1793 2037 παρά
1815 1984 1880 2024 σοὶ

360 2050 607 2105 πεπλήρωται
635 2048 700 2100 τό,
745 2050 844 2104 Περὶ
870 2054 947 2090 τῶν
976 2051 1185 2104 παρθένων
1218 2050 1293 2091 2δὲ
1321 2048 1505 2104 ἐπιταγὴν
1529 2053 1669 2104 κυρίου
1695 2049 1767 2091 οὐκ
1792 2052 1879 2103 ἔχω,

359 2118 515 2173 γνώμην
545 2118 586 2158 δὲ
615 2120 754 2170 δίδωμι
785 2114 838 2165 ὥς
860 2115 1088 2170 ἠλεημένος,
1130 2116 1172 2158 τὸ
1194 2115 1313 2158 καλὸν
1336 2116 1459 2165 οὕτως
1483 2114 1590 2158 εἶναι.
1650 2118 1729 2158 Καὶ
1751 2116 1880 2168 πάλιν,

359 2184 622 2239 Ὴπαρθένος
644 2189 808 2241 μεριμνᾷ
829 2182 876 2224 τοὶ
900 2189 970 2225 τοῦ
993 2186 1132 2238 κυρίου
1156 2187 1241 2232 πῶς
1261 2182 1386 2238 άρέσει
1406 2188 1458 2241 τῷ
1479 2187 1621 2241 κυρίῳ,
1651 2186 1717 2224 ἵνα
1741 2179 1768 2241 ᾗ
1792 2182 1882 2239 ἁγία

360 2254 400 2294 ἐν
421 2251 567 2305 σώματι
585 2253 652 2293 καὶ
675 2253 716 2293 ἐν
736 2251 933 2304 πνεύματι.
978 2252 1055 2292 Καὶ
1073 2250 1175 2292 πόσα
1196 2253 1273 2292 ἔστι
1295 2252 1382 2305 περὶ
1403 2249 1555 2306 άγνείας
1573 2252 1639 2293 καὶ
1661 2252 1881 2305 ἐγκρατείας

358 2321 424 2361 καὶ
447 2322 662 2373 παρθενίας
681 2320 819 2373 λέγειν;
853 2317 972 2373 Παρὰ
994 2323 1064 2359 σοῦ
1089 2317 1159 2373 γάρ
1185 2317 1206 2360 ὁ
1229 2324 1306 2367 πᾶς
1329 2317 1520 2373 βόρβορος
1543 2323 1611 2371 τῆς
1635 2316 1882 2373 ἀκαθαρσίας

359 2385 620 2439 ἀναισχύντως
644 2384 815 2441 ὁρίζεται.
870 2383 980 2426 Ἀλλά
1010 2384 1074 2426 διά
1100 2390 1176 2427 τῶν
1206 2386 1276 2428 δύο
1304 2385 1330 2439 ἢ
1356 2389 1470 2441 τριῶν
1490 2384 1637 2427 τούτων
1659 2387 1787 2439 ῥητῶν
1811 2391 1882 2439 τῆς

359 2453 639 2509 καταγελάστου
669 2455 852 2509 αἱρέσεως
880 2451 978 2508 πρός
1008 2451 1228 2508 ἀνατροπὴν
1253 2460 1335 2503 τοῖς
1360 2452 1649 2509 ἐντυγχάνουσιν
1679 2450 1701 2494 ὁ
1732 2452 1881 2502 σκοπός

362 2521 533 2563 ἐνταῦθά
564 2539 630 2575 μοι
659 2523 924 2576 παρακείσθω.

475 2789 635 2844 Προιών
659 2791 701 2832 δὲ
723 2793 894 2844 καθεξῆς
915 2789 984 2843 τήν
1009 2789 1132 2848 τούτῳ
1155 2791 1450 2847 συνεζευγμένην
1475 2791 1621 2844 αἵρεσιν
1644 2787 1770 2843 ὥςπερ
1796 2805 1882 2844 χορ-

362 2856 632 2910 τομανήσασαν
661 2857 776 2911 ὕλην,
815 2857 841 2912 ἢ
870 2857 986 2906 δάσος
1013 2856 1197 2900 άκανθῶν
1220 2858 1464 2912 πανταχόθεν
1492 2856 1816 2909 ισυνηνωμένων,
1857 2874 1881 2909 η

418 2960 493 2991 Cn.
510 2961 567 2993 vl.
582 2979 624 2985 —
647 2963 674 2992 1.
698 2963 791 3002 Vulgo
810 2963 950 2994 mendose
970 2963 1100 2994 inlibris
1188 2962 1220 2993 2.
1245 2961 1282 2996 δὲ
1307 2972 1364 2993 om.
1385 2963 1450 2993 cod.
1474 2962 1568 2992 Vatic.

365 3008 538 3047 γεννητοῖς.
1191 3007 1266 3037 CAP.
1283 3008 1353 3038 VII.
1376 3025 1415 3029 —
1443 3007 1468 3037 Ι.
1491 3003 1722 3046 συνηκομένων
1743 3007 1884 3044 rescripsi
