2034 3267
185 415 269 457 Κεφ.
287 412 347 448 κε’.

193 1987 259 2013 pag.
282 1980 338 2007 150.

370 198 451 237 282
916 197 1074 230 sANch
1098 198 1319 230 EPIPHANH

368 283 476 335 τρίαν
497 277 690 333 ἡγήσαντο
715 279 784 316 τοῦ
809 272 934 315 αὐτῶν
958 272 1223 328 κηρύγματος,
1265 275 1332 314 καὶ
1354 279 1426 315 τοῦ
1452 274 1742 318 2άτιτοστολικοῦ
1764 293 1878 331 χαρα-

369 351 529 401 κτῆρος,
560 345 676 384 παντί
704 359 756 398 τω
787 339 905 394 δῆλόν
938 342 1059 382 3έστι.

486 411 586 464 Περὶ
608 410 650 451 δὲ
668 414 738 450 τοῦ
757 406 868 462 άγίου
890 407 1050 449 Παύλου
1073 405 1126 456 ῶς
1147 410 1467 460 βλασφημοῦντες
1488 408 1605 451 αὐτόν
1623 413 1788 466 λέγουσι,
1812 410 1882 452 πό-

370 494 418 521 σα
436 480 507 532 ἔχω
525 479 664 532 λέγειν,-
693 480 856 530 Πρῶτον
875 475 943 527 μὲν
960 474 1032 529 γάρ
1052 476 1226 529 λέγουσιν
1246 473 1538 528 αύτὸν“Ἐλληνά
1554 493 1592 517 τε
1611 480 1677 519 καὶ
1696 481 1733 527 ἐξ
1751 480 1882 520 ε’θνῶν

367 545 574 600 ὑπάρχειν,
614 542 853 598 προςήλυτον
883 543 924 583 δὲ
957 543 1150 596 γεγονέναι
1180 542 1351 596 ὕστερον.
1413 547 1509 591 Πῶς
1540 540 1612 585 οὖν
1638 543 1754 594 αύτός
1784 546 1882 600 λέγει

368 614 457 668 περὶ
489 614 648 662 ἑαυτοῦ,
687 609 867 664 Ἑβραῖος
896 611 934 659 ἐξ
959 608 1170 664 Ἑβραίων,
1211 611 1253 651 έκ
1279 610 1498 663 σπέρματος
1520 609 1715 664 Ἁβραάμ,
1758 618 1883 664 φυλῆς

372 681 576 734 Βενιαμὶν,
606 678 703 720 κατα
722 677 839 731 νόμον
864 681 1086 730 Φαρισαῖος,
1118 678 1394 731 περισσοτέρως
1413 677 1583 731 ζηλωτὴς
1604 677 1786 732 ὑπάρχων
1806 685 1883 721 τῶν

368 753 567 802 πατρικῶν
591 764 665 799 μου
690 744 958 798 παραδόσεων;
990 745 1067 785 Καὶ
1092 746 1132 786 έν
1155 743 1254 801 α’λλῳ
1278 744 1385 802 τόπῳ
1408 747 1523 800 λέγει,
1551 744 1778 799 Ἰσραηλῖταί
1798 748 1883 797 εἰσι,

368 813 494 870 κᾶγῶ·
537 816 688 867 σπέρμα
709 811 880 867 Ἀβραάμ
906 814 995 862 εἰσι,
1035 809 1153 866 κάγιό.
1214 815 1293 852 Καί
1315 827 1431 864 φησι,
1475 812 1673 867 Περιτομή
1699 811 1883 866 ὀκταήμε-

370 899 448 936 ρος,
481 884 545 923 καὶ
568 880 906 935 ἀνατεθραμμένος
926 878 1032 933 παρα
1053 879 1143 927 τούς
1163 878 1289 928 πόδας
1311 878 1528 933 Γαμαλιήλ,
1559 881 1626 922 καὶ
1644 878 1824 935 Ἑβραῖος
1845 883 1882 930 ἐξ

366 948 566 1004 Ἑβραίων.
626 950 704 989 Καὶ
734 955 748 978 ¹
764 943 794 989 ῶ
820 953 894 988 τῶν
921 950 1054 988 δεινῶν
1079 947 1247 1001 ἑρπετῶν
1271 945 1317 987 τά
1343 946 1450 988 δεινά
1472 946 1706 1001 κωκύματα,
1744 950 1810 990 καὶ
1832 947 1879 989 τά

369 1020 646 1072 δρακοντοειδῆ
671 1020 899 1071 συρίγματα,
939 1015 1005 1055 καὶ
1034 1019 1104 1066 τῆς
1135 1017 1375 1064 κενοφωνίας
1404 1014 1451 1055 τά
1482 1014 1703 1069 δηλητήρια.
1771 1019 1883 1065 Τίνος

369 1086 410 1126 δὲ
431 1084 608 1138 λήψομαι
625 1083 694 1137 τήν
716 1085 946 1137 μαρτυρίαν,
976 1080 1170 1134 Ἐβίωνος
1191 1083 1253 1122 καὶ
1276 1087 1351 1122 τῶν
1371 1080 1451 1123 κατ’
1472 1082 1603 1133 αὐτόν,
1634 1083 1660 1135 ἦ
1680 1088 1750 1124 τοῦ
1771 1081 1883 1137 άγίου

370 1153 524 1206 Πέτρου
549 1157 617 1193 τοῦ
636 1153 821 1205 λέγοντος,
849 1148 915 1197 Ὡς
937 1151 1104 1203 ἔγραψεν
1127 1146 1218 1200 ὑμῖν
1237 1147 1259 1190 ό
1279 1147 1448 1200 ἀδελφός
1467 1168 1542 1203 μου
1566 1155 1739 1199 Παῦλος,
1770 1150 1881 1192 ἅτινά

367 1221 445 1260 ἔστι
477 1221 606 1272 βαθέα
637 1220 703 1259 καὶ
736 1216 1036 1272 δυςερμήνευτα,
1078 1214 1103 1255 ὃ
1126 1217 1165 1256 οἱ
1185 1214 1352 1267 άμαθεῐς
1375 1217 1441 1256 καὶ
1465 1215 1686 1271 ἀστήρικτοι
1713 1219 1880 1272 διαστρέ-

367 1301 486 1338 φουσι
509 1291 555 1343 τῇ
578 1288 722 1327 ἑαυτῶν
747 1284 932 1340 άγνωσίᾳ,
963 1281 1089 1323 Πάλιν
1109 1282 1149 1322 δὲ
1172 1284 1238 1322 καὶ
1261 1281 1283 1323 ὁ
1305 1281 1413 1336 ἅγιος
1435 1288 1591 1333 Παῦλος
1611 1292 1798 1340 μαρτυρεῖ
1813 1287 1881 1326 καὶ

367 1352 483 1401 αὐτὸς
505 1360 586 1401 τοῖς
607 1354 694 1407 περὶ
717 1354 868 1406 Πέτρον
888 1352 1024 1405 λέγων,
1057 1350 1136 1389 Καὶ
1154 1347 1356 1402 Ἰάκωβος,
1388 1351 1454 1390 καὶ
1475 1349 1682 1405 Ἰωάννης,
1710 1354 1776 1394 καὶ
1801 1357 1882 1406 Κη-

367 1425 465 1471 φᾶς,
497 1423 537 1461 οῖ
556 1422 764 1467 δοκοῦντες
787 1418 914 1460 στύλοι
935 1415 1050 1466 εἶναι,
1082 1415 1210 1465 δεξιάς
1230 1418 1380 1458 ἔδωκαν
1402 1419 1485 1470 ἐμοὶ
1503 1420 1570 1458 καὶ
1591 1419 1779 1476 Βαρνάβᾳ
1802 1438 1881 1461 κοι-

367 1491 519 1536 νωνίας.
582 1486 668 1527 Κάιν
697 1503 735 1527 τε
765 1486 836 1541 γάρ
865 1486 1010 1538 Ταρσέα
1034 1482 1174 1525 ἑαυτὸν
1199 1486 1320 1534 εἴποι,
1363 1483 1435 1526 οὐκ
1460 1483 1536 1526 α’πὸ
1564 1485 1704 1527 τούτου
1729 1487 1883 1535 πάντως

368 1556 522 1596 δέδοται
548 1554 744 1609 πρόφασις
768 1560 848 1601 τοῖς
875 1556 1151 1605 2λεξωθηροῦσι
1177 1550 1222 1591 τά
1246 1553 1299 1600 εἰς
1322 1553 1470 1593 ἑαυτῶν
1491 1553 1786 1607 καταστροφὴν,
1816 1556 1881 1596 καὶ

363 1627 441 1663 τῶν
476 1622 724 1675 πειθομένων
756 1621 879 1668 οὕτως
907 1623 1010 1673 ἔχειν.
1072 1620 1152 1659 Καὶ
1181 1617 1251 1673 γάρ
1283 1620 1349 1660 καὶ
1376 1619 1584 1673 Βαρνάβαν
1610 1622 1708 1675 λέγει
1732 1620 1882 1674 Ἰωσήφ

363 1706 457 1731 ποτε
476 1688 734 1742 καλούμενον,
776 1687 983 1743 Βαρνάβαν
1005 1687 1047 1728 δὲ
1069 1688 1377 1739 μετακληθέντα,
1418 1686 1504 1728 υῖόν
1525 1688 1803 1742 παρακλήσεως
1823 1690 1881 1744 ἕρ-

367 1756 649 1810 μηνευόμενον,
690 1759 876 1808 Λευίτην,
916 1753 1097 1808 Κύπριον
1126 1759 1177 1810 τῷ
1208 1755 1317 1808 γένει.
1377 1756 1456 1795 Καὶ
1486 1753 1533 1796 ού
1561 1755 1718 1804 πάντως
1748 1755 1883 1809 ἐπειδή

365 1824 545 1879 Κύπριος
570 1819 638 1876 ἧν,
678 1822 749 1865 οὐκ
772 1819 820 1876 ἦν
844 1821 919 1864 οἷπὸ
944 1827 1012 1863 τοῦ
1034 1825 1151 1862 Λευί·
1197 1819 1250 1870 οἷς
1274 1823 1341 1863 καὶ
1364 1820 1386 1863 ὁ
1412 1821 1519 1877 ἅγιος
1545 1826 1721 1873 Παῦλος,
1762 1826 1796 1864 εἰ
1817 1824 1882 1864 καὶ

363 1889 441 1933 α’πό
475 1895 628 1945 Ταρσοῦ
653 1889 827 1944 (ὁρμᾶτο,
868 1888 939 1931 οὐκ
964 1885 1013 1942 ἦν
1038 1888 1234 1943 άλλότριος
1257 1894 1326 1930 τοῦ
1351 1888 1517 1944 Ἰσραήλ.
1577 1892 1882 1945 Διασπαρέντων

362 1957 436 2013 γάρ
463 1963 612 1999 πολλῶν
632 1960 672 1999 έν
695 1964 775 2006 τοῖς
799 1956 949 2011 χρόνοις
970 1956 1165 2010 Ἀντιόχου
1190 1961 1258 1998 τοῦ
1280 1955 1550 2009 Ἐπιφανοῦς,
1581 1959 1645 1998 καὶ
1668 1960 1708 1999 ἐν
1729 1957 1882 2012 χρόνοις

362 2024 508 2076 ἄλλοις,
539 2028 666 2067 εἴποτε
687 2026 886 2078 συνέβαινε
906 2024 1082 2077 πόλεμος,
1114 2026 1497 2077 αἰχμαλωτισθέντων
1518 2026 1581 2065 καὶ
1609 2026 1808 2066 δοθέντων
1829 2028 1883 2073 εἰς

363 2096 611 2147 πολιορκίαν,
651 2095 690 2134 os
712 2093 779 2145 μὲν
800 2091 1029 2145 αἰχμάλωτοι
1051 2090 1238 2146 α’ρθέντες
1261 2093 1464 2144 ἐπέμειναν
1487 2094 1527 2133 ἒν
1549 2106 1622 2133 τισι
1646 2091 1801 2143 τόποις,
1842 2095 1883 2134 οἵ

365 2161 407 2201 δὲ
429 2158 506 2202 άπὸ
528 2159 710 2213 τοιαύτης
730 2161 852 2208 αἰτίας
870 2157 1181 2213 ἀναχωρήσαντες
1201 2158 1404 2216 κατῴκουν
1423 2161 1583 2207 ἕκαστος
1607 2164 1623 2187 3
1637 2161 1738 2200 ἔνθα
1758 2163 1881 2201 κατεί-

363 2233 497 2280 ληφεν.
553 2226 622 2277 Ὡς
642 2229 709 2269 καὶ
733 2227 844 2282 ἅγιος
862 2225 1046 2280 Ἱερεμίας
1067 2228 1166 2281 ἔλεγε
1187 2229 1275 2281 περὶ
1295 2231 1364 2268 τοῦ
1385 2225 1550 2280 Ἰσραήλ,
1581 2225 1764 2280 καθάπερ
1788 2233 1879 2268 πολ-

363 2296 473 2343 λάκις
494 2300 606 2337 τοῦτο
628 2293 721 2336 αὐτὸ
743 2295 975 2348 συμβέβηκε,
1005 2292 1047 2334 τό
1069 2292 1367 2347 ἀποδιδράσκειν
1388 2293 1464 2335 άπό
1485 2293 1695 2347 προςῶπου
1713 2298 1790 2334 τῶν
1810 2312 1881 2335 πο-

362 2366 519 2415 λεμίων,
560 2362 620 2404 ὅτι
654 2364 732 2404 Καὶ
761 2364 815 2411 εἰς
840 2367 984 2409 Κιτιεῖς
1016 2360 1083 2402 ἐάν
1111 2360 1307 2419 ἀπέλθῃς,
1352 2360 1439 2403 οὔτε
1469 2362 1547 2402 ἐκεῖ
1575 2375 1637 2402 σοι
1662 2360 1882 2409 ἀνάπαυσις

364 2432 477 2471 ἔσται.
538 2432 665 2471 Παντὶ
693 2432 734 2471 δέ
758 2448 809 2487 τῳ
835 2429 951 2482 δῆλόν
976 2430 1077 2470 ἐστιν
1102 2429 1159 2470 ὅτι
1189 2433 1324 2470 Κίτιον
1348 2428 1374 2482 ἡ
1400 2432 1588 2483 Κυπρίων
1614 2433 1732 2481 νῆσος
1755 2434 1880 2469 καλεῖ-

364 2515 441 2539 ται·
487 2501 612 2538 Κίτιοι
635 2496 706 2552 γάρ
735 2496 906 2551 Κύπριοι
931 2497 997 2537 καὶ
1018 2494 1171 2537 Ῥόδιοι.
1228 2495 1338 2537 Ἀλλά
1361 2498 1426 2537 καὶ
1451 2498 1492 2538 έν
1517 2501 1562 2552 τῇ
1585 2498 1815 2552 Μακεδονία
1837 2495 1880 2537 τό

365 2568 476 2619 γένος
503 2565 700 2622 κατῴκησε
731 2567 918 2618 Κυπρίων
948 2580 985 2604 τε
1013 2564 1078 2604 καὶ
1100 2561 1265 2605 Ῥοδίων.
1314 2563 1441 2605 ΓΌθεν
1471 2562 1518 2616 δὴ
1545 2564 1611 2604 καὶ
1634 2561 1880 2617 Ἀλέξανδρος

364 2630 518 2686 ῶρμᾶτο
551 2631 573 2674 ό
602 2632 812 2674 Μακεδών.
875 2632 953 2671 Καὶ
985 2631 1125 2671 τούτου
1156 2633 1268 2672 ἕνεκα
1299 2633 1501 2685 ἐμφέρεται
1531 2633 1569 2672 ἐν
1600 2636 1680 2678 τοῖς
1710 2634 1877 2670 Μακκα-

364 2702 490 2751 βαίοις
509 2699 566 2741 ὅτι
589 2703 727 2753 ἐξῆλθε
748 2701 898 2752 σπέρμα
920 2700 961 2740 έκ
983 2703 1054 2753 γῆς
1073 2701 1250 2739 Κιτιέων.
1313 2701 1392 2738 Καὶ
1414 2698 1484 2753 γάρ
1507 2700 1548 2739 ἐκ
1567 2699 1782 2750 σπέρματος
1802 2702 1880 2737 τῶν

360 2764 555 2819 Ἑλλήνων
575 2766 818 2822 Ἀλέξανδρος
842 2765 864 2808 ό
885 2764 1093 2806 Μακεδών.
1150 2765 1259 2807 Ἀλλά
1283 2766 1484 2821 γενόμενος
1505 2766 1618 2806 πάλιν
1635 2767 1674 2806 ἐν
1697 2770 1750 2821 τῷ
1773 2763 1879 2821 τόπῳ

403 2891 436 2923 2.
459 2888 673 2925 ἅποστολικοῦ
697 2903 757 2923 non
780 2895 867 2923 habet
888 2893 953 2923 cod.
978 2893 1072 2923 l‘atic.
1185 2894 1216 2923 ζ’.
1241 2891 1489 2932 λεξεσιῖῒηροῦσι
1522 2892 1587 2921 cod.
1611 2892 1735 2929 Rhediy.
1760 2894 1787 2921 et
1809 2893 1881 2921 edit„

405 2935 436 2968 ὃ.
462 2935 532 2969 ἐστι
554 2948 614 2968 non
635 2941 716 2968 extat
739 2940 768 2968 in
791 2939 856 2968 cod.
880 2939 975 2967 Valic.
1139 2939 1236 2975 princ.
1255 2955 1296 2960 —
1320 2939 1392 2968 llem
1410 2946 1465 2975 pro
1487 2934 1623 2975 Ταρσέα
1642 2938 1673 2965 in
1694 2936 1763 2965 erlis.
1781 2945 1881 2973 prmo.

408 2981 484 3013 CAP.
508 2982 616 3013 XXV.
641 3000 682 3006 —
711 2982 737 3013 l.
763 2977 789 3014 ὠ“
814 2983 879 3013 cod.
899 2983 992 3012 Valic.
1143 2984 1251 3021 legitur
1283 2979 1426 3021 Σαρσέα,
1465 2984 1490 3011 el
1523 2981 1603 3019 infra
1629 2977 1879 3020 διασπαρέντων
