2034 3267
513 226 691 259 PANARII
713 227 795 261 Lm.
811 228 835 260 1.
863 227 970 260 ToM.
987 228 1044 259 ΠΙ.
1067 227 1375 259 HAER.XXX1V.
1623 218 1703 257 439

185 319 256 345 nec
277 305 377 346 intra
401 318 472 345 nec
495 313 607 346 extra
629 306 866 357 consistunt,
901 307 1091 361 talemque
1114 320 1164 346 ex
1186 307 1249 346 illa
1270 304 1614 346 scientissimorum
1638 304 1703 344 ho-

184 373 327 413 minum
357 373 462 413 velut
492 381 664 414 semente
696 376 858 414 fructum
890 376 1076 414 referunt.

294 438 479 481 Ceterum
506 440 664 481 Marcus
698 442 770 482 iste
797 440 1070 482 Colorbasicae
1099 440 1212 494 Siges
1247 449 1394 481 uterum
1428 455 1471 481 ac
1498 447 1702 495 concepta·-

183 508 306 548 culum
340 523 454 548 uuum
489 523 530 548 se
563 523 606 549 ae
639 510 871 562 singularem
907 509 1024 548 fuisse
1055 509 1321 563 praedicabat,
1366 516 1406 548 ut
1439 509 1500 561 qui
1537 507 1703 561 unigena

181 575 303 616 eidem
338 577 473 626 fuerit,
517 591 561 616 ae
590 578 762 617 defectus
792 590 948 626 semen,
992 577 1090 629 quod
1122 576 1158 615 iu
1190 590 1232 615 se
1260 583 1482 630 receperat,
1524 576 1594 615 hoc
1622 577 1702 616 l'ere

180 645 292 683 modo
319 645 480 698 peperit.
543 643 693 699 Quippe
716 657 898 683 summam
922 644 1023 683 illam
1050 643 1260 683 Tetradem
1292 658 1343 683 ex
1371 643 1416 683 iis
1443 643 1561 693 loeis,
1605 657 1701 696 quae

180 711 302 751 videri
333 711 598 766 nominarique
630 718 846 765 nequeunt,
892 711 937 750 ad
966 724 1053 750 sese
1089 711 1264 750 muliebri
1293 710 1421 764 speeie
1455 711 1701 751 descendisse

179 779 399 832 (quoniam,
442 780 587 833 inquit,
633 779 730 832 quod
760 779 795 817 in
825 792 867 818 ea
894 777 1093 817 masculini
1123 791 1242 817 sexus
1269 785 1352 817 erat
1376 778 1569 818 sustinere
1593 793 1701 819 mun-

178 848 247 886 dus
271 862 345 886 non
370 848 559 902 poterat),
593 846 728 886 deinde
754 860 796 885 se
818 859 1003 899 quaenam
1030 852 1134 884 esset
1156 845 1376 899 aperuisse,
1412 846 1700 886 universorum-

177 929 248 968 que
274 915 586 968 generationem,
626 927 736 966 quam
763 913 905 952 nemini
931 914 1087 953 deorum
1112 927 1278 966 uuquam
1303 913 1571 966 hominumque
1596 921 1701 967 pate-

177 984 343 1032 fecerat,
377 982 446 1022 soli
472 981 543 1035 ipsi
570 981 663 1021 iisce
686 981 815 1021 verbis
841 981 1094 1034 exposuisse:
1129 978 1226 1021 Cum
1253 980 1411 1035 primum
1441 978 1557 1020 Pater
1579 981 1611 1020 is
1638 981 1700 1034 qui

175 1064 300 1104 neque
331 1048 564 1102 cogitatione
594 1048 676 1103 capi
709 1056 835 1102 potest
865 1056 904 1088 et
931 1057 1092 1089 naturae
1124 1049 1248 1089 omnis
1280 1056 1338 1088 est
1365 1062 1531 1103 experS,
1577 1062 1699 1102 neque

176 1132 290 1172 porro
316 1131 396 1156 mas
419 1123 477 1156 est
503 1123 567 1156 aut
591 1117 753 1167 femina,
788 1116 976 1171 parturire
999 1118 1148 1171 coepit⁷
1182 1117 1279 1170 quod
1303 1116 1342 1156 in
1367 1131 1408 1156 se
1432 1123 1514 1156 erat
1536 1116 1700 1170 inexpli-

175 1185 294 1225 cabile
315 1183 440 1238 gigni,
475 1185 573 1238 quod
596 1185 896 1239 iuaspectabile,
930 1185 1086 1224 formari
1108 1187 1289 1240 cupiens,
1324 1199 1366 1225 os
1389 1183 1560 1239 aperuit,
1594 1183 1698 1223 simi-

173 1254 323 1306 lemque
345 1252 402 1292 sui
427 1250 655 1293 Sermonem
681 1252 812 1292 edidit.
876 1251 951 1306 Qui
975 1254 1125 1307 quidem
1152 1254 1308 1293 adstans
1333 1253 1366 1292 ei
1392 1252 1568 1306 quidnam
1593 1259 1698 1291 esset

172 1320 361 1370 ostendit,
395 1335 478 1359 cum
499 1320 784 1374 inaspectabilis
806 1320 907 1360 illius
929 1322 1033 1361 velut
1054 1321 1197 1374 effigies
1219 1328 1435 1375 appareret.
1496 1319 1697 1360 Eiusmodi

171 1402 286 1443 porro
318 1388 482 1428 nominis
513 1388 573 1427 illa
606 1388 867 1442 pronuntiatio
898 1389 1041 1429 extitit.
1104 1388 1273 1429 Primum
1306 1388 1572 1443 appellationis
1603 1401 1696 1428 suae

762 1456 832 1496 hoc
857 1464 982 1496 autem
1009 1453 1142 1509 Ἀρχὴ,
1185 1457 1267 1497 sive
1294 1456 1551 1510 Principium,
1596 1463 1694 1506 erat,

170 1524 277 1564 cuius
310 1523 454 1579 syllaba
487 1531 650 1577 quatuor
681 1523 880 1564 elementis
911 1525 1127 1565 constabat.
1188 1523 1289 1564 Mox
1319 1525 1478 1564 alteram
1509 1523 1694 1579 syllabam

168 1591 329 1642 adiecit,
364 1606 461 1645 quae
484 1599 521 1631 et
542 1592 622 1646 ipsa
645 1592 836 1632 elementa
857 1593 1077 1633 continebat
1096 1600 1273 1646 quatuor.
1339 1591 1430 1632 lude
1453 1591 1604 1631 tertiam
1629 1593 1694 1632 dc-

167 1673 249 1699 cem
280 1673 330 1699 ex
361 1660 562 1700 elementis
590 1660 856 1714 compositam.
917 1659 1016 1700 Mox
1047 1667 1218 1714 quartam
1246 1661 1523 1700 elementorum
1550 1659 1692 1700 duode-

321 1725 375 1767 lta
402 1728 567 1767 nominis
597 1727 713 1767 totius
737 1728 940 1782 appellatio
967 1743 1017 1768 ex
1041 1728 1199 1768 tricenis
1226 1736 1283 1769 est
1308 1728 1532 1778 elementis,
1574 1728 1692 1782 sylla-

889 1795 945 1836 lta
965 1804 1108 1846 tamen,
1133 1803 1228 1836 utet
1249 1797 1478 1836 elementum
1498 1796 1694 1850 quodlibet

170 1455 397 1496 vocabulum
429 1456 603 1495 elocutus
634 1463 716 1496 est:

168 1727 256 1767 cim.

168 1796 225 1836 bis
244 1810 338 1836 vero
361 1802 627 1849 coagmentata
648 1803 826 1848 quatuor.

168 1863 342 1918 proprias
364 1863 496 1903 literas
522 1864 774 1918 propriosque
796 1864 1041 1905 characteres
1064 1872 1101 1904 et
1124 1864 1472 1918 pronuntiationem
1499 1863 1690 1919 propriam

168 1931 326 1981 habeat,
370 1931 529 1984 liguram
554 1930 716 1984 denique
743 1933 980 1985 effigiemque
1008 1933 1221 1987 propriam,
1267 1946 1390 1986 neque
1416 1931 1614 1985 quicquam
1643 1932 1693 1971 sit

167 1999 264 2052 quod
288 1998 389 2038 illius
412 2000 592 2047 formam,
638 1998 745 2038 cuius
773 2001 1001 2040 elementum
1029 2007 1110 2050 est,
1145 2000 1329 2054 aspiciat,
1371 2000 1447 2039 imo
1472 2014 1519 2039 ue
1547 2014 1691 2053 cogno-

165 2073 249 2106 scat
276 2066 441 2120 quidem.
503 2066 643 2120 Neque
670 2081 784 2120 porro
810 2068 925 2107 vicini
952 2068 1022 2107 sibi
1049 2069 1240 2122 quodlicet
1266 2068 1444 2108 elementi
1468 2068 1690 2121 pronuntia·

165 2133 307 2174 tionem
336 2135 464 2184 novit,
509 2135 575 2174 sed
603 2134 657 2174 sic
685 2134 746 2174 ille
772 2135 1011 2189 pronuntiat,
1057 2145 1096 2176 ut
1121 2144 1238 2176 totum
1264 2137 1467 2190 profereus
1490 2134 1688 2175 nominare

165 2202 387 2242 universum
411 2202 622 2242 existimet.
684 2199 843 2256 Singula
866 2204 1017 2258 quippe,
1051 2219 1134 2244 cum
1158 2204 1328 2244 universi
1350 2204 1426 2243 siut
1448 2210 1590 2258 partes,
1626 2216 1689 2256 pe—

165 2270 345 2310 culiarem
375 2269 447 2310 sibi
471 2284 606 2310 sonum
634 2271 739 2310 velut
764 2277 882 2310 totum
909 2272 1071 2323 efferre,
1118 2286 1188 2312 nec
1211 2273 1316 2327 prins
1345 2271 1390 2311 ab
1417 2271 1563 2311 edendo
1589 2285 1686 2311 sono

162 2398 281 2434 suetus,
320 2397 380 2426 Vet.
405 2395 578 2434 lnterpretis
606 2397 773 2426 versionem
800 2406 902 2438 neque

161 2438 266 2481 ipsum
284 2450 381 2481 supet
399 2439 593 2470 elementum
616 2447 674 2472 est
698 2444 816 2472 secutus
822 2451 902 2494 ⁷spe-

161 2486 272 2516 ciosius
285 2495 379 2524 qnam
394 2487 496 2516 verius
513 2487 641 2516 correxit
657 2481 674 2518 ἓ
690 2482 751 2517 υπὲ
755 2496 771 2526 ρ
788 2482 899 2519 αυτοῦ

162 2533 199 2561 At
217 2531 267 2560 ille
285 2531 389 2570 te9isse
407 2532 507 2569 potins
525 2531 644 2561 videtur
661 2525 685 2571 η’
705 2525 748 2563 όῖ·
740 2541 785 2572 ερ
806 2526 901 2572 outre,

160 2576 288 2614 indeque
320 2577 475 2615 scripsisse
509 2580 542 2605 et
574 2574 653 2605 nihil
686 2585 796 2606 eorum
832 2587 901 2607 esse

161 2619 249 2661 qnod
278 2619 363 2650 illius
393 2619 504 2650 videat
529 2619 687 2658 formam,
723 2631 784 2651 nec
815 2621 902 2664 quod

160 2664 265 2707 ipsum
289 2676 384 2706 super
409 2665 603 2696 elementum
627 2671 685 2695 est.

210 2710 257 2742 13.
282 2708 453 2752 γινώσκειν
474 2711 540 2741 cod.
560 2712 659 2741 l'enet.
694 2712 787 2750 Vulyo
807 2710 901 2753 γινώ-

164 2764 246 2787 σκει.

212 2797 258 2830 14.
282 2798 375 2832 πάλιν
405 2796 517 2841 ἀρκεῖν
546 2810 613 2831 mea
646 2804 687 2832 est
719 2803 899 2834 emendatio

160 2845 246 2874 Libri
278 2854 379 2876 ornnes
406 2847 515 2876 habent
543 2847 615 2878 πο>ι
618 2856 693 2884 eone.
699 2858 717 2877 ι.
763 2848 898 2878 Pseudo-

165 2890 307 2928 Origenes
326 2892 345 2921 l.
367 2891 385 2920 l.
410 2886 487 2923 ουδὲ
509 2888 575 2932 μή)
596 2889 657 2931 τὴ)
679 2891 733 2923 τοῦ
757 2891 896 2932 πλησίου

162 2929 260 2966 αυτοῦ
278 2933 414 2967 ἔκαστοι
434 2933 601 2977 &zemma
598 2948 621 2968 ν
637 2934 779 2977 γινώσκε
765 2948 820 2972 ι,ιν
839 2933 896 2970 ἅλ-

162 2975 201 3010 λά
221 2977 308 3031 μηδὲ
327 2978 486 3020 ἐκφωνεῖν
508 2991 554 3017 ως
572 2979 608 3013 τὸ
631 2981 692 3013 πᾶν
711 2979 894 3022 ἐκφωνοῦα-

160 3032 211 3061 τα,
230 3019 282 3056 ότι
297 3022 333 3058 τὸ
352 3021 512 3067 ηγεῐσὲἲαι
528 3022 668 3068 civetati&
672 3038 697 3059 ’.ν
714 3023 812 3059 αυτὸν
827 3030 894 3059 cett

996 2397 1044 2429 15.
1068 2392 1086 2430 ὃ
1111 2394 1190 2430 αὐτὸ
1216 2407 1279 2437 e9o.
1322 2398 1416 2435 rutqo
1437 2398 1520 2426 extat
1540 2392 1557 2428 ὁ
1574 2391 1687 2433 αὐτὸς.

996 2442 1044 2473 Iti.
1068 2441 1123 2476 τὸν
1155 2453 1218 2482 eye.
1264 2440 1300 2475 τὰ
1333 2443 1403 2472 libri
1429 2450 1539 2471 omnes.
1586 2443 1689 2473 Possis

947 2489 1039 2518 etiam
1062 2487 1099 2520 τὸ
1126 2488 1207 2523 πᾶν,
1239 2489 1329 2518 modo
1354 2485 1556 2528 ἐκφωνῶυτα
1577 2487 1686 2525 ptura-

946 2535 1012 2564 liter
1029 2543 1145 2571 sumus,
1166 2535 1207 2564 od
1228 2531 1363 2565 ἕκαστον
1379 2532 1579 2570 referendum.
1614 2532 1686 2563 Loci

945 2580 1219 2618 interpretationem
1249 2579 1441 2608 verissimam
1472 2577 1554 2606 dedit
1581 2579 1613 2607 V.
1641 2578 1684 2608 (ΣΙ.

946 2626 1023 2661 Auo.
1039 2625 1178 2655 Neander
1196 2626 1228 2654 in
1245 2625 1345 2654 Genet.
1361 2623 1502 2660 Entuntrs
1514 2623 1568 2653 der
1583 2623 1683 2653 Gnost.

947 2670 1080 2707 systeme
1100 2679 1130 2708 p.
1150 2668 1218 2701 171.
1268 2669 1328 2699 l'et.
1351 2669 1499 2705 Interpres
1519 2676 1556 2697 ex
1580 2676 1684 2697 corru-

944 2717 1013 2752 pto,
1036 2718 1128 2753 puto,
1150 2715 1348 2752 exemplario,
1370 2715 1490 2751 praeter
1508 2721 1598 2742 verae
1616 2722 1683 2744 sen-

945 2761 1053 2789 tentiae
1068 2761 1302 2798 intellegentiam
1316 2767 1444 2796 omnem,
1462 2759 1605 2788 convertit
1619 2759 1683 2790 sic:

947 2803 1010 2834 Sed
1037 2815 1096 2835 nec
1119 2814 1316 2845 cognoscere
1341 2813 1431 2839 eum,
1463 2801 1521 2832 sed
1545 2813 1585 2832 ne
1608 2802 1682 2844 qui-

944 2847 1018 2879 dem
1042 2849 1179 2890 proximi
1212 2848 1278 2878 eins
1302 2846 1551 2889 unumquodque
1576 2858 1681 2878 enun-

943 2893 1114 2925 tiationem
1133 2893 1226 2930 seire,
1251 2892 1310 2924 sed
1328 2893 1414 2934 quod
1434 2892 1503 2933 ipse
1523 2892 1680 2930 enuntiat,

941 2937 984 2969 ita
1011 2950 1107 2970 omne
1132 2938 1220 2981 quod
1244 2938 1392 2970 enuntiat
1414 2937 1493 2969 ittud
1519 2938 1606 2981 quod
1631 2944 1680 2969 est

939 2990 1044 3015 totum
1069 2985 1225 3016 nominet.

1489 3042 1509 3055 ss

1729 450 1806 494 Cap.
1828 451 1879 482 tv.
