2034 3267
487 229 664 262 PANAan
690 230 771 262 [ΑΒ.
791 231 814 261 1.
839 230 944 262 ToM.
962 231 1020 262 in.
1042 230 1173 262 HAER.
1193 230 1356 262 xxxiv.
1603 220 1683 260 435

158 323 263 348 suum
285 316 503 360 expectans,
539 317 583 347 vt
602 317 641 347 et
661 316 700 347 ta
722 312 762 348 z'd
785 313 902 361 ipsum
924 313 977 348 sis
1001 312 1100 361 quod
1123 324 1190 360 ego
1212 324 1313 356 sum,
1348 317 1386 348 et
1408 323 1475 360 ego
1498 311 1566 347 sz'm
1591 311 1689 360 qnod

160 385 200 415 tu
228 391 279 415 es.
341 380 429 428 Age
455 379 548 415 lucis
572 380 710 415 semina
737 381 774 416 in
801 379 961 416 thalamo
987 385 1048 415 teto
1073 380 1226 416 colloca.
1290 380 1431 428 Accfine
1455 391 1477 415 α
1501 391 1555 415 me
1578 391 1687 428 spon-

157 459 258 491 sum,
292 458 443 496 eumque
463 459 551 496 cape
572 452 610 483 et
626 446 672 483 ab
693 460 733 483 co
756 459 899 496 capere.
962 447 1060 483 Eece
1080 448 1270 483 deseendit
1287 448 1324 483 z'lz
1348 453 1381 483 le
1399 448 1550 495 gratia:
1583 448 1693 497 aperi

159 526 199 550 os
223 519 344 559 tuum,
379 520 418 550 et
438 515 655 551 vaticinare.
719 512 779 552 Ad
807 511 899 551 llaec
924 512 1182 565 respondente
1209 512 1344 551 l'emina
1360 544 1369 561 ,
1401 515 1600 564 Nunquam
1624 527 1686 552 va-

160 582 312 619 ticinata
333 595 433 627 sum,
468 595 584 632 neque
607 582 808 618 vaticinari
823 582 921 626 scio,
956 579 1018 618 ille
1042 586 1170 619 certas
1194 579 1459 619 invocationes
1484 582 1686 635 proferens

158 661 309 687 rursum
335 654 376 686 ut
397 648 557 687 stolidae
580 648 633 687 illi
658 654 853 701 stuporem
877 646 1044 695 iniiciat,
1078 650 1220 697 Aperi,
1256 647 1399 700 inquit,
1434 663 1473 686 os
1496 656 1618 696 tunm,
1653 656 1689 687 et

158 718 335 767 quiequid
354 717 515 754 volueris
537 718 698 767 loquere,
734 722 772 753 et
788 715 1063 752 vatz'citmberzls.
1124 712 1191 753 llla
1214 713 1428 754 istiusmodi
1452 715 1580 755 inflata
1602 729 1689 756 ver-

158 782 216 822 bis
240 783 415 836 elataque
437 797 481 822 ac
506 782 716 836 prophetici
741 782 841 821 illius
864 781 1010 821 afflatus
1033 781 1306 835 expectatione
1329 781 1578 833 inflammata,
1613 784 1691 838 pat-
1705 816 1716 831 Α,

159 850 303 904 pitante
325 851 406 905 plus
430 850 543 890 solito
565 857 736 904 pectore,
763 863 884 902 nugas
906 849 1087 902 quasdem
1109 849 1259 888 effutire
1281 863 1324 888 ac
1345 849 1521 903 quicquid
1543 851 1580 889 in
1599 850 1691 890 buc-

160 931 241 958 cam
274 918 426 958 venerit
453 918 649 957 effundere
681 931 756 956 non
785 916 952 967 dubitat,
998 931 1073 956 non
1102 916 1227 957 minus
1258 930 1358 956 vane
1387 931 1498 970 quam
1527 924 1688 968 temere,

158 992 290 1040 utpote
320 985 423 1025 inani
447 984 582 1039 spiritu
609 984 812 1024 calefacta.
872 983 1000 1034 Nam,
1045 991 1084 1024 ut
1109 985 1260 1038 quidam
1292 984 1403 1024 nobis
1436 985 1554 1025 multo
1581 999 1691 1039 prae-

159 1041 323 1093 stantior
346 1053 391 1092 de
415 1051 629 1092 hominibus
654 1051 840 1092 eiusmodi
864 1052 985 1102 dixit,
1020 1052 1149 1092 audax
1174 1059 1212 1091 et
1235 1052 1436 1106 impudens
1460 1059 1520 1092 cst
1542 1052 1691 1093 animus

158 1120 263 1160 inani
297 1125 386 1160 ae’re
419 1120 642 1160 calefactus.
703 1118 770 1159 Ex
800 1119 864 1159 illo
897 1119 1078 1173 deinceps
1111 1126 1284 1174 tempore
1318 1127 1444 1160 vatem
1479 1135 1521 1161 se
1555 1121 1692 1160 mulier

160 1188 379 1238 existimat,
413 1194 453 1227 et
471 1185 631 1237 Marco,
667 1187 728 1240 qui
753 1188 798 1227 de
820 1201 886 1227 sua
910 1187 946 1226 in
971 1188 1091 1242 ipsam
1114 1188 1256 1227 virtute
1283 1188 1511 1238 transfudit,
1546 1189 1691 1242 gratias

159 1255 260 1310 agit,
302 1256 428 1309 itaque
452 1256 601 1295 referre
628 1255 778 1304 studet,
823 1262 861 1294 ut
888 1269 962 1294 non
990 1256 1164 1295 fortunas
1191 1256 1302 1295 modo
1331 1269 1422 1296 suas
1448 1255 1483 1296 ei
1507 1256 1693 1311 largiatur

159 1324 277 1377 (unde
300 1323 547 1378 pecuniarum
574 1322 768 1377 ingentem
792 1323 855 1362 ille
881 1325 958 1363 vim
983 1323 1180 1377 collegit),
1215 1337 1348 1363 verum
1377 1325 1490 1364 etiam
1517 1324 1692 1379 corporis

158 1391 217 1432 sui
239 1397 468 1446 potestatem
491 1390 619 1441 faciat,
654 1405 737 1430 cum
762 1404 883 1444 eoque
908 1391 1057 1445 penitus
1081 1390 1253 1445 copulari
1275 1391 1418 1446 cupiat,
1453 1399 1494 1432 ut
1514 1392 1551 1432 in
1577 1407 1691 1432 unum

158 1473 243 1499 cum
263 1458 346 1513 ipso
370 1459 590 1499 coalescere
613 1459 750 1512 possit.
804 1456 881 1498 Sed
909 1458 1046 1498 accidit
1070 1459 1276 1509 interdum,
1311 1460 1518 1500 nonnullae
1542 1467 1582 1500 ut
1601 1460 1692 1500 fide-

158 1526 275 1567 liores
300 1526 464 1566 feminae
486 1540 530 1566 ac
553 1526 691 1566 timore
714 1526 772 1565 dei
799 1527 1009 1579 praeditae,
1044 1540 1114 1566 nec
1139 1526 1185 1566 ab
1209 1527 1273 1566 illo
1297 1527 1503 1582 deceptae,
1539 1527 1692 1567 tametsi

158 1594 316 1648 perinde
346 1608 410 1634 eas
443 1600 482 1634 ut
513 1594 679 1647 reliquas
713 1594 750 1633 in
787 1594 957 1633 fraudem
989 1601 1155 1634 tentaret
1187 1595 1385 1649 impellere
1417 1610 1461 1635 ac
1488 1594 1692 1635 vaticinari

157 1662 362 1712 iussisset,
407 1662 507 1701 hunc
534 1662 657 1716 ipsum
681 1661 926 1701 nibilominus
951 1668 1181 1716 respuerent
1206 1676 1249 1701 ac
1275 1663 1585 1713 detestarentur,
1630 1676 1692 1703 se-

160 1744 232 1784 que
255 1730 386 1770 abillo
411 1736 563 1769 coetus
546 1743 683 1783 segreg
674 1736 815 1779 arent,
850 1729 978 1768 haud
970 1743 1127 1782 ignarae
1151 1730 1238 1783 quin
1262 1730 1513 1784 prophetandi
1535 1730 1594 1770 vis
1616 1745 1692 1771 non

161 1811 180 1837 a
201 1796 338 1837 Marco
364 1797 588 1837 derivaret
580 1812 615 1836 iu
644 1797 841 1847 homines,
883 1799 948 1836 sed
975 1797 1020 1836 iis
1048 1797 1198 1851 potius,
1243 1798 1379 1851 quibus
1404 1797 1586 1838 divinitus
1612 1813 1694 1839 mu-

162 1879 233 1905 nus
258 1865 347 1904 illud
372 1871 477 1904 esset
500 1864 692 1913 oblatum,
727 1864 910 1918 singulari
934 1865 1096 1918 quodam
1120 1865 1306 1905 beneficio
1330 1866 1597 1920 contingeret,
1630 1867 1692 1920 qui

162 1947 236 1972 non
260 1932 490 1986 sinmlatque
510 1930 670 1972 Marcus
692 1933 1034 1986 impe¹·asset„sed
1056 1933 1285 1986 ubicumque
1308 1947 1352 1972 ac
1376 1935 1692 1988 quandocumque

161 2001 255 2041 deus
280 2001 419 2050 vellet,
453 2001 718 2053 loquerentur.
780 1999 879 2040 Nam
907 2001 1004 2054 quod
1033 2001 1142 2040 alteri
1170 2001 1274 2041 iubet
1302 2002 1466 2055 aliquid,
1499 2002 1535 2042 id
1561 2017 1607 2042 eo
1633 2002 1694 2042 cui

161 2068 317 2109 iubetur
337 2068 459 2108 maius
485 2075 545 2108 est
567 2081 612 2107 ac
635 2068 915 2122 praestantius,
949 2069 1127 2121 quoniam
1150 2069 1238 2108 illud
1266 2069 1507 2123 primarium,
1542 2069 1613 2110 hoc
1636 2070 1694 2110 in-

162 2136 280 2176 ferius
303 2143 363 2176 est
384 2143 421 2175 et
444 2136 671 2175 subiectum.
735 2134 857 2189 igitur
879 2136 911 2176 si
932 2134 1092 2176 Marcus
1114 2137 1297 2190 imperat,
1332 2137 1478 2178 aliusve
1505 2138 1605 2191 quis,
1640 2138 1691 2178 uti

161 2218 245 2244 mos
278 2211 338 2244 est
369 2204 405 2243 in
432 2203 622 2243 conviviis
653 2203 789 2243 sortito
821 2218 865 2243 ac
897 2217 965 2258 per
990 2205 1117 2244 ludum
1147 2206 1275 2244 facere
1303 2219 1421 2258 seque
1448 2205 1613 2245 invicem
1646 2206 1691 2245 ad

163 2271 408 2312 divinandum
432 2285 475 2310 ac
500 2271 570 2310 sibi
592 2271 662 2325 ipsi
685 2270 985 2322 vaticinandum,
1021 2279 1061 2311 ut
1082 2286 1269 2325 quemque
1291 2272 1407 2312 libido
1430 2274 1526 2323 fert,
1559 2272 1693 2327 impel-

161 2339 266 2389 lere,
301 2338 375 2378 erit
396 2339 428 2378 is
454 2338 515 2392 qui
537 2338 642 2378 iubet
667 2338 778 2378 bomo
803 2339 1024 2394 prophetico
1051 2339 1187 2394 spiritu
1212 2340 1338 2393 potior
1358 2348 1396 2379 et
1417 2341 1688 2392 excellentior,

163 2407 260 2460 quod
284 2407 365 2446 fieri
391 2408 546 2446 omnino
572 2420 646 2446 non
669 2413 810 2460 potest.
874 2405 1133 2460 Quamobrem
1161 2407 1319 2461 spiritus
1340 2408 1418 2457 isti,
1453 2408 1513 2461 qui
1538 2408 1689 2448 illorum

161 2474 268 2514 iussu
293 2474 471 2514 concitati
501 2473 650 2527 quoties
679 2474 812 2514 iisdem
841 2474 933 2529 ipsis
960 2475 1112 2515 libuerit
1137 2475 1366 2528 loquuntur,
1412 2476 1516 2515 nihili
1543 2483 1632 2516 sunt
1655 2483 1694 2515 et

162 2542 396 2591 imbecilles,
441 2541 530 2581 licet
555 2541 748 2581 temerarii
770 2542 1086 2597 impudentesque
1114 2543 1191 2583 sint
1215 2549 1328 2596 atque
1353 2557 1373 2582 a
1397 2550 1529 2583 satana
1556 2544 1599 2583 ad
1624 2557 1692 2584 eos

163 2609 524 2650 circumveniendos
548 2609 839 2663 perdendosque
864 2611 985 2661 missi,
1020 2611 1081 2664 qui
1106 2625 1181 2651 non
1206 2618 1431 2650 constanter
1455 2611 1564 2650 fidem
1588 2610 1690 2651 illam

162 2676 394 2718 retinuerint
425 2690 533 2730 quam
565 2676 675 2716 initio
706 2686 974 2732 susceperunt.

209 2767 260 2799 13.
283 2769 330 2800 ua
349 2777 450 2799 omnes
467 2769 546 2798 libri
593 2767 653 2799 Sed
677 2768 906 2807 Vet.1nterpres
951 2770 1023 2800 ludo
1055 2772 1185 2801 ceterum
1216 2771 1273 2800 isto
1308 2770 1381 2800 citat
1411 2769 1583 2801 Gazakerus
1614 2770 1690 2801 Poll.

164 2813 249 2843 habet
264 2812 420 2855 quaedam
437 2824 476 2843 ex
490 2811 683 2843 fidelissimis
698 2811 904 2843 mulieribus·
897 2825 905 2851 ς
952 2816 1059 2846 Onom.
1078 2816 1132 2853 IX,
1152 2814 1181 2846 7.
1215 2816 1341 2853 Epictel.
1358 2815 1479 2845 Disserc.
1490 2815 1515 2853 Ι,
1534 2814 1586 2846 25.
1620 2817 1691 2846 Tac.

164 2857 243 2888 unde
264 2867 324 2890 non
345 2859 506 2897 defuerunt
526 2860 578 2897 qui
600 2867 714 2891 πιστοτ
717 2855 799 2898 έρωθ
819 2867 906 2897 repo·
949 2861 1061 2890 Annul.
1082 2861 1106 2898 Ι,
1137 2859 1183 2891 13.
1232 2860 1277 2898 Cf.
1297 2861 1389 2890 etiam
1408 2861 1549 2898 interprr.
1569 2860 1611 2890 ad
1630 2861 1692 2890 Ire-

163 2903 296 2934 nendum
319 2911 380 2934 esse
403 2906 576 2934 statuerent.
948 2913 1071 2935 naeum.
1120 2905 1217 2934 Verba
1240 2900 1287 2941 ὦς
1311 2902 1467 2936 εἰώῢασιν
1484 2922 1519 2926 -
1540 2923 1579 2927 -
1597 2902 1692 2946 ἐγκε-

212 2945 261 2978 14.
285 2948 341 2980 τοῦ
363 2946 497 2988 κλῆροι
522 2949 657 2987 intellege
679 2946 758 2979 nutv
747 2958 834 2989 μἰιω,
857 2950 904 2979 vel
949 2949 982 2980 >
970 2959 1023 2981 υε
1028 2952 1106 2981 σΐαι
1133 2958 1186 2987 per
1208 2950 1399 2987 parenthesin
1429 2958 1490 2979 esse
1518 2950 1600 2980 dicta
1627 2951 1692 2988 pri·

166 2993 262 3022 simile
286 2993 369 3031 quid.
416 2992 464 3035 τῷ
489 2990 603 3033 κλήρῳ
628 2994 746 3023 nolebat
772 2993 904 3023 Gatake-
948 3003 1033 3024 mum
1056 2994 1228 3024 Galaherus
1250 2995 1335 3024 vidit.
1371 2995 1449 3024 Hinc
1468 2995 1599 3025 Latinus
1618 3004 1690 3034 quo—

165 3044 218 3066 rus
248 3037 326 3068 Αάυ.
350 3028 476 3068 miscell,
498 3038 601 3068 Postlz.
622 3046 655 3076 p.
672 3040 737 3069 coes
753 3046 813 3076 seq.
860 3038 903 3068 De
948 3047 1004 3077 que
1026 3039 1143 3070 Irenaei
1166 3038 1316 3077 Interpres
1338 3039 1543 3078 corriyenctus.

1327 3094 1420 3136 28*
