2034 3267
516 201 693 233 PANARH
717 203 799 234 LlB.
818 204 841 235 Ι.
866 204 971 236 ΤΟΜ.
991 205 1029 236 Π.
1054 203 1182 236 HAER.
1203 205 1317 239 XXV.
1599 201 1675 239 167

152 278 310 332 angelos
339 286 378 319 et
401 278 630 329 daemones,
675 294 718 320 ac
744 287 890 335 septem
917 281 1072 336 spiritus
1102 289 1224 323 ortum
1251 283 1443 325 habuisse.
1506 281 1584 325 Sed
1610 284 1666 325 hi-

150 346 335 386 strionica
367 346 431 386 illa
462 346 640 400 figmenta
676 347 778 387 nullo
810 348 965 401 negotio
995 349 1240 403 deteguntur.
1300 350 1401 392 Nam
1431 365 1515 392 cum
1549 366 1665 393 unum

147 412 257 452 initio
281 421 425 467 patrem
453 412 658 463 definiant,
691 413 851 453 subinde
873 415 1001 467 plures
1027 415 1118 456 deos
1141 418 1368 469 ostendunt,
1400 425 1441 458 ut
1461 419 1665 473 ipsummet

147 493 319 520 errorem
343 494 412 520 sua
437 487 572 520 contra
592 494 634 520 se
654 480 932 533 quodammodo
955 494 1104 521 armare
1127 484 1323 524 mendacia
1348 493 1662 537 commonstrent,

146 560 191 586 ac
221 546 390 601 seipsum
422 555 623 598 evertere3
665 560 749 585 cum
777 546 929 586 interim
956 547 1059 587 omni
1083 563 1133 588 ex
1158 558 1265 603 parte
1291 552 1491 607 perspicua
1519 554 1664 594 veritas

146 620 343 668 appareat.

256 678 356 733 Quid
382 687 441 721 est
463 680 599 734 igitur,
630 677 818 728 Nicolae,
859 679 925 719 tibi
951 682 1051 734 quod
1077 685 1289 737 opponam?
1330 685 1505 738 quidnam
1530 688 1656 743 dispu-
1680 694 1832 738 Cap.V1.

142 747 259 787 tabo?
316 745 427 788 Unde
459 747 567 787 nobis
595 753 740 799 turpem
768 745 871 785 illum
902 748 1032 788 nescio
1061 763 1172 802 quem
1196 749 1374 791 Aeonem
1401 767 1444 792 ac
1471 755 1660 808 nequitiae

143 815 329 865 radicem,
361 822 396 854 et
422 814 619 853 fecundam
640 812 741 851 illam
763 811 967 854 Matricem
990 829 1034 854 ac
1057 816 1219 870 denique
1242 817 1369 871 plures
1392 820 1483 860 deos
1507 835 1550 861 ac
1569 823 1658 862 dae-

143 894 276 921 mones
300 880 476 922 invehis?
530 878 632 919 Nam
657 879 754 932 quod
780 880 826 919 ad
853 882 1067 935 apostolum
1090 883 1227 923 attinet
1254 899 1338 924 cum
1359 886 1405 925 iis
1429 887 1560 928 verbis
1585 889 1657 929 uti-

143 954 226 998 tur,
259 951 306 987 δι’
324 954 411 986 sunt
429 949 496 997 qni
513 948 748 997 appellantur
772 950 844 995 α’ίί,
879 962 946 988 eos
970 962 1153 1002 nusquam
1182 964 1269 990 esse
1291 952 1495 1004 significat.
1558 952 1654 995 Cum
1676 966 1698 994 1.
1708 967 1810 1002 eona,
1827 969 1852 997 5.

143 1014 265 1064 enim,
308 1017 380 1064 Qui
398 1015 653 1064 appellantur,
695 1013 808 1064 dicit,
841 1015 922 1055 sola
946 1015 1032 1055 illos
1060 1017 1313 1071 appellatione
1339 1027 1538 1070 constare,
1573 1035 1654 1062 cum

140 1082 266 1136 reipsa
297 1080 448 1120 minime
474 1079 707 1130 subsistant,
752 1095 823 1121 nec
854 1081 965 1122 aliter
990 1097 1100 1136 quam
1128 1085 1361 1137 quorundam
1389 1087 1565 1140 opinione
1591 1089 1656 1128 do-

141 1149 230 1189 cuit.
289 1148 404 1186 Nobis
429 1161 513 1185 vero
539 1150 647 1195 deas,
682 1147 826 1201 inquit,
860 1163 954 1187 unas
982 1159 1055 1197 est,
1092 1150 1223 1201 nobis,
1257 1153 1433 1206 inquam,
1467 1154 1529 1207 qui
1554 1156 1656 1194 veri-

139 1216 227 1255 tatis
250 1227 379 1254 sumus
404 1213 625 1266 cognitione
651 1215 828 1269 praediti.
893 1215 982 1256 Nec
1007 1217 1068 1270 qui
1093 1218 1368 1271 appellaretur,
1414 1221 1481 1260 sed
1507 1220 1570 1274 qui
1595 1235 1656 1261 re-

137 1296 229 1322 vera
259 1287 363 1320 esset
393 1281 510 1331 deus,
553 1282 743 1322 adiunxit.
806 1280 918 1335 Quod
950 1283 982 1323 si
1010 1298 1109 1324 unus
1141 1285 1251 1325 nobis
1282 1293 1341 1326 est
1372 1286 1485 1339 deus,
1527 1288 1654 1342 plures

136 1348 289 1388 omnino
319 1361 406 1387 esse
440 1362 514 1387 non
547 1356 721 1402 possunt.
782 1349 947 1390 Accedit
976 1357 1014 1390 et
1040 1348 1185 1391 Christi
1217 1352 1255 1392 in
1280 1353 1482 1407 evangelio
1514 1355 1651 1396 dictum

133 1415 246 1455 illud:
285 1418 333 1454 Ut
349 1423 574 1466 cognoscant
592 1423 625 1454 te
646 1419 762 1455 solam
783 1431 905 1456 veram
926 1420 1044 1456 deam.
1097 1416 1185 1471 Quo
1206 1418 1421 1460 istiusmodi
1445 1421 1651 1474 hominum,
1673 1435 1849 1473 loann.17‚3.

133 1481 196 1535 qui
223 1482 330 1522 fictas
358 1482 502 1522 fabulas
531 1496 575 1522 ac
600 1483 842 1537 multiplicem
866 1484 1102 1524 divinitatem
1131 1487 1336 1526 commenti
1361 1496 1472 1538 sunt,
1516 1503 1654 1530 sensus

134 1563 178 1590 ac
201 1549 454 1603 cogitationes
479 1556 688 1590 everteret.
751 1548 859 1591 Unus
883 1551 983 1591 enim
1007 1551 1117 1592 nobis
1141 1559 1200 1593 est
1223 1553 1341 1605 deus,
1374 1562 1503 1609 pater,
1536 1557 1650 1606 filius,

134 1623 173 1656 et
204 1616 360 1670 spiritus
391 1623 571 1667 sanctus,
613 1630 801 1670 personae
833 1624 936 1668 tres,
976 1632 1053 1659 una
1077 1620 1307 1671 dominatio,
1352 1622 1530 1664 divinitas
1562 1638 1650 1674 una,

133 1697 209 1723 una
232 1684 354 1723 laudis
378 1683 554 1723 omnibus
581 1684 803 1738 gloriaeque
829 1685 1084 1738 praedicatio:
1127 1687 1286 1741 proinde
1309 1702 1548 1744 nequaquam
1572 1691 1653 1745 plu-

131 1764 196 1790 res
227 1750 277 1790 dii
307 1758 409 1790 sunt.
471 1749 550 1790 Iam
582 1750 693 1801 illud,
737 1752 834 1804 quod
866 1760 1084 1806 usurpatum
1112 1767 1132 1792 a
1159 1754 1312 1794 domino
1340 1763 1419 1807 est,
1463 1759 1652 1811 quomodo

132 1825 193 1868 te,
225 1816 406 1868 Nicolae,
441 1819 589 1858 tandem
615 1825 773 1858 auctore
794 1819 1019 1873 perficitur?
1074 1824 1169 1860 Esse
1189 1825 1362 1873 quosdam
1384 1827 1568 1864 eunuchos
1589 1829 1778 1877 qaz'Matth.

131 1886 177 1924 ab
206 1887 411 1924 hominibus
441 1889 600 1924 castralc'
624 1894 730 1933 smzt,
776 1893 814 1924 et
832 1888 925 1925 alios
948 1902 1026 1926 esse
1048 1892 1115 1939 qai
1136 1891 1227 1927 tales
1248 1904 1271 1928 a
1291 1894 1483 1930 nativitate
1500 1895 1650 1943 prodz'e-
1676 1874 1717 1910 Μ’
1736 1875 1775 1902 12'

130 1955 228 2000 rint,
259 1955 356 1991 allos
376 1956 529 2005 denique
553 1956 674 2004 quise
697 1956 807 2004 regni
823 1956 989 1993 coelestis
1013 1970 1143 1994 caussa
1164 1961 1423 1997 castraverint,
1487 1958 1599 2012 Quod
1619 1960 1652 2000 si

131 2019 304 2060 nonnulli
339 2019 519 2060 coelestis
551 2020 658 2073 regni
689 2020 812 2072 gratia
842 2021 928 2061 facti
950 2029 1048 2062 ‘sunt
1078 2024 1265 2073 eunuchi,
1313 2039 1382 2065 eur
1410 2027 1650 2080 temetipsum

130 2094 293 2140 tuosque
321 2087 526 2142 discipulos
552 2087 706 2127 libidine
733 2101 777 2126 ac
803 2088 1020 2129 foedissima
1046 2090 1240 2144 voluptate
1265 2091 1431 2147 decipis,
1474 2096 1650 2133 divinam·
1669 2105 1848 2140 Rom.1,1a.

131 2169 201 2206 que
229 2157 418 2193 veritatem
443 2170 514 2206 per
542 2169 715 2193 summam
745 2158 960 2195 iniustitiam
988 2161 1145 2205 retines,
1187 2171 1231 2197 ac
1256 2173 1457 2213 perperam
1480 2160 1649 2200 docendo

131 2222 346 2274 depravas?
405 2220 509 2262 lstud
542 2235 654 2274 porro
680 2236 752 2275 quo
777 2222 925 2262 tandem
951 2231 1059 2277 pacto
1085 2225 1182 2278 apud
1206 2232 1243 2264 te
1267 2226 1439 2279 geritur?
1494 2231 1549 2266 De
1574 2231 1846 2274 vz'1²-1.Cor.7‚at.

127 2290 279 2339 gz’m'bus
298 2298 534 2341 praeceptam
558 2292 789 2328 domininon
814 2292 950 2339 habeo,·
994 2294 1185 2330 consilinm
1215 2301 1335 2331 autem
1365 2296 1430 2341 do,
1477 2303 1648 2346 tanquam

129 2359 419 2395 miscricordiam
442 2364 678 2404 consectans,
713 2359 764 2395 ita
791 2358 918 2396 bonam
943 2373 1043 2397 esse.-
1076 2373 1120 2398 ac
1144 2373 1319 2400 rursum:
1355 2364 1469 2412 Virgo
1487 2365 1648 2402 sollicita

129 2431 186 2462 est
202 2426 247 2462 de
269 2427 314 2462 z‘z's
336 2439 429 2476 quae
447 2432 534 2463 smel
553 2426 701 2470 domiui,
735 2428 908 2475 quomodo
923 2428 1074 2477 placeat
1095 2429 1251 2474 domim,
1287 2435 1328 2466 ul
1345 2437 1474 2467 sancta
1493 2433 1545 2468 sit
1565 2444 1647 2469 cor-

122 2505 217 2542 pore
239 2506 283 2530 ac
302 2495 467 2543 spirim?
526 2489 647 2543 Quam
671 2491 784 2531 multa
805 2492 850 2531 de
874 2493 1073 2543 castitate,
1107 2493 1343 2534 continentia
1361 2508 1405 2535 ac
1427 2495 1646 2550 virginitate

130 2557 203 2597 dici
231 2559 412 2612 possunt!
474 2556 578 2598 Nam
608 2557 704 2611 apud
736 2565 771 2598 te
795 2558 1024 2614 impuritatis
1050 2575 1161 2601 omne
1185 2574 1345 2601 coenum
1369 2563 1453 2603 sine
1480 2564 1555 2604 ullo
1577 2579 1645 2618 pu-

130 2625 222 2665 dore
247 2626 488 2679 praefinitur.
544 2622 690 2664 Verum
711 2625 854 2667 duabus
876 2627 951 2667 illis
975 2627 1146 2668 tribusve
1171 2628 1389 2679 sententiis,
1422 2645 1531 2684 quem
1556 2632 1646 2671 mihi

129 2705 286 2747 scopum
310 2692 543 2733 evertendae
565 2691 746 2732 ridiculae
771 2693 880 2734 huius
907 2701 1035 2735 sectae
1060 2695 1342 2749 praefixeram,
1384 2697 1567 2738 hactenus
1591 2699 1645 2739 le-

131 2760 302 2799 ctoribus
333 2759 562 2813 exposuisse
593 2760 768 2800 sufficiat.

240 2825 435 2880 Deinceps
459 2827 586 2880 itaque
611 2826 756 2866 affinem
784 2827 869 2868 huic
898 2829 1101 2879 haeresin,
1144 2830 1248 2870 velut
1274 2830 1532 2871 luxuriantem
1560 2832 1643 2872 her·
1670 2838 1745 2880 Cap.
1772 2838 1839 2870 Ἡῐ.

130 2891 231 2943 bam,
265 2901 330 2933 aut
349 2894 539 2947 spinarum
561 2893 823 2934 densissimam
845 2897 989 2951 copiam
1012 2898 1175 2950 undique
1199 2897 1413 2949 collectam,
1440 2906 1504 2939 aut
1524 2900 1643 2953 ligno-

128 2989 185 3018 pro
204 2982 443 3024 συνηνωμένηυ,
465 2985 649 3015 Coi-narium
667 2987 796 3024 secutus,
814 2988 867 3025 qui
908 2997 995 3018 rum
1011 2986 1240 3019 densitatem.“
1275 2990 1401 3020 Petavio
1414 2991 1531 3029 placuit
1549 2999 1643 3029 συνη·

132 3027 218 3056 vertit
238 3026 424 3069 „spinarum
443 3027 655 3070 undequaque
674 3032 841 3061 counita
853 3049 866 3054 -
911 3032 1061 3072 νωμένον.
