2034 3267
217 475 285 504 pag.
303 466 345 493 98.

179 725 266 767 Κεφ.
289 721 336 762 ις’.

216 2558 283 2586 pag.
303 2550 345 2576 99.

360 173 436 213 196
914 170 1072 202 εΑΝοΤι
1093 170 1313 202 EP1PHAN11

360 255 436 308 Μή
460 271 536 307 μου
567 252 709 301 ἅπτου,
749 246 859 289 οὔπω
892 246 966 301 γάρ
996 245 1220 298 ἀναβέβηκα
1249 245 1349 298 πρὸς
1376 248 1444 289 τὸν
1468 251 1633 301 πατέρα·
1672 250 1737 290 ἵνα
1765 250 1870 305 δείξῃ

359 321 431 375 τὴν
451 319 603 375 ἁγνείαν
624 315 810 369 ἀμέτοχον
828 315 1018 367 σωμάτων
1038 314 1104 354 καὶ
1125 311 1254 367 ἀμιγῆ.
1288 311 1397 353 Ἀλλοὶ
1421 317 1486 355 καὶ
1505 318 1545 357 ἐν
1567 316 1664 373 ἄλλῳ
1688 315 1795 373 τόπῳ
1815 316 1870 356 λέ-

361 405 419 443 γει
447 392 461 415 ¹
477 386 736 439 προθεσπίζον
759 380 801 423 τὸ
826 381 937 436 ἅγιον
958 384 1123 432 πνεῦμα,
1142 382 1208 420 καὶ
1225 378 1289 420 διά
1309 378 1402 427 τούς
1424 384 1560 435 πρώην
1576 385 1640 424 καὶ
1667 384 1873 436 μετέπειτα,

364 455 553 506 Μακαρία
586 456 715 504 στεῖρα
738 447 764 502 ’ἡ
786 447 987 501 άμίαντος,
1028 447 1113 501 ’ἥτις
1133 445 1203 488 οὐκ
1225 449 1322 501 ἔγνω
1353 449 1486 500 κοίτην
1518 451 1558 490 ἐν
1578 449 1875 505 παραπτώματι,

358 522 419 562 καὶ
448 517 650 571 εὐνοῦχος,
694 516 738 565 ὃς
767 515 840 557 οὐκ
871 514 1072 570 εἰργάσατο
1097 516 1224 570 χερσὶν
1254 512 1456 567 άνόμημα·
1479 517 1552 556 -ἵνα
1573 519 1789 575 παρακόψῃ
1810 517 1876 558 καὶ

360 585 407 629 τά
435 585 502 628 διὰ
529 589 598 627 τοῦ
629 585 764 638 μύθου
794 581 921 624 αὐτῶν
952 584 993 624 έν
1021 583 1149 637 χερσὶν
1179 580 1525 637 αἰσχρουργήματα.

475 718 590 761 Πόσα
615 719 656 760 δὲ
679 717 770 759 ἄλλα
796 718 898 758 ἔστιν
923 718 1064 768 εἰπεῖν,
1097 715 1149 766 ὥς
1171 722 1242 759 τοῦ
1265 715 1484 758 ἀποστόλου
1508 716 1704 771 λέγοντος,
1742 714 1792 757 Ἡ
1811 717 1879 770 μὲν

361 787 510 843 ἄγαμος
543 788 610 828 καὶ
642 784 666 839 ἡ
699 785 898 839 παρθένος
924 789 1088 842 μεριμνᾷ
1113 784 1159 826 τά
1180 789 1249 826 τοῦ
1271 787 1431 838 κυρίου,
1462 789 1547 832 πῶς
1577 782 1702 838 οἷρέσει
1730 788 1781 840 τῷ
1811 802 1879 825 κυ-

361 859 444 913 ρίῳ.
493 859 615 896 Τοῦτο
639 854 681 894 δέ
703 867 800 905 φησι
824 854 944 901 δεῖξαι
964 852 1033 905 τήν
1054 851 1206 907 ἁγνείαν
1225 854 1265 894 έν
1287 850 1451 908 ἀληθεία
1473 854 1517 893 ἐκ
1537 856 1607 892 τοῦ
1630 849 1743 905 άγίου
1765 850 1878 891 πνεύ-

362 940 480 977 ματος
506 919 802 976 ε’πιτρεπόμενος
835 917 883 960 οὗ
907 921 1119 974 παρέργως.
1166 918 1330 960 ’Έπειτα
1364 919 1405 959 δὲ
1438 920 1525 972 περὶ
1559 923 1636 959 τῶν
1662 917 1730 959 τὸν
1757 917 1882 973 γάμον

362 989 527 1044 ἐχόντων
548 987 615 1030 τὸν
635 985 775 1040 σεμνὸν
799 988 914 1041 λέγει,
952 991 1086 1039 Τίμιος
1107 985 1129 1028 ὁ
1151 986 1273 1042 γάμος
1297 988 1363 1028 καὶ
1383 984 1409 1039 ἦ
1431 990 1540 1038 κοίτη
1565 984 1762 1038 άμίαντος,
1786 984 1882 1040 πόρ-

362 1074 455 1105 νους
474 1056 514 1097 δὲ
538 1057 605 1097 καὶ
627 1052 783 1108 μοιχοῦς
805 1060 928 1107 κρινεῖ
945 1052 967 1095 ὁ
987 1054 1095 1102 θεός.
1151 1053 1260 1095 'Auci
1280 1056 1346 1095 καὶ
1369 1051 1449 1094 κατ’
1475 1051 1603 1094 αὐτῶν
1622 1055 1761 1109 ἐκβοᾷ,
1791 1052 1883 1108 γρά-

365 1141 452 1177 φων
471 1122 669 1176 Ῥωμαίοις
686 1120 732 1162 τά
757 1120 893 1175 αἰσχροὶ
912 1120 1217 1171 άποκαλύπτων,
1248 1126 1326 1162 τῶν
1352 1121 1418 1169 τάς
1443 1124 1708 1174 κακοπραγίας
1734 1122 1883 1175 ἐργαζο-

365 1193 512 1245 μένων,
541 1192 672 1245 λέγων,
702 1191 761 1230 Α”ί
779 1205 817 1229 τε
842 1188 914 1243 γάρ
937 1188 1091 1242 θήλειαι
1113 1187 1240 1229 αὐτῶν
1259 1187 1490 1241 μετήλλαξαν
1509 1187 1578 1239 τὴν
1604 1187 1775 1240 φυσικὴν
1793 1193 1884 1241 χρῆ-

366 1273 427 1300 σιν
451 1260 504 1306 εἰς
524 1256 595 1310 τὴν
621 1255 727 1310 παρά
754 1257 890 1307 φύσιν·
929 1257 995 1296 καὶ
1015 1257 1103 1309 περὶ
1130 1260 1207 1296 τῶν
1230 1254 1405 1308 άρρένων
1428 1253 1508 1304 ὅτι,
1537 1253 1719 1308 ’Ἀρρενες
1748 1257 1787 1296 ἐν
1817 1254 1883 1310 ἅρ-

367 1339 447 1381 ρεσι
469 1323 540 1377 τήν
569 1321 856 1375 αἰσχημοσύνην
887 1324 1214 1377 κατεργαζόμενοι.
1272 1320 1390 1362 Ἀλλά
1420 1322 1486 1362 καὶ
1512 1322 1552 1362 ἐν
1575 1327 1621 1379 τῇ
1646 1321 1744 1375 πρὸς
1772 1321 1886 1375 Τιμό-

365 1399 462 1434 θεον
483 1393 661 1447 ἐπιστολῇ
690 1390 777 1443 περὶ
802 1387 951 1430 τούτων
973 1391 1070 1444 λέγει
1090 1389 1148 1430 ὅτι
1158 1423 1168 1440 ,
1207 1387 1271 1430 Ἐν
1296 1390 1469 1442 ἐσχάταις
1498 1387 1659 1443 ἡμέραις
1686 1388 1884 1442 ἐνστήσον-

366 1477 429 1500 ται
450 1459 581 1513 καιροὶ
606 1459 778 1510 χαλεποί·
821 1458 972 1498 ἔσονται
995 1455 1066 1511 γάρ
1091 1459 1131 1498 οἱ
1156 1455 1363 1511 ἅνθρωποι
1387 1455 1594 1508 φιλήδονοι
1616 1461 1755 1509 μᾶλλον
1775 1456 1802 1510 ἢ
1824 1474 1887 1508 φι-

367 1526 511 1568 λόθεοι.
571 1526 651 1566 Καὶ
673 1523 806 1573 πάλιν,
848 1525 1090 1566 Κωλυόντων
1123 1530 1278 1578 γαμεῖν,
1321 1522 1530 1576 ἀπέχεσθαι
1559 1523 1795 1577 βρωμάτων,
1826 1541 1885 1565 κε-

367 1593 710 1647 καυτηριασμένων
734 1591 804 1644 τὴν
827 1594 1064 1644 συνείδησιν·
1105 1591 1164 1633 ὅτι
1195 1590 1238 1632 τὸ
1264 1591 1330 1644 μὲν
1352 1597 1485 1646 γαμεῖν
1513 1591 1604 1644 μετά
1632 1591 1888 1646 σωφροσύνης

368 1662 434 1703 καὶ
458 1666 698 1715 τεκνογονεῖν
720 1659 932 1710 κωλύουσι,
971 1658 1172 1712 καιόμενοι
1203 1660 1246 1700 δέ
1271 1661 1340 1700 εἰσι
1369 1664 1414 1716 τῇ
1439 1658 1653 1712 συνειδήσει
1687 1657 1889 1713 λαγνεύον-

369 1745 430 1777 τες
453 1728 519 1781 μὲν
540 1729 605 1769 καὶ
630 1726 898 1781 φθειρόμενοι,
931 1726 1143 1775 κωλύοντες
1162 1727 1202 1767 δὲ
1222 1732 1470 1781 τεκνογονεῖν.
1512 1727 1591 1767 Καὶ
1613 1726 1683 1781 γάρ
1702 1728 1766 1767 καὶ
1789 1725 1887 1779 αὐτὴ

370 1794 396 1848 ἡ
418 1793 506 1849 παρ’
528 1793 662 1843 αὐτοῖς
679 1796 862 1849 λεγομένη
886 1797 1009 1835 θυσία
1033 1793 1289 1848 βορβορώδης
1309 1811 1366 1842 τις
1388 1789 1485 1835 οὖσα
1507 1793 1582 1847 ἤδη
1610 1796 1675 1834 καὶ
1703 1792 1778 1835 άπὸ
1810 1799 1888 1836 τῶν

372 1861 565 1904 ἀνέκαθεν
589 1861 653 1903 διά
683 1866 754 1903 τοῦ
775 1861 981 1915 προφήτου
1004 1859 1278 1902 ὖποδείκνυται
1298 1860 1426 1913 ὄφεως
1450 1856 1546 1902 οὖσα
1572 1860 1686 1915 σάρξ,
1717 1862 1781 1901 καὶ
1803 1860 1886 1914 οὐχὶ

371 1935 442 1972 τοῦ
463 1932 624 1984 κυρίου,
655 1928 707 1982 μὴ
734 1930 903 1983 γένοιτο,
933 1930 1110 1984 λέγοντος
1135 1928 1258 1978 οὕτως
1278 1928 1356 1979 ὅτι,
1395 1927 1455 1969 Σῦ
1481 1930 1716 1983 συνέτριψας
1740 1927 1807 1976 τάς
1831 1945 1890 1969 κε-

374 1996 499 2049 φαλάς
521 2002 590 2038 τοῦ
612 1995 843 2051 δράκοντος,
883 1998 946 2037 καὶ
981 1998 1130 2044 ἔδωκας
1161 1995 1279 2038 αὐτόν
1310 2000 1446 2051 βρῶμα
1469 2002 1576 2044 λαοῖς
1598 2002 1680 2044 τοῖς
1700 1998 1888 2048 Αἰθίοψι.

376 2069 522 2118 Βρῶμα
552 2062 624 2118 γάρ
652 2062 704 2112 ὥς
735 2062 892 2116 άληθῶς
921 2063 1050 2114 ὄφεως
1081 2062 1106 2116 ἦ
1136 2063 1284 2106 τούτων
1317 2062 1468 2118 μυσαρά
1489 2066 1702 2116 θρησκεία,
1733 2065 1800 2105 καὶ
1818 2065 1891 2104 Αἰ-

375 2135 516 2179 θίοπες
544 2133 849 2184 μεμελανωμένοι
882 2136 926 2188 τῇ
961 2129 1128 2187 ἁμαρτίᾳ
1159 2134 1199 2172 οἵ
1231 2131 1373 2184 ταύτην
1405 2130 1475 2184 τήν
1512 2130 1689 2183 1τελετὴν
1715 2136 1784 2172 τοῦ
1820 2136 1893 2172 νῦν

379 2200 446 2252 μὲν
465 2201 648 2251 δαίμονος
670 2198 783 2250 Διὸς,
813 2200 929 2240 πάλαι
952 2198 991 2238 δὲ
1014 2198 1170 2252 γόητος,
1201 2205 1271 2240 τοῦ
1292 2198 1396 2253 παρά
1418 2212 1492 2240 τισι
1515 2204 1614 2239 θεοῦ
1637 2198 1761 2251 μάτην
1786 2215 1888 2240 νενο-

379 2267 585 2319 μισμένου,
616 2271 817 2315 τελοῦντες.
873 2265 937 2306 Ἐκ
968 2264 1040 2320 γάρ
1069 2263 1306 2318 Ἑλληνικῶν
1337 2265 1477 2319 μύθων
1513 2270 1634 2307 πᾶσαι
1663 2268 1706 2306 αἵ
1731 2268 1893 2320 αἱρέσεις

380 2332 590 2382 συνάξασαι
619 2334 774 2382 ἑαυταῖς
807 2333 877 2386 τήν
910 2333 1060 2385 πλάνην
1093 2335 1322 2386 κατέβαλον,
1362 2333 1663 2387 μεταποιήσασαι
1695 2335 1747 2381 εἰς
1780 2332 1894 2386 ἄλλην

382 2400 556 2442 διάνοιαν
585 2404 747 2454 χείρονα.
808 2401 1120 2455 Παρειςφέρουσι
1142 2400 1214 2455 γάρ
1238 2403 1278 2443 οἷ
1301 2402 1459 2454 ποιηταὶ
1480 2400 1544 2442 τὸν
1568 2405 1643 2442 Δία
1667 2400 1736 2454 τήν
1760 2406 1894 2453 Μῆτιν

383 2469 580 2523 θυγατέρα
601 2470 741 2510 ἑαυτοῦ
762 2467 1011 2509 καταπιόντα.
1072 2470 1225 2521 Βρέφος
1251 2469 1291 2510 δὲ
1316 2467 1389 2510 οὐκ
1413 2468 1458 2509 ἂν
1479 2472 1679 2518 καταπίοι,
1711 2466 1762 2516 ὥς
1785 2470 1849 2509 καὶ
1874 2466 1896 2509 ὁ

384 2536 491 2590 ἅγιος
511 2535 673 2588 Κλήμης
693 2540 909 2590 καταγελῶν
926 2540 994 2588 τῆς
1011 2539 1087 2576 τῶν
1109 2541 1214 2576 θεῶν
1237 2541 1312 2577 τῶν
1332 2534 1529 2589 Ἑλλήνων
1554 2538 1823 2589 αἰσχρουργίας
1846 2534 1895 2576 εἷ-

385 2620 475 2653 πεν,
514 2602 572 2644 ὅτι
594 2602 664 2656 τήν
688 2608 823 2656 Μῆτιν
853 2601 1052 2644 καταπιών
1080 2600 1162 2656 οὐχὶ
1188 2605 1336 2659 βρέφος
1356 2602 1522 2657 ἠδύνατο
1553 2608 1772 2653 καταπιεῖν,
1803 2601 1895 2644 ἄλλα

384 2669 453 2723 τὴν
482 2669 601 2725 γονήν
630 2671 699 2724 τὴν
725 2673 835 2712 ἰδίαν.

435 2839 510 2871 Cap,
531 2841 606 2872 XV.
633 2860 674 2865 -
711 2844 737 2873 1.
766 2843 861 2882 Vulyo
884 2841 1120 2882 προὲεσπίζων.
1217 2843 1291 2874 CAP.
1315 2843 1402 2873 XVI.
1435 2860 1476 2865 —
1526 2844 1552 2873 1.
1590 2842 1663 2873 Cod.
1685 2842 1898 2881 R11edi9.cum

1165 2889 1234 2921 edit.
1254 2891 1354 2928 princ.
1379 2884 1543 2927 τελευτήν.
