2034 3267
513 202 570 233 AD
595 200 840 233 EPISTOLAM
865 200 1007 233 ACACII
1032 200 1089 233 ET
1111 200 1253 232 PAULI.
1627 205 1636 227 ι

267 381 664 431 ΕΡΙΡΗΑΝΙΙ
706 380 1064 429 EPISCOPI
1107 379 1487 429 EPISTULA

119 500 244 546 quam
279 485 333 531 ad
368 484 572 531 Acacium
608 488 650 529 et
683 483 868 529 Paulum
903 483 1185 543 presbyteros
1231 483 1283 529 ad
1320 483 1376 530 *ea
1413 482 1640 545 rescripsit

296 579 402 624 quae
438 563 503 609 illi
538 563 589 608 de
624 560 921 607 lucubratione
957 560 1033 606 illa
1068 565 1218 608 contra
1253 561 1457 609 haereses

694 638 1059 701 significaverant.

227 752 405 793 Dominis
427 749 714 793 venerabilibus
746 762 790 789 ac
812 748 994 789 fratribus
1025 755 1063 789 et
1093 748 1252 802 collegis
1277 749 1424 790 Acacio
1457 757 1494 790 et
1516 749 1638 792 Paulo

116 819 354 875 Epiphanius
384 819 422 859 in
455 817 611 858 Christo
642 816 821 857 salutem.

229 885 555 941 Quemadmodum
586 883 731 937 antiqui
764 883 974 938 scriptores
1004 890 1289 924 consueverant
1321 883 1358 924 in
1393 885 1641 938 praefationi-

115 955 186 995 bus
211 969 255 995 ac
277 952 482 1009 proloquiis
501 958 537 992 et
557 950 872 1005 inscriptionibus
894 951 1011 991 totius
1032 951 1160 1005 operis
1181 950 1366 1005 propositi
1386 951 1553 1005 speciem
1575 953 1641 991 ad·-

116 1023 354 1062 umbratione
381 1020 540 1073 quadam
566 1018 811 1059 informatam
838 1019 1069 1069 ostendere,
1105 1019 1159 1058 ita
1183 1026 1222 1059 et
1243 1032 1315 1059 nos
1340 1019 1475 1058 eodem
1498 1019 1642 1059 oratio-

116 1090 176 1130 nis
194 1089 251 1129 usi
273 1100 416 1141 genere
438 1086 674 1141 prooemium
698 1086 769 1126 hoc
788 1085 1040 1137 instituimus,
1073 1093 1130 1136 ut,
1163 1099 1260 1140 quae
1284 1086 1489 1140 postulatio
1510 1093 1641 1127 vestra

118 1156 207 1204 fuit,
249 1168 381 1194 eorum
414 1168 510 1208 quae
540 1154 729 1194 adversus
759 1153 942 1194 haereses
968 1153 1193 1207 disputanda
1221 1159 1310 1193 sunt
1334 1167 1482 1194 summa
1509 1153 1642 1208 paucis

115 1221 424 1276 complectamur.
487 1221 678 1275 Quoniam
706 1221 808 1261 enim
832 1221 1046 1261 haereseon
1072 1221 1240 1261 omnium
1265 1221 1421 1261 nomina
1445 1221 1642 1261 declaran-

115 1290 159 1329 da
182 1289 292 1330 vobis
313 1289 384 1328 hoc
403 1289 441 1328 in
463 1289 561 1329 libro
584 1289 846 1343 suscepimus,
879 1302 952 1329 nec
975 1303 1050 1329 non
1075 1289 1294 1329 execranda
1316 1302 1362 1329 ac
1386 1288 1535 1329 nefaria
1559 1288 1643 1328 illa-

113 1371 196 1397 rum
228 1356 369 1410 flagitia
401 1356 458 1396 sic
484 1363 662 1410 tanquam
691 1356 1006 1410 praesentissima
1034 1356 1219 1409 quaedam
1246 1369 1397 1396 venena
1424 1357 1642 1410 patefacere

113 1425 289 1464 volumus
304 1456 314 1475 ,
349 1430 461 1477 atque
486 1423 543 1463 his
564 1424 669 1463 velut
692 1424 860 1463 antidota
881 1423 1067 1477 quaedam
1093 1429 1354 1477 opponentes,
1388 1436 1485 1476 quae
1507 1423 1570 1464 vel
1595 1423 1642 1462 iis

115 1493 176 1546 qui
201 1506 332 1532 morsu
357 1491 465 1545 petiti
495 1497 583 1530 sunt
608 1491 778 1530 remedio
804 1504 891 1530 esse
914 1490 1085 1544 possint,
1130 1490 1193 1529 vel
1217 1504 1285 1530 eos
1312 1490 1448 1544 quibus
1475 1504 1523 1530 ne
1546 1490 1642 1530 inci-

114 1561 206 1600 dant
238 1559 445 1614 periculum
479 1565 538 1598 est
565 1557 831 1612 praemuniant
861 1572 904 1598 ac
935 1564 1192 1607 conservent,
1236 1557 1483 1597 honestarum
1512 1571 1641 1598 rerum

114 1626 297 1668 studiosis
320 1625 590 1676 conscribere,
623 1624 843 1676 PANARIUM‚
877 1625 961 1665 sive
983 1625 1167 1665 Arculam
1187 1623 1398 1675 Medicam,
1433 1626 1479 1666 ad
1508 1638 1641 1665 eorum

115 1695 177 1748 qui
201 1709 222 1734 a
248 1694 492 1749 serpentibus
516 1693 581 1733 icti
610 1700 698 1732 suut
721 1693 928 1733 remedium
952 1693 1035 1732 iure
1061 1706 1156 1745 opus
1178 1692 1269 1732 illud
1295 1706 1339 1732 ac
1363 1693 1499 1732 librum
1523 1693 1644 1732 inter-

113 1762 372 1816 pretabimur,
417 1760 481 1815 qui
503 1761 542 1800 in
567 1767 645 1800 tres
672 1767 800 1814 partes
824 1760 968 1800 divisus
993 1759 1177 1800 haereses
1202 1760 1398 1813 octoginta
1423 1760 1644 1814 complecti-

115 1836 191 1880 tur,
225 1843 322 1882 quae
344 1835 563 1883 serpentum
586 1842 628 1867 ac
651 1827 841 1882 reptilium
862 1827 1006 1867 similes
1028 1834 1133 1867 sunt.
1182 1825 1405 1868 Secundum
1426 1841 1520 1881 quas
1541 1827 1645 1867 veri-

115 1896 204 1937 tatis
227 1897 509 1936 firmamentum
534 1903 573 1936 et
596 1895 775 1935 salutaris
799 1895 973 1935 doctrina
994 1894 1158 1949 fideique
1182 1895 1344 1936 formula
1369 1895 1540 1936 subiecta
1567 1901 1641 1944 est,

115 1978 160 2004 ac
188 1961 333 2004 Christi
367 1978 533 2018 sponsa,
578 1970 711 2003 sancta
741 1963 920 2003 videlicet
950 1963 1114 2003 ecclesia
1143 1963 1350 2003 declarata.
1414 1961 1526 2015 Quae
1558 1976 1643 2002 cum

113 2031 188 2071 iam
213 2038 291 2072 tum
315 2031 361 2071 ab
386 2031 479 2071 orbe
500 2031 652 2071 condito
676 2044 763 2071 esse
788 2030 973 2085 coeperit,
1007 2037 1139 2084 postea
1163 2038 1291 2070 tamen
1318 2044 1386 2085 per
1406 2028 1553 2070 Christi
1577 2030 1644 2069 do-

115 2098 206 2138 miui
229 2098 532 2139 incarnationem
555 2105 766 2152 temporum
787 2097 1037 2138 successione
1057 2105 1146 2138 ante
1167 2104 1488 2138 commemoratas
1508 2110 1643 2137 omnes

115 2166 297 2207 haereses
318 2166 474 2220 vulgata
499 2173 612 2220 atque
636 2166 841 2219 patefacta,
874 2166 1084 2219 eademque
1108 2180 1128 2206 a
1151 2166 1262 2206 nobis
1282 2166 1320 2206 in
1344 2165 1642 2206 commentarios

115 2247 167 2274 ex
194 2231 340 2275 Christi
367 2233 652 2288 praedicatione
681 2233 824 2283 relata,
869 2247 912 2273 ac
943 2247 1097 2274 rursum
1122 2240 1208 2288 post
1235 2233 1464 2288 explicatam
1490 2246 1641 2272 omnem

114 2300 273 2342 istarum
295 2301 507 2341 haereseon
530 2300 806 2354 improbitatem
828 2315 879 2341 ex
899 2301 1160 2355 apostolorum
1180 2300 1379 2355 disciplina
1399 2307 1577 2340 accurate
1599 2314 1643 2340 ac

115 2369 316 2423 perspicue
338 2369 447 2410 brevi
471 2369 632 2422 quodam
652 2374 711 2408 est
732 2368 956 2422 compendio
977 2369 1165 2418 subiecta,
1199 2368 1252 2408 uti
1277 2382 1321 2408 ea
1343 2381 1385 2408 re
1407 2368 1558 2407 illorum
1581 2380 1642 2406 re-

116 2442 296 2476 creentur
329 2450 374 2476 ac
403 2437 627 2476 reficiantur
661 2435 775 2475 animi
810 2437 871 2489 qui
910 2436 1009 2476 hunc
1044 2437 1256 2476 haereseon
1293 2435 1639 2490 percurrendarum

115 2503 284 2543 laborem
318 2504 574 2558 susceperint.

224 2568 350 2611 Porro
372 2585 443 2611 vos
465 2584 614 2620 omnes,
646 2569 892 2612 honestarum
917 2585 1044 2611 rerum
1070 2571 1230 2611 studiosi
1257 2571 1447 2621 lectores,
1479 2577 1639 2623 rogatos
1665 2580 1742 2622 cap.
1768 2580 1791 2609 1.

115 2638 308 2688 volumus,
341 2647 382 2678 ut
405 2645 442 2677 et
468 2637 703 2691 prooemium
728 2638 849 2692 ipsum
875 2645 914 2679 et
936 2638 1219 2692 insequentium
1249 2638 1464 2679 haereseon
1486 2637 1642 2692 exposi-

116 2705 258 2745 tionem
285 2719 330 2745 ac
354 2704 528 2744 veritatis
551 2704 831 2759 professionem
858 2713 897 2746 et
919 2706 1131 2746 doctrinam
1161 2720 1205 2746 ac
1232 2712 1388 2746 sanctae
1418 2712 1456 2746 et
1481 2704 1641 2745 catholi-

118 2816 186 2837 rum
211 2817 337 2837 morsus
361 2805 513 2838 Areulam
537 2805 760 2847 appellante53
789 2806 855 2838 hoc
947 2804 977 2838 4.
1002 2809 1048 2839 Ita
1070 2809 1139 2838 libri
1161 2816 1282 2845 omnes‚·
1307 2806 1441 2848 αἴνιγμα.
1462 2810 1502 2838 ese
1525 2808 1638 2846 figura,

119 2858 168 2881 est
191 2863 250 2894 per
273 2851 374 2883 libros
398 2856 488 2882 tres“
515 2855 579 2882 cett.
902 2854 1083 2890 similitudo,
1103 2855 1133 2883 ut
1148 2854 1326 2891 plerumque
1342 2853 1428 2891 apud
1446 2861 1550 2882 sacros
1565 2854 1640 2882 scri-

162 2895 191 2927 3.
220 2898 288 2928 Voc.
311 2896 475 2939 προοίμιον
505 2898 623 2928 uncinis
652 2899 768 2927 notavit
798 2899 854 2928 Pe-
899 2901 1010 2936 ptores.
1047 2898 1147 2935 Quare
1167 2907 1225 2928 non
1245 2900 1311 2927 erat
1325 2907 1379 2928 cur
1397 2899 1540 2928 Petamus
1557 2893 1638 2936 δήγ·

123 2942 232 2971 roz-ius.
903 2953 990 2982 ματα
1013 2943 1220 2981 reponendum
1244 2951 1305 2973 esse
1327 2945 1465 2973 censeret.
