2034 3267
525 162 702 195 PANARH
725 163 806 195 Lm.
818 164 842 194 1.
865 163 1029 196 ToM.11.
1051 164 1180 196 HAER.
1199 165 1326 198 XXV1.
1604 159 1675 199 181

169 241 441 291 commodaret,
465 242 562 294 quod
586 241 610 280 ii
635 242 778 281 faciunt
797 241 859 295 qui
879 242 1115 283 mollioribus
1135 243 1307 283 vestibus
1327 244 1559 284 induuntur?
1603 243 1678 285 Mi-

169 309 268 348 nime
296 321 406 348 vero.
465 307 557 348 Non
589 308 687 348 euim
718 307 885 349 loannes
916 311 1061 349 arundo
1085 311 1266 363 quaedam
1297 317 1356 351 est
1378 311 1569 351 hominum
1597 314 1676 366 opi-

168 375 346 416 nionibus
365 375 529 427 agitata,
562 376 622 415 vel
643 375 809 428 qualibet
831 390 962 415 eorum
988 378 1119 416 fraude
1143 391 1187 417 ac
1208 378 1448 418 simulatione
1471 393 1673 419 concussa.

168 442 245 483 Sed
272 443 448 496 quoniam
470 443 558 483 illud
583 443 789 491 adiecerat,
819 445 922 480 Inter
944 452 1050 482 natos
1071 447 1262 483 mulierum
1282 460 1353 484 non
1374 449 1542 485 surremit
1560 451 1677 486 maior

166 514 302 550 Ioanne
328 512 504 561 baptista,
550 524 596 550 ne
621 509 703 563 quis
730 507 910 548 loannem
938 510 1008 549 sibi
1034 513 1280 564 persuaderet
1304 513 1415 553 etiam
1441 513 1524 568 ipso
1549 514 1677 554 salva-

167 585 250 617 tore
277 591 362 617 esse
390 577 595 627 maiorem,
641 575 736 629 quod
768 575 800 614 is
831 589 850 614 a
880 576 1062 626 muliere,
1110 578 1284 618 nimirum
1313 579 1426 620 beata
1449 595 1674 635 semperque

167 645 317 698 virgine
336 642 463 684 Maria
481 658 549 698 per
569 643 738 697 spiritum
759 648 929 681 sanctum
951 652 1055 682 esset
1074 645 1242 696 genitus,
1271 653 1310 686 ut
1330 661 1399 687 nos
1420 655 1553 688 contra
1576 649 1673 689 hunc

168 726 338 752 errorem
362 712 584 759 instrueret,
616 709 792 757 subiecit,
828 711 902 758 Qui
918 713 1037 748 minor
1057 715 1167 750 estin
1189 726 1304 763 regno
1330 717 1525 763 coelorum,
1559 721 1676 755 maior

167 788 224 818 est
250 782 327 818 illo.
391 778 499 831 Quod
531 775 708 817 videlicet
735 775 886 815 ratione
912 777 1092 831 temporis
1123 786 1182 818 est
1210 779 1256 818 ab
1288 793 1334 819 eo
1364 780 1502 821 dictum
1534 797 1606 836 quo
1638 785 1673 822 in

169 848 266 887 hunc
300 847 475 886 mundum
509 844 669 883 humana
707 856 822 882 carne
854 844 1047 896 praeditus
1077 845 1253 896 advenit,
1295 847 1472 900 quoniam
1504 857 1617 889 sexto
1655 866 1674 889 a

169 912 324 954 loannis
357 911 550 952 nativitate
582 923 714 949 mense
747 907 925 950 Christus
958 917 1017 950 est
1044 911 1084 951 in
1117 912 1239 953 lucem
1272 915 1410 955 editus.
1472 913 1547 967 Qui
1579 916 1674 956 haud

168 981 279 1021 dubie
303 979 422 1019 maior
450 983 533 1017 erat
556 977 646 1027 illo,
688 990 770 1017 cum
798 985 836 1017 et
860 977 911 1017 sit
932 992 1084 1032 semper
1109 986 1148 1019 et
1173 981 1302 1021 fuerit.
1364 980 1461 1034 Quis
1488 983 1558 1023 hoc
1581 998 1676 1024 vero

169 1054 293 1103 potest
319 1045 521 1099 ignorare?
577 1042 741 1084 Frustra
767 1044 884 1098 igitur
912 1045 957 1084 ab
985 1046 1058 1086 illis
1086 1047 1308 1101 excogitata
1335 1057 1423 1089 sunt
1448 1050 1597 1102 omnia,
1640 1059 1678 1091 et

169 1129 219 1155 ex
248 1113 355 1153 bonis
384 1111 422 1150 in
451 1111 548 1151 mala
578 1125 783 1152 conversa.

277 1177 479 1220 Caeterum
505 1178 589 1217 libri
613 1192 732 1232 penes
757 1179 843 1219 illos
872 1180 1134 1234 quamplurimi
1157 1189 1259 1222 sunt.
1319 1182 1422 1223 Nam
1448 1182 1670 1238 Interroga-

167 1248 289 1288 tiones
313 1246 493 1300 quasdam
521 1244 671 1286 Mariae
695 1247 909 1287 venditant.
967 1247 1047 1288 Alii
1072 1249 1117 1288 de
1145 1263 1190 1289 eo
1217 1263 1326 1303 quem
1355 1251 1521 1291 diximus
1552 1251 1676 1293 Ialda-

165 1314 278 1354 baoth
310 1313 379 1353 sub
415 1312 524 1354 Sethi
565 1313 719 1353 nomine
750 1314 965 1368 complures
996 1315 1114 1356 libros
1150 1318 1412 1371 supposititios
1453 1320 1672 1360 obtrudunt.

164 1380 242 1423 Sed
266 1387 304 1420 et
323 1381 461 1420 Adami
487 1380 765 1421 Revelationes
789 1382 906 1432 alias,
939 1389 978 1422 et
1001 1382 1073 1422 alia
1096 1384 1186 1423 item
1206 1383 1419 1439 Evangelia
1445 1387 1538 1426 falsa
1563 1388 1675 1427 disci-

165 1449 336 1504 pulorum
369 1448 522 1488 nomine
547 1449 792 1488 conscribere
816 1456 905 1489 sunt
930 1449 1027 1490 ausi.
1086 1449 1173 1491 Nec
1206 1464 1273 1491 eos
1297 1453 1424 1493 dicere
1456 1455 1571 1508 pudet
1600 1456 1675 1495 sal-

164 1523 337 1557 vatorem
370 1522 541 1555 nostrum
582 1530 626 1555 ac
658 1515 849 1556 dominum
883 1515 1010 1557 Iesum
1044 1515 1237 1558 Christum
1273 1520 1458 1561 eiusmodi
1493 1536 1559 1575 per
1587 1536 1674 1562 sose

166 1583 437 1639 turpitudinem
464 1590 717 1623 monstrasse.
778 1582 932 1624 Etenim
954 1585 992 1624 in
1015 1583 1165 1626 Mariae
1192 1586 1558 1641 interrogationibus
1581 1605 1674 1644 quas

164 1650 338 1693 Maiores
362 1658 503 1691 vocant
525 1653 632 1704 (sunt
654 1650 754 1691 enim
778 1651 875 1691 aliae
887 1650 1063 1692 Minores
1087 1653 1244 1707 perinde
1268 1657 1568 1709 commentitiae)
1590 1658 1673 1698 huic

165 1719 268 1759 illum
283 1718 511 1773 patefecisse
534 1719 692 1772 fingunt,
710 1732 793 1758 cum
809 1732 890 1759 eam
909 1718 948 1758 in
969 1727 1136 1760 montem
1158 1721 1372 1772 eduxisset,
1391 1731 1569 1777 essetque
1589 1739 1674 1779 pre-

166 1794 288 1837 catus,
322 1799 367 1826 ac
386 1786 569 1839 producta
592 1786 638 1825 dc
662 1786 781 1825 latere
805 1800 876 1826 suo
900 1786 1058 1826 muliere
1081 1801 1165 1827 cum
1188 1802 1233 1828 ea
1256 1803 1336 1829 rem
1361 1790 1502 1830 habere
1527 1793 1675 1846 coepis-

165 1861 248 1904 set,
281 1860 360 1893 tum
387 1852 545 1893 seminis
573 1853 631 1893 sui
656 1852 877 1907 profusione
901 1854 1100 1907 degustata
1127 1864 1405 1908 monstrasset,
1437 1858 1512 1908 ita,
1549 1867 1588 1899 ut
1618 1860 1674 1899 vi-

165 1934 258 1963 vere
283 1920 489 1975 possimus,
522 1934 609 1960 esse
635 1920 864 1961 faciendum.
923 1921 1082 1961 Addunt
1103 1929 1141 1962 et
1166 1924 1420 1977 perturbatam
1448 1927 1567 1967 fuisse
1588 1926 1674 1967 Ma-

165 1989 286 2039 riam,
319 1996 432 2041 atque
455 1987 558 2027 humi
583 1987 767 2027 cecidisse
783 2019 793 2037 ‚
826 2002 985 2042 eamque
1010 2003 1030 2028 a
1061 1987 1217 2030 Christo
1243 2006 1327 2031 cum
1353 1992 1410 2033 bis
1433 1994 1564 2034 verbis
1589 2009 1672 2034 ere-

166 2063 288 2097 ctamz
351 2058 472 2106 Quare
491 2056 670 2094 dubitasti
686 2059 846 2095 modicae
854 2058 981 2108 fidei?
1021 2056 1150 2110 Atque
1172 2058 1243 2098 hoc
1275 2061 1398 2113 ipsum
1426 2075 1511 2101 esse
1540 2063 1674 2101 volunt,

1698 1195 1871 1237 (1.1p.V111.

166 2124 264 2178 quod
288 2123 327 2163 in
353 2122 552 2176 evangelio
577 2123 735 2162 dicitur:
780 2126 827 2162 Sz'
852 2131 997 2162 lerrena
1029 2127 1108 2163 datm
1131 2127 1251 2173 vobis,
1285 2135 1321 2166 et
1350 2143 1421 2167 non
1444 2133 1868 2176 credidz'stzs,1oann.3‚12.

165 2194 335 2231 coelestia
358 2193 532 2242 quomodo
564 2193 750 2228 credetis?
790 2189 885 2230 Item
906 2190 1018 2231 illud:
1060 2195 1148 2231 Cum
1178 2196 1343 2233 videritis
1358 2197 1487 2247 filium
1518 2199 1672 2235 lzomz'm‘s

167 2274 206 2298 eo
228 2261 477 2297 ascendentem
509 2259 574 2296 ube·
600 2265 683 2296 erat
709 2261 838 2309 prr‘uS,
872 2258 942 2298 hoc
967 2266 1047 2308 est,
1078 2260 1276 2314 inquiunt,
1318 2262 1509 2315 profluens
1540 2277 1671 2303 semen

167 2335 416 2379 exsorptum,
458 2331 499 2365 ut
528 2338 574 2365 eo
607 2324 705 2364 unde
731 2325 882 2365 exierat
909 2334 1142 2367 revertatur.
1205 2327 1306 2367 Tum
1338 2330 1436 2382 quod
1461 2330 1548 2370 alibi
1577 2332 1672 2371 scri-

166 2401 269 2448 ptum
299 2400 380 2433 est:
422 2395 511 2432 Nz'sz'
535 2395 839 2432 manducaverit&
864 2408 1007 2433 carnem
1029 2409 1141 2433 meam
1155 2426 1164 2441 ‚
1208 2404 1244 2434 et
1264 2398 1428 2435 biberitis
1452 2412 1565 2437 meam
1587 2414 1670 2437 san·
1687 2413 1868 2445 loannem.

164 2464 328 2512 guinem.
390 2459 451 2500 Ad
477 2474 573 2513 quae
608 2459 836 2512 perturbatis
871 2461 1086 2516 discipulis,
1131 2476 1175 2502 ac
1207 2463 1442 2513 dicentibus,
1489 2468 1577 2516 Quis
1604 2469 1671 2505 hoe

162 2536 287 2579 potest
305 2531 464 2567 audire?
494 2528 539 2566 de
565 2526 792 2580 turpitudine
815 2541 1030 2568 sermonem
1057 2543 1141 2569 eum
1164 2530 1376 2570 institutum
1400 2532 1541 2583 ferunt,
1568 2533 1671 2573 ideo-

169 2609 241 2649 que
274 2595 442 2635 turbatos
475 2601 579 2634 retro
611 2594 740 2647 pedem
765 2595 956 2636 retulisse.
1019 2595 1196 2636 Nondum
1221 2598 1319 2637 enim
1344 2600 1512 2652 perfecte
1541 2614 1671 2640 corro-

168 2662 291 2702 borati
325 2668 436 2702 erant
458 2676 502 2701 ac
525 2661 695 2701 stabiliti.
756 2660 843 2714 Quo
871 2663 983 2703 etiam
1011 2662 1169 2704 Davidis
1194 2664 1284 2705 illud
1313 2664 1450 2706 dictum
1476 2667 1669 2708 referunt:

171 2783 276 2829 χρόνῳ
301 2785 362 2827 τῆς
387 2782 544 2826 ἐνσάρκου
569 2780 667 2818 αὐτοῦ
691 2785 878 2827 παρουσίας.
948 2790 994 2819 tic.
1012 2792 1038 2819 et.
1061 2790 1106 2820 ed.
1121 2790 1225 2820 Petar.
1250 2786 1448 2832 πιστεύσητε
1470 2793 1670 2832 cod.Rliedr'9.

213 2830 244 2861 3.
268 2825 333 2872 ἄρα
357 2832 421 2861 cod.
446 2832 570 2870 Rhediy.
945 2837 972 2864 ει
995 2835 1064 2866 edic.
1086 2835 1181 2872 princ.

213 2874 294 2918 3CA1›.
308 2876 396 2907 VIII.
421 2893 461 2898 —
501 2877 527 2908 l.
552 2873 744 2908 πιστεύσετε
763 2877 828 2908 cod.
841 2878 900 2908 Va-
