2034 3267
452 171 627 203 PANARH
654 172 752 204 ADV.
774 172 992 203 HAERESES
1018 172 1098 205 Llss.
1116 173 1140 204 1.
1168 173 1273 205 TOM.
1291 173 1316 203 1.
1566 168 1640 206 105

133 253 238 292 bant.
300 249 398 290 Eum
424 250 577 304 inquam
601 248 794 290 Christum
823 251 884 304 qui
917 251 953 290 in
987 251 1185 305 scripturis
1213 250 1386 291 omnibus
1413 265 1458 291 ae
1481 253 1642 307 prophe-

132 320 179 357 tis
203 318 500 372 expectabatur,
534 331 619 357 esse
647 317 838 357 Herodem
865 317 1158 369 existimabant,
1192 319 1312 372 deque
1341 332 1389 359 eo
1426 319 1517 359 falsa
1549 334 1641 373 qna·

131 385 215 424 dam
239 384 356 424 animi
380 385 598 424 inductione
623 385 899 438 gloriabantur.
960 385 1020 424 Ac
1049 393 1311 439 praeterquam
1340 386 1437 439 quod
1469 387 1505 426 in
1539 387 1640 427 illius

131 452 232 505 regis
259 453 420 505 gratiam
448 466 544 493 vane
577 453 650 492 ista
676 451 890 499 iactabant,
935 453 1046 491 etiam
1078 453 1168 506 ipsis
1201 453 1412 506 scripturae
1444 453 1506 493 ille
1533 454 1640 495 locus

129 519 331 573 imposuit:
363 523 447 558 Non
470 523 608 559 desinet
622 523 795 570 princeps
817 534 837 557 e
856 521 962 565 Inda,
995 533 1109 569 neque
1129 522 1207 557 dux
1228 536 1275 558 ex
1292 523 1369 558 eius
1389 522 1539 570 femore,
1573 525 1637 561 do·
1657 531 1839 564 Gen.49,1o.

129 601 194 625 nee
222 591 343 626 veniat
363 591 426 626 ezte'
443 594 665 626 reservatum
687 593 754 631 est,
789 585 848 624 vel
873 592 913 625 ut
938 586 974 624 in
997 586 1080 624 aliis
1109 587 1295 640 exemplis
1318 588 1494 640 legimus,
1527 592 1639 629 donee

129 657 250 693 veniat
284 658 347 693 eui
377 663 465 693 snut
495 660 694 692 reservata.
769 649 963 705 Siquidem
1001 651 1178 692 Herodes
1213 653 1407 707 Antipatri
1444 656 1638 697 cuiusdam

129 721 376 762 Ascalonitae
404 729 514 775 atque
537 719 725 774 Apollinis
759 719 899 758 aeditui
935 718 1032 758 filius
1059 720 1141 758 fuit.
1205 717 1326 760 Cuius
1350 721 1507 776 insuper
1526 723 1639 764 Anti-

129 789 224 841 patri
250 803 387 842 parens
410 787 583 827 Herodes
605 785 758 825 nomine
786 786 882 825 filius
909 785 1075 839 Antipae
1107 785 1188 825 fui-t.
1252 786 1458 840 Antipater
1487 790 1531 828 ab
1553 790 1640 831 Idu-

127 854 248 894 maeis
278 863 406 910 eaptus
438 861 475 893 et
502 855 538 893 in
567 851 747 892 Idumaea
775 854 918 905 degens
941 851 1134 892 Herodem
1159 853 1332 907 suscipit.
1395 852 1479 907 Qua
1509 856 1545 896 in
1578 872 1639 898 re-

128 921 241 973 gione
268 923 329 962 diu
359 921 556 961 admodum
581 919 618 959 in
649 920 835 960 servitute
860 919 980 969 vixit,
1014 921 1111 973 quod
1139 934 1223 959 eum
1248 920 1424 961 Herodes
1453 930 1562 976 pater
1591 926 1637 964 ob

127 989 289 1042 inopiam
312 987 497 1028 redimere
527 1001 602 1026 non
627 995 771 1041 posset.
832 986 1005 1026 Tandem
1034 1001 1055 1026 a
1084 988 1328 1041 popularibus
1363 989 1543 1030 collatitia
1575 1005 1639 1044 pe-

128 1057 237 1096 cunia
264 1069 334 1095 nna
360 1068 443 1093 cum
466 1053 621 1093 Herode
646 1054 723 1094 filio
747 1054 930 1094 liberatus
958 1054 1190 1107 postliminio
1225 1056 1264 1095 in
1294 1057 1451 1110 patriam
1474 1059 1639 1098 reverti-

128 1131 202 1162 tur.
250 1120 370 1174 Quam
397 1121 443 1160 ob
466 1135 638 1160 caussam
664 1122 709 1161 ab
732 1122 817 1162 aliis
843 1120 1063 1171 idumaeus,
1097 1122 1143 1162 ab
1164 1122 1248 1162 aliis
1270 1123 1493 1163 Ascalonita
1520 1125 1639 1165 fuisse

126 1189 292 1244 proditus
317 1195 390 1228 est.
436 1186 577 1229 Postea
599 1203 682 1228 cum
707 1190 751 1229 ad
776 1188 963 1232 Demetrii
988 1189 1281 1230 familiaritatem
1308 1190 1565 1244 pervenisset,
1597 1193 1635 1232 in

125 1255 261 1296 Iudaea
293 1255 599 1310 procurationem
628 1257 805 1296 obtinuit.
868 1256 970 1296 Tum
995 1256 1109 1297 etiam
1138 1265 1250 1297 notus
1273 1258 1453 1312 Augusto
1473 1259 1636 1313 impera-

119 1324 195 1363 tori
219 1323 301 1362 suit.
345 1324 475 1376 Atque
499 1338 549 1363 ex
576 1323 636 1363 illa
661 1324 929 1378 procuratione
956 1325 1190 1378 proselytum
1215 1339 1257 1365 se
1281 1326 1424 1365 faciens
1452 1341 1527 1366 una
1551 1342 1634 1367 cum

120 1389 276 1430 Herode
306 1390 380 1430 filio
404 1390 651 1431 circumcisus
673 1399 751 1440 est,
784 1392 830 1431 ad
859 1405 969 1444 quem
994 1389 1222 1432 ludaeorum
1250 1406 1407 1445 regnum
1441 1395 1632 1447 pervenit.

119 1456 217 1497 Nam
243 1458 420 1511 Augusto
444 1457 663 1512 imperatori
687 1458 880 1498 subiectus
903 1457 1132 1498 ludaeorum
1159 1459 1222 1499 ille
1244 1474 1316 1499 rex
1339 1461 1540 1514 populique
1553 1460 1635 1504 Ro-

121 1525 218 1565 mani
241 1526 458 1565 foederatus
482 1533 579 1565 erat.
623 1524 881 1578 Quamobrem
905 1526 1001 1579 quod
1027 1539 1077 1565 ex
1100 1526 1225 1567 aliena
1247 1527 1310 1567 ille
1333 1536 1447 1582 gente
1470 1543 1633 1581 regnare

119 1600 319 1647 coeperat,
353 1607 437 1632 cum
468 1593 649 1633 hactenus
674 1608 694 1633 a
722 1591 811 1633 luda
837 1600 874 1633 et
899 1592 1047 1633 Davide
1069 1607 1254 1647 regnum,
1288 1602 1400 1649 atque
1433 1610 1483 1635 ex
1518 1595 1634 1638 tudae

119 1661 234 1714 stirpe
261 1661 448 1714 principes
477 1675 521 1700 ac
548 1661 784 1715 patriarchae
812 1661 1094 1715 perstitissent,
1129 1662 1226 1714 quod
1255 1661 1408 1715 inquam
1433 1663 1631 1717 imperium

117 1728 155 1767 in
181 1735 382 1767 externum
420 1728 611 1767 hominem
651 1728 877 1768 translatum
910 1729 1057 1777 suerat,
1105 1728 1281 1768 idoneum
1311 1730 1384 1769 illis
1413 1731 1536 1770 visum
1574 1738 1634 1770 est

118 1796 262 1835 erroris
284 1803 563 1847 argumentum,
600 1803 638 1835 ut
662 1795 852 1835 Herodem
878 1809 965 1835 esse
989 1794 1185 1835 Christum
1212 1797 1507 1846 arbitrarentur,
1533 1799 1630 1851 quod

117 1877 166 1902 ex
190 1863 252 1903 illo
276 1864 488 1917 scripturae
515 1863 599 1903 loco
623 1877 862 1916 consequens
883 1863 1106 1903 videbatur:
1158 1866 1242 1902 Non
1261 1867 1587 1917 desz‘netprz'neeps
1609 1881 1628 1904 e
1646 1880 1774 1914 Gens-19,
1794 1879 1830 1905 ιο.

115 1934 221 1979 Iuda,
256 1934 368 1969 donee
390 1935 532 1970 venerit
551 1934 614 1969 cul
632 1939 855 1969 reservatum
879 1939 946 1970 est.
1009 1929 1060 1971 Ut
1085 1945 1130 1971 eo
1160 1945 1276 1971 sensu
1299 1932 1346 1971 sit
1369 1932 1628 1986 accipiendus,

116 1998 223 2052 qnasi
249 1997 392 2038 Herodi
414 2006 652 2038 reservatum
678 2006 795 2038 esset.
838 1997 1047 2038 Desierunt
1071 1998 1187 2049 enim,
1212 1999 1379 2050 aiebant„
1405 1999 1472 2039 illi.
1505 1998 1630 2040 Porro

114 2066 187 2106 iste
207 2067 252 2105 de
278 2065 392 2105 lndae
413 2079 556 2119 genere
579 2081 653 2105 non
677 2073 751 2115 est,
781 2080 824 2105 ac
848 2079 895 2106 ne
922 2065 1077 2112 omnino
1101 2067 1252 2120 quidem
1276 2065 1513 2107 Israeliticae
1537 2081 1630 2121 gen-

114 2135 177 2173 tis,
239 2133 339 2173 Huic
369 2141 494 2173 autem
528 2132 684 2174 Christo
715 2147 801 2173 esse
831 2140 1070 2173 reservatum
1103 2135 1243 2179 fuerat.

207 2200 351 2241 Verum
376 2215 470 2255 quae
492 2207 703 2255 sequuntur
724 2200 809 2246 illos
833 2201 1036 2241 manifeste
1060 2202 1315 2255 redarguunt:
1351 2205 1526 2256 Quoniam
1550 2205 1627 2253 ipse
1660 2208 1737 2250 Cap.
1760 2207 1800 2238 u.

114 2273 317 2321 eoepeclatz'o
343 2273 507 2321 gentium
536 2273 628 2315 erit,
662 2277 700 2307 et
719 2272 755 2308 in
780 2283 857 2307 eum
883 2277 1013 2320 gentes
1033 2271 1246 2320 sperabunt.
1311 2268 1510 2322 Quaenam
1534 2283 1627 2309 vero

115 2337 216 2377 natio
240 2337 276 2377 in
302 2336 495 2378 Herodem
528 2336 722 2391 speravit?
762 2343 826 2376 aut
859 2350 954 2390 quae
990 2336 1160 2389 gentium
1194 2350 1282 2391 spes
1315 2337 1353 2376 in
1385 2337 1626 2391 expectando

114 2403 268 2445 Herode
295 2405 420 2444 defixa
445 2406 530 2444 est?
576 2404 636 2443 Ad
672 2403 765 2443 haec
799 2404 858 2458 qui
885 2405 1036 2444 tandem
1062 2404 1151 2444 illud
1176 2405 1272 2458 apud
1303 2404 1398 2444 istos
1430 2404 1625 2458 impletum

114 2473 196 2512 est?
252 2476 434 2511 Dormivit
465 2480 508 2510 ut
537 2474 591 2509 leo
629 2485 672 2509 ac
704 2473 803 2510 velut
831 2474 944 2511 leonis
976 2474 1143 2511 catulus:
1176 2475 1257 2524 quis
1281 2475 1395 2523 ipsum
1419 2473 1627 2511 excitabit?

111 2538 275 2580 Ubinam
301 2539 462 2593 denique
485 2539 578 2578 lavit
607 2538 644 2577 in
671 2552 807 2578 eruore
832 2539 969 2578 stolam
995 2554 1124 2590 suam,
1167 2547 1206 2580 et
1236 2539 1414 2578 amictum
1447 2554 1555 2579 suum
1586 2539 1624 2579 in

114 2621 209 2647 uvae
240 2608 451 2660 sanguine,
496 2605 806 2659 quemadmodum
832 2604 942 2646 lesus
968 2604 1146 2648 Christus
1174 2606 1347 2646 dominus
1373 2613 1528 2656 noster,
1562 2607 1625 2660 qui

112 2687 181 2714 suo
214 2676 398 2728 sanguine
427 2687 565 2728 corpus
590 2673 773 2726 aspersit,
808 2680 845 2713 et
871 2688 967 2714 uvae
993 2674 1179 2728 sanguine
1204 2673 1432 2714 vestimenta
1458 2687 1527 2713 sua
1552 2673 1625 2713 tin-

112 2742 194 2781 xit?
239 2741 302 2781 Tu
332 2755 425 2781 vero
456 2755 552 2794 quae
574 2754 595 2780 a
624 2753 683 2779 me
707 2739 882 2781 dicuntur
904 2743 1030 2782 animo
1056 2742 1224 2797 percipe.
1286 2740 1402 2781 Dabit
1425 2741 1524 2780 enim
1557 2741 1623 2781 tibi

114 2808 285 2849 dominus
307 2809 598 2862 intelligentiam
623 2807 660 2847 in
687 2807 876 2848 omnibus.
940 2807 1088 2864 Quippe
1121 2809 1248 2864 populi
1274 2809 1335 2848 dei
1367 2808 1553 2863 piaculum
1583 2815 1625 2848 ut

115 2875 329 2927 exhiberet,
363 2877 466 2916 venit
488 2876 566 2927 ille,
601 2889 673 2929 quo
694 2889 760 2930 per
778 2875 971 2919 doctrinae
994 2891 1086 2917 suae
1109 2877 1214 2917 velut
1236 2877 1460 2930 sanguinem
1490 2876 1623 2916 dentes

116 2941 304 2983 hominum
327 2951 504 2998 purgaret
528 2958 706 2998 pecorum
731 2944 917 2997 sangnine
949 2959 992 2985 ae
1020 2945 1154 2985 nidore
1175 2958 1218 2984 ae
1243 2943 1477 2985 detestandis
1504 2943 1622 2983 sac-ri-
