2034 3267
520 156 693 187 PANARH
718 155 797 187 LlB.
814 156 836 188 Ι.
860 156 965 188 ΤΟΜ.
986 156 1025 188 Π.
1049 156 1178 188 HAER.
1200 156 1328 189 XXVI.
1602 151 1677 189 185

166 249 254 275 care
282 248 356 273 non
384 233 549 274 dubitat:
594 233 679 287 Ego
705 249 786 274 sum
812 232 1014 286 Christus,
1058 249 1143 274 nam
1174 249 1240 289 per
1265 232 1491 276 CCCLXV
1523 236 1678 276 nomina

166 300 387 356 Principum
418 315 470 341 ex
500 301 576 341 alto
607 301 802 341 descendi.

274 433 469 476 Maiorum
496 449 610 490 porro
636 434 855 488 Principum
878 434 1031 474 nomina
1052 435 1147 476 haec
1172 449 1259 476 esse
1282 443 1482 477 memorat.
1543 434 1588 477 In
1613 451 1677 478 su-

164 517 319 557 premo,
352 503 546 556 inquiunt,
580 502 672 542 orbe
695 501 837 541 residet
862 499 952 551 Iao,
993 502 1031 541 in
1062 503 1230 542 secundo
1254 501 1417 554 83611111,
1450 503 1483 543 15
1505 504 1568 558 qui
1597 512 1678 545 stu—

165 570 244 625 pris
277 585 321 611 ac
345 569 564 610 libidinibus
590 574 762 623 praeest3
806 567 843 606 in
870 567 984 607 tertio
1013 567 1180 618 8611135,
1213 569 1250 609 13
1277 577 1411 623 quarto
1433 569 1568 611 Daden
1599 579 1678 612 513-

165 645 296 678 tuunt:
331 638 466 692 quippe
489 643 661 690 quartum
684 648 772 674 esse
797 634 945 674 coelum
968 642 1220 686 asseverant,
1253 643 1291 676 et
1316 637 1490 689 tertium,
1524 653 1567 679 ac
1592 653 1677 679 rur-

165 718 230 745 sus
251 705 444 758 quintum,
484 704 522 743 in
549 716 621 756 quo
648 700 834 740 Eloaeum
864 701 1075 752 collocant,
1110 702 1174 755 qui
1199 703 1297 742 idem
1329 710 1366 743 et
1387 703 1596 745 Adonaeus
1622 707 1677 747 di-

165 772 278 812 citur.
339 772 394 812 At
426 777 575 810 sextum
612 781 800 821 occupare
835 768 970 808 volunt
1001 769 1063 808 alii
1095 767 1337 819 laldabaoth,
1377 769 1563 812 Elilaeum
1595 774 1674 814 alii.

167 837 245 879 Sed
270 846 307 879 et
332 838 529 892 septimum
552 848 637 875 esse
661 834 830 874 nonnulli
851 835 1049 886 definiunt,
1078 836 1138 875 cui
1160 834 1330 876 Sabaoth
1351 836 1529 878 insideat.
1564 839 1676 893 Quod

167 906 212 946 ab
239 906 322 946 aliis
343 910 517 956 negatur,
544 900 606 954 qui
632 899 851 941 laldabaoth
874 901 1073 956 septimam
1096 902 1198 942 illam
1222 904 1425 943 stationem
1448 906 1672 948 attribuunt.

166 972 208 1013 ln
237 980 372 1013 octavo
395 968 600 1009 Barbeloni
632 968 861 1008 domicilium
892 982 978 1009 esse
1011 970 1179 1023 fingunt,
1213 984 1284 1010 nec
1311 985 1386 1010 non
1416 979 1454 1011 et
1477 973 1677 1014 universo-

165 1055 249 1081 rum
269 1037 424 1079 Parenti
445 1035 497 1075 illi
519 1035 579 1088 qni
605 1034 704 1074 idem
732 1035 907 1075 dominus
936 1036 1009 1087 sit,
1042 1044 1081 1076 et
1107 1037 1366 1091 suimetipsius
1390 1046 1513 1092 pater,
1547 1055 1676 1094 quem-

167 1106 362 1148 admodum
385 1111 422 1143 et
443 1102 552 1142 alteri
572 1102 721 1142 cuidam
743 1100 923 1153 Christo,
958 1104 1019 1157 qui
1046 1117 1113 1158 per
1137 1117 1224 1144 sese
1253 1105 1303 1144 sit
1324 1105 1362 1144 in
1387 1105 1510 1145 lucem
1534 1108 1672 1148 editus.

168 1173 266 1214 Tum
288 1185 379 1211 vero
406 1167 603 1211 Christum
625 1168 763 1209 ibidem
790 1170 912 1224 ipsum
939 1171 1142 1220 collocant,
1175 1172 1237 1224 qui
1263 1172 1309 1212 de
1333 1172 1441 1212 coelo
1464 1173 1674 1224 descendit,

166 1247 204 1280 et
224 1237 409 1279 eiusmodi
433 1235 703 1291 Cognitionem
726 1236 890 1277 humano
913 1238 1047 1291 generi
1073 1239 1247 1290 contulit,
1281 1253 1390 1293 quem
1413 1240 1527 1280 etiam
1550 1243 1678 1296 appel-

163 1307 278 1347 latum
312 1306 432 1345 fuisse
462 1303 588 1344 lesum
622 1304 857 1358 praedicant.
918 1304 1065 1345 Verum
1103 1307 1263 1346 eundem
1298 1314 1442 1360 negant
1474 1308 1518 1347 de
1549 1307 1676 1350 Maria

163 1380 316 1421 natum,
360 1372 427 1412 sed
463 1386 531 1426 per
560 1370 725 1411 Mariam
754 1378 949 1412 ostensum
983 1379 1185 1423 asserunt3
1228 1387 1352 1427 neque
1380 1388 1535 1414 carnem
1566 1377 1679 1417 aliter

161 1454 271 1494 quam
298 1440 425 1494 specie
448 1439 530 1494 ipsa
557 1438 790 1492 suscepisse.
835 1438 948 1492 Quod
973 1440 1017 1479 ad
1043 1437 1210 1480 Sabaoth
1242 1442 1423 1495 pertinet,
1457 1443 1556 1483 hunc
1579 1444 1676 1484 asini

161 1507 327 1561 quidam,
361 1506 422 1546 alii
445 1506 550 1561 porci
573 1507 692 1560 figura
717 1513 896 1546 constare
921 1514 1095 1547 censent.
1142 1505 1202 1548 Oh
1224 1507 1336 1562 idque
1359 1507 1526 1560 ludaeis,
1552 1511 1673 1562 aiunt,

161 1574 283 1615 suillis
312 1574 491 1614 carnibus
523 1573 793 1613 interdixerat.
854 1572 967 1614 Hunc
1000 1588 1086 1614 esse
1121 1575 1229 1615 coelo
1267 1583 1468 1630 terraeque
1504 1579 1676 1618 condito-

161 1655 263 1692 rem,
297 1648 375 1681 tum
399 1654 530 1681 eorum
561 1640 622 1694 qui
655 1649 942 1694 consequuntur
975 1642 1198 1682 coelestium
1222 1643 1392 1694 orbium,
1432 1645 1675 1698 angelorum-

163 1723 235 1762 que
268 1723 440 1748 suorum.
502 1706 626 1748 Porro
661 1707 934 1761 digredientem
970 1709 1058 1749 111116
1087 1709 1250 1749 animam
1286 1724 1354 1764 per
1388 1711 1473 1751 illos
1510 1713 1675 1753 transire

162 1775 377 1830 Principes,
411 1789 533 1829 neque
559 1783 683 1815 tamen
706 1782 906 1829 penetrare
926 1791 1063 1830 posse,
1097 1777 1170 1817 11151
1199 1775 1431 1831 Cognitione
1452 1779 1511 1819 illa
1534 1780 1676 1834 plenis-

163 1843 258 1883 sime
290 1845 443 1898 perfusa
471 1844 609 1892 fuerit,
643 1843 704 1883 vel
729 1843 1058 1884 comdemnatione
1083 1844 1233 1898 potius3
1267 1860 1338 1898 qua
1363 1846 1512 1899 quidem
1545 1861 1675 1888 cumu-

161 1911 236 1950 lata
265 1909 485 1965 Principum
519 1912 679 1950 istorum
709 1924 753 1950 ac
783 1908 1018 1951 Potestatum
1050 1926 1184 1952 manus
1219 1912 1389 1966 effugiat.
1450 1914 1609 1954 Addunt
1638 1923 1676 1955 et

162 1977 273 2018 huius
307 1978 435 2018 mundi
457 1976 681 2018 Praesidem
712 1978 888 2018 draconis
920 1979 1081 2031 effigiem
1108 1980 1271 2031 habere,
1304 1981 1350 2020 ab
1375 1995 1498 2035 eoque
1528 1981 1675 2022 animas

162 2045 362 2085 absorberi
390 2043 623 2099 Cognitione
646 2044 710 2084 1113
736 2045 960 2096 destitutas,
992 2060 1220 2101 rursumque
1246 2061 1315 2102 per
1335 2049 1492 2089 caudam
1515 2049 1553 2089 in
1576 2050 1674 2090 hunc

161 2113 342 2153 mundum
365 2113 530 2153 refundi.
573 2111 639 2152 Ex
659 2127 734 2166 quo
755 2111 935 2168 deinceps
953 2112 991 2153 13
1018 2128 1221 2168 porcorum
1244 2115 1480 2170 aliorumque
1501 2116 1673 2157 animan-

161 2180 255 2220 tium
281 2194 443 2235 corpora
466 2181 680 2220 transfusae
701 2192 769 2234 per
790 2180 921 2220 eadem
942 2181 1066 2221 denuo
1087 2181 1253 2236 vestigia
1275 2197 1425 2223 sursum
1446 2184 1670 2224 efferantur.

164 2245 275 2300 Quod
305 2248 338 2287 si
368 2247 473 2301 quis,
516 2248 641 2296 aiunt,
684 2260 730 2286 63
762 2247 876 2287 fuerit
897 2245 1129 2302 Cognitione
1161 2250 1377 2303 praeditus,
1412 2265 1573 2304 seseque
1605 2266 1673 2306 per

163 2321 357 2355 menstrua
383 2315 448 2355 illa
472 2329 515 2355 ac
536 2313 702 2354 libidinis
731 2314 989 2369 profusionem
1016 2330 1068 2356 ex
1086 2317 1157 2356 hoc
1179 2317 1318 2357 mundo
1344 2318 1557 2371 collegerit,
1585 2333 1669 2359 eum

163 2380 256 2421 311111
283 2382 341 2422 1116
368 2382 530 2422 detineri
554 2381 738 2435 amplius,
778 2383 844 2422 sed
869 2396 936 2423 eos
960 2397 1054 2437 quos
1085 2384 1250 2424 diximus
1277 2387 1537 2439 praetergredi
1561 2385 1672 2427 Prin-

163 2449 288 2503 cipes,
322 2457 361 2489 et
383 2450 429 2489 ad
449 2447 617 2489 Sabaoth
650 2462 769 2503 usque
791 2450 1015 2504 pervenire,
1048 2457 1161 2505 atque
1186 2451 1286 2492 illius
1311 2454 1532 2507 proculcare
1559 2462 1673 2509 capnt

162 2516 235 2568 (ita
256 2516 355 2556 enim
387 2516 573 2569 sacrilege
604 2522 716 2569 atque
747 2517 985 2571 impudenter
1010 2519 1230 2573 effutiunt),
1273 2520 1437 2574 indeque
1463 2522 1508 2561 ad
1538 2535 1671 2576 supre-

162 2597 264 2623 mum
296 2583 388 2624 illud
416 2582 643 2623 domicilium
674 2584 859 2636 evadere,
900 2585 964 2626 ubi
994 2586 1205 2627 viventium
1238 2594 1363 2627 mater
1394 2596 1454 2628 est
1478 2587 1668 2641 Barbero,

163 2664 261 2703 quae
288 2657 326 2691 et
356 2650 402 2690 ab
434 2650 509 2690 illis
531 2648 696 2691 Barbelo
723 2652 873 2693 dicitur.
933 2652 1044 2694 Hanc
1070 2667 1158 2694 esse
1189 2654 1338 2695 animae
1368 2657 1556 2696 rationem
1590 2657 1671 2697 adi-

163 2717 367 2772 piscendae
391 2717 539 2758 salutis.
600 2715 696 2758 Illud
719 2733 812 2760 vero
837 2727 1036 2775 praeterea
1059 2720 1233 2762 infelices
1259 2721 1311 2762 illi
1337 2723 1383 2763 ad
1414 2723 1576 2765 fabulam
1606 2726 1670 2765 ad-

208 2884 238 2917 3.
263 2885 406 2920 ἐνταῦῇα
431 2888 495 2919 cod.
520 2889 615 2919 Vatic.
985 2891 1014 2923 5.
1039 2888 1124 2933 φησὶ
1147 2893 1235 2924 codd.
1259 2893 1383 2933 Rhediy.
1405 2894 1498 2924 Vatic.

209 2928 238 2961 4·
263 2931 364 2974 φησὶν
388 2934 476 2965 codd.
499 2935 594 2965 Vatic.
617 2934 742 2974 Rhediy.

1702 442 1780 486 Cap.
1801 445 1846 476 X.
