2034 3267
470 171 644 203 PANAnn
670 172 751 204 ΜΒ.
772 174 796 204 t.
818 173 923 205 ToM.
945 173 1000 205 111.
1024 173 1153 205 HAER.
1170 173 1335 205 xxxix.
1582 164 1662 203 527

142 264 258 305 porro
283 250 469 291 imbecilla
492 265 535 291 ac
557 265 656 291 vana
679 251 756 292 sint
779 266 876 306 quae
899 252 944 292 ab
964 252 1037 292 illis
1059 253 1290 303 iactantur„
1308 266 1420 292 nemo
1443 266 1519 292 non
1543 251 1660 292 videt.

141 317 280 372 Neque
308 317 409 357 enim
436 319 509 358 duo
537 319 677 358 conditi
703 327 792 360 sunt
818 320 1014 370 homines,
1048 321 1113 360 sed
1143 334 1239 360 unus
1265 321 1451 360 duntaxat
1477 320 1663 368 Adamus,

141 399 160 425 a
193 400 267 439 quo
301 383 397 426 Cain
430 393 468 426 et
493 386 590 426 Abel
622 385 840 440 Setltusque
871 387 1005 441 geniti.
1069 387 1171 427 Tum
1202 388 1371 441 reliquae
1404 388 1583 441 deinceps
1616 387 1659 426 ad
1681 396 1797 426 Gen.5.

141 453 322 493 diluvium
354 467 472 508 usque
500 455 772 507 generationes
803 469 878 494 non
908 469 929 494 a
955 454 1101 494 duobus
1130 454 1370 504 hominibus,
1415 455 1480 494 sed
1509 468 1560 494 ex
1589 468 1663 494 uno

142 520 264 560 solum
294 522 437 575 capite,
471 521 650 562 nimirum
674 523 846 572 Adamo,
881 523 1051 576 profecta
1079 528 1181 561 sunt.
1243 520 1321 562 Sed
1349 529 1384 561 et
1409 521 1454 561 ab
1481 536 1556 561 uno
1580 535 1664 561 rur-

140 601 207 628 sus
228 587 382 629 Not-fimo
407 597 493 643 post
515 589 718 640 diluvium,
752 604 826 629 non
852 603 872 629 a
896 589 1075 638 diversis,
1109 589 1391 643 insequentium
1417 589 1526 642 origo
1549 590 1665 629 dedu—

140 655 264 707 citur,
307 671 328 696 a
350 655 504 698 Noemo
528 657 704 711 inquam,
739 657 801 710 qui
824 671 844 696 e
868 654 975 697 Sethi
1001 657 1179 711 prosapia
1203 657 1293 707 suit,
1326 670 1448 710 genus
1472 657 1664 696 hominum

140 737 253 763 omne
277 724 489 765 derivatum
517 732 597 774 est,
641 739 715 764 non
739 725 912 764 bifariam
937 724 1122 773 divisum,
1167 725 1233 763 sed
1257 738 1329 763 una
1352 724 1470 778 stirpe
1495 738 1665 778 compre-

141 791 317 832 hensum.
379 791 444 832 Ex
468 806 540 846 qua
564 798 637 831 tam
661 790 860 842 Noe'mus‚
893 805 1004 845 quam
1028 790 1110 831 eius
1134 805 1235 831 uxor
1259 791 1421 846 prodiit,
1456 805 1663 845 eorumque
1685 802 1758 828 Gen.
1779 803 1817 829 11.

140 859 251 899 liberi
283 858 397 910 Sem,
432 857 578 908 Cham,
613 857 768 913 taphet:
804 873 875 899 nec
907 873 982 898 non
1014 867 1052 898 et
1082 859 1320 912 singulorum
1349 858 1560 912 coniuge83
1604 859 1665 912 qui

141 927 292 980 quidem
326 940 459 967 omnes
490 927 603 967 unius
635 940 655 966 e
685 924 795 966 Sethi
826 940 970 980 genere
996 927 1186 981 procreati
1214 934 1326 977 sunt,
1371 941 1445 966 non
1473 940 1493 966 a
1521 926 1667 966 duobus

141 994 358 1035 hominibus
381 993 576 1049 producti,
620 994 680 1048 qui
707 1008 897 1048 nunquam
923 994 962 1034 in
989 994 1103 1034 terris
1130 995 1306 1043 fuerunt,
1351 994 1665 1048 quemadmodum

141 1061 204 1103 isti
237 1062 466 1102 fabulantur.

250 1128 406 1169 Atenim
439 1135 566 1169 certos
598 1128 716 1170 libros
747 1129 1045 1170 clarissimorum
1079 1129 1249 1170 virorum
1280 1129 1498 1170 nominibus
1529 1129 1664 1169 inscri-
1691 1131 1766 1174 Cup.
1789 1133 1826 1163 V-

141 1204 224 1253 ptos
249 1197 538 1237 circumferunt.
601 1196 665 1237 Ex
689 1197 825 1251 quibus
848 1205 994 1252 septem
1019 1197 1174 1238 omnino
1200 1196 1322 1238 Setlto
1345 1197 1539 1247 tribuunt,
1574 1197 1668 1237 alios

141 1279 236 1305 vero
255 1260 505 1317 Ἀλλογενεῖς,
541 1265 611 1304 hoc
637 1271 696 1305 est
717 1265 873 1319 generis
898 1265 1078 1315 alterius,
1114 1272 1348 1319 nuncupant.
1410 1264 1484 1305 Est
1507 1272 1544 1305 et
1571 1265 1668 1305 alins

139 1333 237 1373 liber
266 1333 363 1373 salso
391 1333 576 1373 Abraami
603 1333 778 1384 nomine,
813 1348 923 1387 quem
951 1347 1019 1387 pro
1044 1332 1281 1388 Apocalypsi
1309 1333 1530 1382 venditant,
1565 1333 1667 1372 omni

140 1401 312 1455 nequitia
337 1402 521 1441 refertus.
582 1399 745 1441 Praeter
766 1415 878 1454 quem
903 1401 1063 1441 alterum
1085 1415 1107 1441 a
1127 1398 1268 1455 Moyse
1283 1432 1292 1450 ,
1326 1400 1496 1454 reliquos
1518 1400 1564 1440 ab
1585 1400 1669 1440 aliis

140 1468 264 1509 editos
288 1482 374 1508 esse
397 1469 648 1509 mentiuntur.
711 1469 772 1508 Ad
796 1469 913 1519 haec,
947 1483 1044 1522 quae
1068 1476 1125 1508 est
1148 1468 1298 1508 illorum
1323 1468 1513 1508 stoliditas
1536 1483 1580 1508 ae
1602 1483 1665 1508 ve·

141 1536 294 1586 cordia,
327 1550 491 1576 uxorem
515 1534 623 1577 Sethi
652 1536 845 1577 Horaeam
872 1536 1003 1576 nescio
1029 1551 1140 1590 quam
1166 1534 1389 1576 nominatim
1413 1543 1568 1576 vocant.
1624 1534 1667 1575 ln

141 1619 215 1659 quo
240 1604 351 1654 vide,
394 1618 560 1658 quaeso,
602 1618 711 1658 quam
738 1605 853 1658 inepti
879 1604 977 1653 sint,
1020 1611 1062 1644 ut
1085 1604 1234 1644 illorum
1263 1604 1367 1643 velut
1388 1603 1543 1644 scenica
1566 1617 1668 1643 com-

142 1679 269 1712 menta
308 1672 631 1726 stultissimasque
669 1672 816 1712 fabulas
859 1685 903 1710 ac
944 1678 1090 1711 temere
1130 1671 1290 1711 conficta
1330 1671 1526 1711 mendacia
1565 1671 1666 1711 omni

141 1753 192 1780 ex
213 1747 320 1795 parte
345 1740 593 1780 condemnes.
654 1738 757 1780 Nam
781 1754 864 1779 cum
889 1739 1096 1778 nonnullae
1123 1739 1199 1778 sint
1223 1739 1422 1788 haereses,
1455 1753 1552 1792 quae
1579 1737 1666 1779 Vim

141 1809 327 1862 quandam
359 1821 447 1848 esse
478 1813 648 1847 statuunt
679 1821 774 1861 quae
803 1806 957 1846 Horaea
993 1807 1234 1857 nominetur,
1279 1806 1330 1846 illi
1358 1805 1446 1846 Vim
1481 1806 1667 1846 eiusmodi

142 1875 412 1930 Horacamqne
439 1873 548 1916 Sethi
580 1875 779 1928 coniugem
810 1874 988 1915 extitisse
1017 1875 1254 1929 praedicant.
1319 1873 1382 1914 Ex
1410 1889 1483 1928 quo
1512 1875 1669 1914 demon-

142 1944 257 1986 strari
273 1976 283 1994 ,
315 1951 354 1984 ut
378 1944 539 1993 videtis,
572 1943 661 1983 illud
684 1949 810 1997 potest
831 1939 1021 1982 hominem
1046 1943 1166 1982 fuisse
1189 1942 1350 1983 Sethum
1368 1942 1496 1993 illum,
1531 1956 1601 1982 nec
1624 1942 1669 1982 ab

142 2012 228 2053 aliis
252 2012 400 2066 origine
424 2011 641 2060 diversum,
676 2017 804 2065 utpote
831 2007 943 2051 Caini
967 2018 1002 2050 ct
1028 2010 1140 2050 Abeli
1165 2024 1412 2064 germanum,
1446 2009 1492 2050 ab
1516 2011 1670 2050 iisdem-

143 2094 216 2135 que
241 2080 463 2135 parentibus
489 2079 525 2118 in
552 2079 674 2119 lucem
700 2079 857 2118 editum.
921 2082 1101 2130 Cognovit
1122 2082 1235 2126 enim,
1279 2085 1318 2118 ut.
1344 2077 1534 2132 scriptura
1558 2078 1664 2129 dicit,
1686 2090 1759 2118 Gen.
1778 2093 1803 2127 ιι,
1824 2093 1845 2120 1.

143 2151 266 2189 Adam
291 2163 441 2187 uxorem
463 2161 566 2185 suam
588 2150 717 2193 Evam,
751 2160 844 2198 quae
865 2150 1043 2198 concepit,
1077 2155 1115 2185 et
1129 2149 1275 2198 peperit
1297 2148 1400 2184 Cain.
1463 2145 1548 2185 Hoc
1569 2145 1669 2185 enim

143 2216 179 2257 ei
207 2230 346 2256 nomen
374 2214 578 2269 imposuit,
624 2214 721 2268 quod
750 2214 1035 2268 possessionem
1064 2214 1279 2268 significat,
1325 2214 1478 2263 dicens,
1522 2216 1674 2252 Possedi

132 2286 261 2336 filiunt
293 2299 364 2335 per
395 2286 577 2322 dominum
609 2284 727 2320 deum.
791 2282 851 2321 Ae
885 2296 1020 2322 rursus
1054 2282 1214 2322 Abelum
1251 2280 1410 2336 peperit.
1474 2283 1665 2332 Cognovit,

144 2352 287 2406 inquit,
321 2354 443 2391 Adam
469 2353 583 2390 Evam
608 2352 798 2400 coniugem
821 2364 945 2397 sumn,
980 2365 1074 2402 quae
1094 2352 1279 2401 concepit,
1314 2357 1352 2387 et
1364 2352 1512 2400 peperit
1521 2350 1664 2399 filium,

144 2435 247 2473 quem
277 2421 435 2459 Abelzcm
467 2421 619 2457 vocavit.
684 2416 786 2457 Tum
821 2417 948 2457 multis
979 2418 1193 2458 interiectis
1227 2423 1312 2471 post
1342 2416 1454 2456 Abeli
1489 2423 1666 2465 mortem,

148 2491 348 2540 Cognovit,
392 2486 536 2541 inquit,
579 2487 700 2524 Adam
737 2499 886 2524 uxorem
923 2488 1058 2533 Evam,
1103 2500 1195 2537 quae
1231 2487 1414 2535 concepit,
1459 2491 1494 2522 et
1525 2487 1673 2535 peperit

134 2557 286 2607 filium,
331 2563 370 2594 et
398 2557 540 2594 vocavit
569 2555 739 2599 Sethnm,
785 2554 882 2606 quod
913 2552 1265 2608 compensationem
1293 2558 1418 2591 sonat.
1480 2554 1671 2590 Excitavit

147 2627 263 2671 enim,
309 2623 455 2677 inquit,
499 2624 591 2660 milei
620 2623 707 2659 dens
739 2624 887 2672 stirpem
914 2637 986 2673 pro
1018 2623 1161 2668 Abelo,
1203 2635 1305 2672 quem
1339 2621 1528 2671 interfecit
1560 2622 1664 2658 Cain.

149 2690 229 2731 Iam
257 2705 340 2731 cum
366 2691 420 2730 ita
443 2689 633 2743 loquitur:
665 2691 817 2728 Possedi
833 2691 1010 2729 hominem
1030 2704 1100 2741 per
1119 2692 1243 2735 deum,
1279 2694 1340 2737 ct,
1371 2690 1565 2726 Excitavit
1582 2689 1674 2725 milei

147 2760 256 2806 deus,
302 2771 418 2798 unum
443 2771 531 2798 esse
558 2757 669 2797 deum
693 2756 856 2807 indicat,
899 2757 962 2811 qui
989 2764 1028 2797 et
1052 2757 1236 2797 universa
1260 2754 1496 2806 condiderit,
1539 2761 1578 2795 et
1602 2768 1669 2794 eos

148 2826 253 2880 ipsos
277 2826 339 2880 qui
363 2825 481 2879 geniti
509 2832 596 2865 sunt
622 2824 786 2877 benigne
812 2825 1065 2866 concesserit.
1128 2821 1240 2876 Quod
1268 2836 1362 2863 vero
1390 2836 1534 2863 uxores
1558 2822 1669 2863 ambo
