2034 3267
424 166 601 199 PANARn
626 167 707 200 Lm.
726 168 751 199 1.
774 167 879 200 ΤοΜ.
899 168 955 200 ῐῐῐ.
978 167 1107 201 HAER.
1128 168 1306 201 xxxvii.
1542 161 1619 202 503

109 259 181 300 que
206 246 261 286 sic
284 245 476 286 immissus
506 244 623 285 Evam
650 246 796 286 fefellit.
860 245 958 286 Huic
984 247 1083 286 enim
1109 247 1328 288 auscultans
1357 248 1419 289 illa
1443 254 1619 303 tanquam

110 313 168 353 dei
196 313 272 353 filio
298 313 406 353 facile
437 320 476 353 ut
500 314 545 352 dc
572 313 710 353 arbore
738 313 921 354 scientiae
950 321 1174 354 vesceretur
1197 315 1234 354 in
1261 315 1425 356 animum
1454 316 1618 357 induxit.

1408 387 1424 401 .

219 445 367 487 Deinde
394 454 590 502 postquam
618 448 740 489 aniles
767 449 861 488 istas
888 462 1008 501 nugas
1037 462 1080 488 ae
1106 449 1263 489 ridicule
1290 450 1489 492 affectatas
1517 451 1622 493 sabu-

107 515 162 555 las
187 514 256 554 ltoc
276 515 387 554 modo
409 523 704 570 proposuerunt,
733 516 915 568 tragicum
937 516 1122 568 quendam
1143 516 1353 556 istiusmodi
1375 526 1513 568 actum,
1540 521 1621 561 sive

107 582 293 622 comicum
315 583 455 636 potiuS‚
489 582 734 622 instituentes
757 582 937 622 nonnulla
960 584 1003 621 ad
1027 583 1132 622 lictus
1152 584 1234 622 illos
1259 584 1349 624 deos
1371 587 1622 640 comproban-

107 650 175 689 dos
196 649 234 689 in
260 651 420 689 medium
441 650 618 690 afferunt.
679 649 844 699 Nonne,
877 649 1066 702 inquiunt,
1100 657 1137 689 et
1158 649 1337 690 intestina
1359 660 1505 702 nostra,
1540 655 1620 707 qui-

107 717 176 756 bus
203 717 366 757 vivimus
391 724 429 756 et
454 717 612 766 alimur,
645 717 834 771 serpentis
859 718 1018 769 effigiem
1046 718 1246 757 referunt?
1304 718 1461 759 Addunt
1487 728 1524 760 ct.
1548 722 1620 762 alia

106 784 308 838 pleraque,
356 798 451 838 quae
485 785 530 824 ad
565 798 737 824 errorum
771 798 813 823 ac
846 784 1064 824 deliriorum
1094 798 1248 824 suorum
1279 786 1484 826 faciendam
1512 790 1621 830 tidem

105 852 360 893 sectatoribus
390 853 470 892 suis
500 851 696 891 obiiciunt.
757 849 967 904 Propterea
1002 851 1124 902 enim,
1166 851 1361 906 inquiunt,
1403 863 1621 909 serpentem

105 919 286 969 colimus,
327 921 425 974 quod
451 919 543 958 deus
568 918 640 958 istc
666 918 891 958 multitudini
920 918 1111 959 hominum
1135 919 1320 960 scientiae
1345 935 1388 961 ac
1411 924 1625 975 cognitioni·

106 1001 279 1027 caussam
306 986 445 1027 attulit.
506 984 727 1026 laldabaoth
751 999 952 1040 supremae
974 985 1114 1026 Matris
1135 1001 1178 1026 ac
1199 986 1377 1029 Parentis
1399 991 1620 1031 memoriam

106 1055 311 1095 extinctam
342 1055 442 1094 inter
470 1054 643 1093 homines
674 1067 762 1093 esse
788 1053 979 1107 cupiebat.
1042 1052 1119 1094 Sed
1147 1055 1193 1094 iis
1224 1057 1416 1110 persuasit
1440 1071 1616 1113 serpens,

104 1137 149 1162 ac
179 1122 375 1163 scientiam
407 1121 646 1176 importavit,
688 1128 879 1175 totamque
902 1122 996 1161 adeo
1022 1122 1236 1162 divinorum
1261 1125 1531 1178 mysteriorum
1556 1140 1619 1167 co-

104 1191 313 1245 guitionem
342 1203 426 1229 cum
459 1189 542 1229 viro
573 1203 616 1229 ac
648 1189 806 1229 muliere
832 1190 1140 1230 communicavit.
1204 1188 1263 1230 Ob
1294 1191 1330 1231 id
1356 1191 1477 1233 iratus
1505 1192 1620 1234 l'ater

105 1256 346 1307 laldabaotli,
392 1270 436 1296 ae
468 1256 677 1296 derivatam
707 1256 745 1296 in
775 1256 860 1297 illos
891 1257 1074 1297 eiusmodi
1106 1258 1302 1298 scientiam
1335 1259 1463 1314 iniquo
1493 1261 1618 1302 animo

106 1326 255 1375 serens,
300 1338 320 1363 e
351 1324 459 1364 coelo
486 1323 589 1364 illum
618 1324 807 1365 deturbat.
871 1322 962 1364 lude
986 1339 1115 1378 regem
1142 1339 1161 1365 e
1188 1326 1296 1366 coelo
1319 1327 1510 1382 delapsum
1536 1344 1618 1370 ser-

103 1399 252 1447 pentem
284 1405 370 1432 esse
399 1391 572 1432 dictitant
602 1393 626 1431 ii
659 1392 720 1445 qni
753 1406 828 1431 non
855 1392 1012 1432 alterius
1038 1407 1080 1432 se
1105 1408 1214 1447 quam
1237 1397 1427 1448 serpentis
1450 1398 1618 1451 partibas

102 1460 346 1500 addixerunt.
408 1458 531 1514 Igitur
556 1467 712 1514 propter
742 1460 838 1500 hanc
869 1460 915 1499 ab
942 1460 1004 1500 illo
1030 1475 1252 1501 concessam
1278 1463 1475 1504 scientiam
1500 1479 1618 1506 vene-

101 1528 179 1568 rari
205 1541 247 1568 se
271 1535 488 1583 serpentem
511 1529 698 1578 fatentur,
731 1528 840 1581 eique
866 1542 1000 1582 panem
1029 1529 1185 1583 insuper
1209 1530 1407 1571 obiiciunt.
1469 1531 1615 1573 Verum

101 1596 237 1650 quippe
262 1603 478 1651 serpentem
506 1597 543 1636 in
571 1596 664 1635 cista
692 1596 884 1645 nutriunt,
928 1610 1037 1649 quem
1063 1597 1331 1652 mysteriorum
1359 1606 1527 1654 tempore
1550 1600 1617 1641 sti-

101 1664 197 1719 patis
218 1664 262 1703 ad
286 1663 367 1703 eius
392 1677 595 1704 cavernam
619 1664 655 1703 in
676 1677 806 1703 mensa
833 1663 991 1717 panibus
1012 1665 1195 1705 invitant:
1229 1665 1337 1720 isque
1360 1675 1492 1721 aperto
1517 1669 1615 1709 fora-

101 1732 201 1772 mine
224 1746 244 1771 e
268 1730 423 1771 latebris
447 1732 631 1786 erumpit,
665 1739 778 1785 atque
799 1731 860 1771 ubi
886 1746 953 1785 pro
977 1746 1046 1771 sua
1072 1733 1276 1774 calliditate
1299 1734 1544 1775 stoliditatem
1573 1737 1616 1776 il-

100 1799 221 1839 lorum
243 1799 413 1852 agnovit,
448 1813 614 1840 mensam
638 1799 902 1839 conscendens
924 1800 1064 1840 circum
1088 1815 1205 1855 panes
1227 1802 1455 1856 implicatur.
1503 1803 1614 1844 Hanc

101 1867 425 1907 absolutissimum
457 1881 543 1907 esse
575 1867 800 1907 sacrificium
830 1875 1003 1907 censent.
1066 1867 1199 1920 Unde,
1244 1877 1284 1909 ut
1313 1884 1334 1910 a
1366 1871 1525 1924 quodam
1554 1885 1616 1912 ac-

102 1934 205 1988 cepi,
248 1949 323 1975 non
356 1936 466 1975 modo
498 1949 614 1990 panes
645 1935 740 1975 istos
766 1935 901 1989 quibus
927 1936 1223 1977 circumvolutus
1249 1945 1308 1977 est
1329 1952 1488 1992 serpens
1513 1940 1615 1979 fran-

101 2009 195 2056 gunt
224 2016 267 2042 ac
297 2003 549 2053 distribuunt,
592 2003 658 2042 sed
691 2003 803 2042 etiam
837 2004 993 2057 quilibet
1023 2005 1175 2045 admoto
1206 2020 1272 2046 ore
1299 2014 1515 2061 serpentem
1545 2021 1614 2048 ex-

102 2070 317 2120 osculatur,
349 2071 432 2110 sive
456 2070 695 2110 cantionibus
719 2070 939 2124 quibusdam
962 2073 1005 2112 ad
1028 2074 1356 2114 mansuetudinem
1379 2074 1499 2115 bestia
1520 2075 1614 2115 mol-

101 2137 212 2188 litur,
253 2138 335 2178 sive
367 2139 440 2178 alio
472 2138 666 2178 daemonis
699 2139 857 2179 artificio
885 2140 1047 2180 innocua
1080 2141 1262 2181 redditur.
1323 2141 1434 2182 Hanc
1465 2142 1613 2196 quidem

102 2206 263 2246 adorant
285 2206 413 2246 miseri
436 2213 474 2246 et
494 2206 761 2246 eucharistiam
785 2215 939 2259 vocant,
971 2222 1053 2249 cnm
1077 2209 1271 2264 appositos
1294 2223 1408 2264 panes
1432 2210 1613 2250 tortuosis

101 2273 263 2314 flexibus
294 2288 338 2314 ac
364 2273 767 2315 circumvolutionibus
793 2276 982 2317 ambierit.
1044 2277 1103 2317 Ac
1128 2278 1275 2317 demum
1299 2291 1514 2332 supremum
1549 2293 1613 2332 pa-

101 2347 248 2382 rentem
279 2355 346 2396 per
374 2341 501 2392 illum,
536 2348 576 2382 nt
605 2342 731 2392 aiunt,
766 2343 1003 2385 celebrantes
1034 2345 1217 2401 mysteria
1249 2359 1317 2386 sua
1348 2344 1561 2400 perficiunt.

212 2476 319 2531 Quas
351 2477 499 2532 quidem
532 2477 694 2532 ineptias
726 2480 955 2521 vanissimas
985 2494 1072 2522 esse
1103 2481 1340 2536 ludibrioque
1370 2481 1611 2536 dignissimas

102 2558 213 2585 nemo
237 2560 312 2585 non
338 2546 501 2596 dixerit,
544 2560 667 2599 neque
691 2560 784 2588 vero
809 2547 946 2589 divinis
973 2563 1023 2590 ex
1045 2550 1231 2604 scriptura
1256 2550 1486 2605 depromptis
1507 2551 1612 2591 testi-

103 2612 239 2653 moniis
270 2613 395 2654 aerius
422 2614 675 2665 refellendas,
723 2629 807 2655 cum
838 2629 905 2670 per
935 2631 1022 2657 sese
1049 2618 1225 2668 cuilibet,
1270 2617 1331 2671 qui
1357 2618 1405 2658 sit
1430 2619 1611 2659 nonnullo

103 2678 256 2733 ingenio
289 2682 481 2736 praeditus
514 2696 624 2735 quam
655 2682 853 2724 ridiculum
885 2684 935 2724 sit
966 2692 1083 2725 totum
1115 2686 1204 2725 illud
1236 2686 1424 2739 negotium
1457 2687 1612 2726 demon-

103 2748 214 2787 strari
239 2749 373 2802 possit.
433 2749 541 2790 Nihil
567 2751 665 2790 enim
694 2758 844 2805 praeter
870 2753 1212 2808 contemptissimas
1241 2754 1385 2794 fabulas
1410 2768 1453 2794 ac
1480 2755 1611 2795 deliria

102 2870 292 2913 πανουργίαν
312 2869 380 2916 ἥδη
395 2871 566 2916 γινώσκων
586 2873 645 2915 τήν
660 2876 835 2907 desideran-
929 2877 1003 2909 Car.
1024 2878 1077 2909 Vl.
1104 2897 1143 2902 -
1177 2878 1203 2910 1.
1229 2880 1380 2919 Rescripsz·
1402 2880 1457 2914 δεῖ
1473 2889 1529 2919 pro
1553 2879 1611 2919 εἰς,

103 2919 151 2946 tur
180 2918 210 2947 in
238 2919 307 2948 edil.
330 2921 426 2958 princ.
473 2922 615 2960 Reposuit
636 2930 672 2952 ea
693 2923 837 2953 Pelavius
883 2924 962 2961 qnod
982 2933 1083 2954 Omnes
1101 2928 1196 2955 tenen!
1215 2926 1303 2963 libri,
1327 2926 1379 2956 sed
1396 2929 1516 2965 praeter
1531 2929 1611 2958 stru-

103 2969 139 2992 esc
163 2962 226 2993 cod,
252 2964 405 2996 Vaticano.
881 2971 1000 2999 claram
1023 2972 1110 3009 alque
1133 2971 1320 3001 sententiam.

1650 453 1726 498 Cap.
1749 455 1787 487 V.

1637 2486 1714 2531 Cap.
1734 2487 1788 2520 vl.
