2034 3267
206 435 270 463 pag.
296 427 350 453 160.

227 2801 371 2838 pag.lfiL

373 192 452 232 300
921 193 1080 226 SANCTI
1104 194 1326 226 EPn’HANn

373 278 438 318 καὶ
466 274 556 317 καθ’
584 272 729 326 ἡμέραν
757 269 1064 324 προς-φερομένη.
1127 267 1186 310 Οὐ
1211 269 1332 322 μόνον
1359 271 1400 312 δὲ
1425 271 1534 315 αὐτοὶ
1559 272 1827 328 προεφήτευον
1852 275 1893 315 οἱ

373 346 485 398 ἱερεῖς
503 339 747 393 λυθήσεσθαι
769 336 809 379 τό
837 336 1054 390 σάββατον,
1097 335 1162 377 διά
1185 341 1257 378 τοῦ
1280 336 1332 390 μὴ
1356 336 1505 393 άργεῖν,
1545 340 1636 382 άλλά
1657 343 1723 383 καὶ
1747 339 1844 394 αὕτη
1863 338 1889 393 ἦ

372 407 557 464 περιτομὴ
580 409 664 449 ἔλυε
689 406 732 448 τὸ
757 405 965 458 σάββατον.
1025 405 1275 457 Γεννωμένου
1303 406 1344 446 δὲ
1365 405 1508 455 παιδὸς
1532 408 1713 458 πολλάκις
1734 411 1774 451 ἐν
1797 411 1888 461 σαβ-

371 476 476 534 βάτῳ
498 473 692 530 άναίρεσις
718 479 735 503 ⁸
749 474 949 530 σαββάτου
971 471 1035 514 διά
1055 477 1261 527 περιτομῆς
1284 474 1433 528 ἐγίνετο.
1493 475 1604 516 Οῧτω
1622 483 1704 525 ταῖς
1724 475 1889 530 άμφοτέ-

373 562 458 599 ραις
480 543 505 597 ἦ
526 543 636 592 λύσις
660 544 973 597 προεθεσπίζετο.
1031 543 1238 582 Δείκνυται
1257 539 1330 596 γάρ
1352 540 1411 583 ὅτι
1432 543 1473 582 οἱ
1490 544 1776 596 περιτέμνοντες
1795 542 1888 585 adu}

372 612 413 654 τό
435 612 619 667 γεννηθὲν
639 612 680 652 ἐν
700 609 904 666 σαββάτῳ,
936 607 1001 650 έοὶν
1019 607 1236 661 θελήσωσιν
1257 607 1639 664 άκριβολογήσασθαι
1657 610 1727 664 τὴν
1747 610 1891 667 ὀγδόην

371 679 540 734 ἡμέραν,
573 677 811 733 εὑρίσκοντες
834 679 1099 730 ἐμπίπτουσαν
1121 677 1161 718 έν
1181 676 1382 734 σαββάτῳ,
1412 678 1478 718 καὶ
1497 677 1759 732 περιτεμόντες
1780 681 1892 734 ἔργον

372 747 618 803 εἰργάσαντο,
658 748 725 787 καὶ
755 745 797 787 τό
830 744 1026 798 σάββατον
1056 746 1211 786 ἔλυσαν·
1255 743 1322 786 ἐάν
1348 745 1389 786 δὲ
1414 742 1666 800 ὖπέρθωνται
1687 745 1752 787 διά
1775 746 1816 788 τὸ
1840 745 1892 799 μὴ

371 821 483 858 λῦσαι
512 815 554 858 τὸ
587 814 802 868 σάββατον,
844 812 960 871 ε’νάτῃ
994 811 1131 854 λοιπόν
1158 814 1425 867 περιτέμνουσι
1453 812 1525 866 τὴν
1557 812 1789 868 περιτομὴν,
1827 815 1893 855 καὶ

372 887 510 927 ἔλυσαν
532 883 601 937 τήν
624 881 848 938 περιτομὴν,
879 882 946 923 καὶ
964 880 1031 922 τὸν
1053 881 1141 936 περὶ
1161 879 1280 934 αὐτῆς
1309 886 1385 922 τῶν
1415 879 1516 923 ὀκτώ
1538 879 1691 936 ἡμερῶν
1711 880 1805 936 ὅρον
1823 885 1892 922 τοῦ

372 951 672 1009 προςτάγματος.

483 1019 593 1062 Ἀλλοὶ
616 1018 704 1061 οὔτε
731 1014 776 1071 ἧν
797 1020 917 1059 τελεία
941 1015 967 1070 ἦ
989 1015 1122 1071 πρώτη
1147 1016 1346 1071 περιτομὴ,
1378 1015 1471 1058 άλλά
1496 1019 1654 1070 σημείου
1679 1015 1789 1071 χάριν
1811 1015 1893 1058 ε’δό-

371 1097 448 1143 θη,
480 1091 534 1137 εἴς
554 1105 592 1129 τε
615 1086 833 1140 ὑπόμνησιν
857 1084 984 1127 αὐτῶν
1019 1083 1112 1138 μετὰ
1139 1089 1281 1136 ταῦτα,
1311 1086 1378 1126 καὶ
1405 1084 1469 1126 διά
1501 1083 1569 1126 τόν
1592 1083 1800 1139 δισταγμὸν
1823 1088 1894 1126 τοῦ

378 1163 393 1187 1
408 1155 603 1214 Ἀβραάμ,
636 1153 687 1203 οἷς
706 1157 944 1209 προείρηται,
975 1154 1290 1206 ἐπιτιμηθέντος·
1323 1154 1388 1194 καὶ
1410 1151 1535 1195 τύπου
1560 1154 1670 1194 ἕνεκα
1691 1157 1759 1205 τῆς
1779 1151 1892 1208 μεγά-

373 1232 440 1278 λης
475 1230 543 1278 τῆς
572 1223 618 1265 τά
651 1222 779 1264 πάντα
814 1220 896 1264 κατ’
931 1220 1086 1274 ἰσότητα
1116 1219 1336 1274 πληρούσης
1371 1222 1411 1261 ἐν
1449 1227 1530 1269 τοῖς
1565 1221 1893 1274 καταξιουμένοις.

372 1293 517 1346 Ἐκείνη
546 1292 611 1345 μὲν
634 1289 707 1346 γάρ
732 1292 766 1332 εἰ
796 1285 844 1343 ἦν
869 1288 1039 1345 ἆγιστίας
1061 1290 1191 1338 ἕνεκα,
1221 1289 1289 1329 καὶ
1311 1291 1567 1343 κληρονομίας
1588 1287 1766 1343 οὐρανῶν
1788 1291 1896 1342 βασι-

373 1365 473 1410 λείας
504 1359 634 1414 χάριν,
675 1357 751 1412 ἆρα
775 1358 969 1411 ἐστέρηται
991 1356 1127 1411 Σάρρα
1153 1360 1220 1409 τῆς
1250 1359 1461 1409 βασιλείας,
1499 1358 1565 1398 καὶ
1594 1355 1791 1409 Ῥεβέκκα,
1828 1358 1894 1398 καὶ

374 1433 473 1480 Aia,
503 1429 569 1469 καὶ
591 1425 746 1480 Ῥαχὴλ,
776 1427 843 1467 καὶ
865 1424 1071 1479 Ἰωχαβὲθ,
1102 1426 1167 1465 καὶ
1192 1427 1331 1478 Μαρία
1358 1422 1383 1477 ἦ
1406 1423 1552 1477 άδελῳή
1574 1426 1798 1475 Μωϋσέως,
1829 1426 1893 1466 καὶ

374 1503 493 1539 πᾶσαι
526 1498 569 1537 αἴ
601 1495 705 1549 ἅγιαι
738 1499 937 1549 γυναῖκες,
978 1494 1044 1535 καὶ
1080 1491 1126 1534 οὔ
1157 1491 1391 1546 δυνήσονται
1422 1497 1671 1546 κληρονομεῖν
1702 1495 1894 1545 βασιλείαν

375 1564 574 1620 οὐρανῶν,
607 1562 658 1616 μή
685 1565 916 1615 δυνηθεῖσαι
936 1560 1005 1614 τήν
1027 1559 1238 1615 περιτομὴν
1260 1566 1330 1602 τοῦ
1359 1558 1534 1614 Ἁβραάμ
1563 1562 1681 1614 ἔχειν,
1722 1560 1771 1613 ἣν
1799 1560 1895 1609 θεὸς

375 1633 479 1691 αὐτῷ
505 1631 738 1686 δεδώρηται,
768 1630 866 1672 κατά
885 1629 953 1672 τὸν
978 1628 1128 1671 τούτων
1149 1628 1274 1684 λόγον.
1334 1631 1389 1669 Εἰ
1413 1629 1453 1670 δὲ
1481 1627 1552 1670 ούκ
1584 1630 1803 1683 ἐστέρηνται
1825 1624 1893 1670 αὗ-

373 1720 434 1743 ται
458 1706 526 1754 τῆς
552 1702 743 1753 βασιλείας
773 1704 849 1740 τῶν
875 1697 1076 1753 οὐρανῶν,
1119 1700 1183 1738 καί
1216 1715 1273 1739 τοι
1304 1695 1352 1738 οὐ
1379 1702 1642 1750 μετεσχηκυῖαι
1669 1702 1892 1752 περιτομῆς,

376 1769 488 1812 οὐδὲν
518 1767 592 1823 ἄρα
622 1767 739 1820 ἰσχύει
768 1765 794 1820 ’ἡ
825 1772 894 1808 νῦν
927 1769 1112 1820 ἔνσαρκος
1145 1764 1344 1820 περιτομή.
1409 1768 1452 1806 Τί
1473 1765 1514 1806 δὲ
1535 1769 1721 1818 καυχᾶται
1755 1763 1893 1818 Ἐβίων

376 1835 607 1891 περιτομὴν,
649 1834 765 1877 ὁπότε
798 1836 863 1876 καὶ
902 1837 942 1876 οἱ
975 1833 1247 1888 εἰδωλολάτραι
1283 1835 1349 1875 καὶ
1385 1834 1544 1888 2μιαροὶ
1579 1835 1692 1886 ἱερεῖς
1721 1838 1799 1874 τῶν
1822 1835 1894 1874 Αἰ-

377 1907 550 1961 γυπτίων
575 1902 786 1958 περιτομὴν
813 1904 976 1956 ἔχουσιν.
1032 1900 1142 1943 Ἀλλά
1173 1903 1238 1943 καὶ
1261 1904 1302 1943 οἵ
1322 1902 1569 1956 Σαρακηνοὶ,
1601 1905 1640 1942 οἳ
1661 1903 1726 1943 καὶ
1744 1900 1892 1955 Ἰσμαη-

376 1980 496 2024 λῖται,
526 1970 737 2027 περιτομὴν
769 1973 915 2024 ἔχουσι,
955 1972 1022 2012 καὶ
1051 1975 1309 2024 Σαμαρεῖται,
1351 1971 1416 2011 καὶ
1437 1968 1636 2019 Ἰουδαῖοι,
1678 1971 1745 2011 καὶ
1773 1967 1890 2012 Ἰδου-

378 2049 508 2096 μαῖοι,
549 2042 615 2082 καὶ
645 2038 858 2094 Ὁμηρῖται.
935 2037 1090 2080 Τούτων
1123 2038 1164 2079 δὲ
1196 2041 1236 2080 οἱ
1264 2041 1418 2087 πλείους
1451 2035 1497 2079 ού
1531 2035 1593 2079 διά
1624 2036 1744 2091 νόμον
1777 2043 1891 2080 τοῦτο

375 2115 575 2160 ποιοῦσιν,
607 2106 699 2149 άλλά
729 2106 853 2164 άλόγῳ
883 2108 957 2148 τινὶ
988 2109 1188 2163 συνηθείᾳ.

494 2315 573 2355 Καὶ
598 2311 728 2360 άπλῶς
749 2309 870 2353 πολύν
904 2309 1041 2365 χρόνον
1072 2308 1255 2351 άναλώσω
1281 2309 1606 2365 κατατριβόμενος
1636 2310 1688 2357 εἰς
1712 2308 1781 2362 τὴν
1804 2309 1890 2351 τού·

380 2401 449 2425 του
474 2384 690 2440 ληρῳδίαν,
731 2378 793 2422 διά
822 2378 864 2421 τὸ
893 2380 1158 2433 ε’περείδεσθαι
1184 2377 1303 2420 αὐτόν
1333 2377 1453 2431 μάτην
1483 2382 1535 2435 τῷ
1563 2380 1665 2434 ῥητῷ
1686 2372 1717 2434 ᾧ
1744 2380 1894 2432 εἷ’ρηκεν

381 2450 402 2493 ὁ
428 2449 574 2505 σωτὴρ,
614 2448 775 2503 άρκετόν
800 2452 852 2505 τῷ
875 2451 1032 2504 μαθητῇ
1058 2445 1154 2488 εἶναι
1180 2445 1232 2496 ὥς
1258 2444 1279 2488 ὁ
1305 2445 1554 2497 διδάσκαλος,
1593 2447 1658 2487 ἵνα
1686 2446 1750 2486 καὶ
1776 2444 1893 2495 αὐτὸς

381 2518 612 2572 σεμνύνηται
633 2517 702 2570 τὴν
727 2519 828 2558 ἰδίαν
850 2513 1080 2570 περιτομὴν,
1112 2514 1176 2556 διά
1199 2514 1270 2568 τὴν
1298 2518 1366 2556 τοῦ
1392 2519 1561 2569 Χριστοῦ
1590 2512 1800 2568 περιτομὴν
1822 2513 1892 2567 την

383 2589 421 2628 ἐν
446 2586 550 2644 αὐτῷ
579 2591 705 2634 καλῶς
728 2588 1030 2640 περιτμηθεῖσαν
1065 2584 1159 2624 3καὶ
1192 2582 1238 2624 δι’
1271 2581 1391 2625 αὐτοῦ
1421 2588 1711 2624 καταλυθεῖσαν.
1757 2581 1893 2634 ’Όμως

383 2653 514 2708 ἐπειδὴ
549 2653 726 2708 βούλεται
751 2651 773 2694 ὁ
797 2650 998 2705 κτηνώδης
1023 2649 1087 2692 διά
1113 2650 1183 2704 τὴν
1210 2650 1309 2706 προς
1329 2650 1397 2692 τόν
1421 2649 1590 2705 Χριστὸν
1618 2652 1772 2703 μίμησιν
1800 2654 1891 2703 λαμ-

386 2722 516 2776 βάνειν
542 2727 680 2764 τοῦτον
700 2720 767 2764 τόν
789 2719 923 2776 λόγον,
955 2717 1027 2760 οὐκ
1050 2717 1201 2772 ὀκνήσω
1220 2722 1340 2769 δεῖξαι
1362 2718 1420 2761 ὅτι
1443 2716 1490 2760 ού
1512 2717 1575 2759 διὰ
1596 2722 1708 2759 τοῦτο
1734 2719 1890 2772 εἴρηται.

393 2789 535 2839 Εὐθὺς
557 2789 629 2845 γάρ
652 2789 787 2845 φράζει
809 2787 830 2830 ὁ
851 2787 986 2843 κύριος
1007 2788 1125 2841 λέγων
1155 2786 1212 2828 ὅτι
1244 2785 1291 2828 οὐ
1321 2785 1385 2828 διά
1413 2791 1525 2828 τοῦτο
1552 2783 1675 2836 εἶπεν,
1706 2783 1798 2825 cmo}
1828 2784 1892 2827 διά

386 2857 476 2907 τούς
499 2857 705 2913 διωγμοῦς,
736 2858 802 2898 καὶ
822 2855 891 2910 τήν
912 2860 989 2896 τῶν
1005 2853 1202 2896 Ἰουδαίων
1226 2857 1279 2904 εἰς
1300 2853 1417 2896 αὐτόν
1436 2856 1652 2908 παροινίαν,
1673 2855 1739 2894 καί
1759 2868 1890 2906 φησιν,

440 2962 471 2996 8.
497 2959 662 3006 σαββάτου
682 2961 738 2995 καὶ
767 2962 946 3004 περιτομῆς
971 2961 1035 2992 cod.
1057 2962 1117 2991 Va-
1200 2958 1473 3037 dCAJzXXXHL
1504 2977 1548 2982 —
1590 2956 1617 2990 1.
1641 2954 1736 3000 ἁγίου
1756 2954 1892 3002 ἁβραᾶμ

385 3011 434 3040 tic.
1165 3015 1197 3037 co
1223 3027 1230 3035 .
1278 3007 1348 3036 aie.
