2034 3267
454 168 632 201 PANARH
656 169 737 201 [ΑΒ.
758 169 783 202 1.
807 170 912 202 ToM.
932 170 988 202 111.
1012 170 1140 202 HAER.
1161 171 1268 202 XLn.
1548 161 1626 202 643

108 251 225 295 cz'dia,
260 248 472 294 ebrietates,
508 252 806 296 comessationes,
840 264 932 301 quae
956 253 1132 301 praedico
1162 251 1281 296 vobis,
1315 253 1412 288 sicut
1436 253 1625 301 praeclz'oei,

108 319 277 369 quoniam
307 318 374 367 qm·
402 317 491 354 talla
522 323 643 367 agunt
669 331 824 367 regnum
855 320 917 355 dez'
942 332 1013 356 non
1039 319 1290 369 possidebunt.

220 382 352 423 Refut.
380 380 450 422 vl.
500 380 534 423 Ο
557 383 778 423 admiranda
807 383 867 424 dei
892 385 1075 438 mysteria
1092 416 1101 434 ,
1135 399 1177 425 ac
1201 384 1414 425 Marcionis
1435 385 1631 425 erroribus

110 452 272 493 adversa
299 451 497 503 dogmata!
561 449 715 490 Etenim
740 451 838 491 mala
864 452 989 491 omnia
1013 452 1116 491 carni
1143 452 1372 492 tribuuntur.
1434 452 1491 493 Ea
1518 467 1632 507 porro

108 525 292 575 perpetuo
320 533 395 559 non
425 517 575 567 extitit,
619 518 686 558 sed
709 526 822 558 sexto
850 520 999 559 demum
1028 519 1110 570 die,
1147 526 1221 559 tum
1249 535 1332 560 cum
1361 521 1531 560 Adamus
1557 523 1632 560 for-

109 594 233 628 matus
258 594 338 637 est,
374 600 460 626 esse
484 586 622 640 coepit.
685 584 749 625 Ex
774 601 846 639 quo
873 586 924 626 illi
951 587 1177 627 refelluntur
1201 589 1262 641 qui
1286 588 1424 628 malum
1450 588 1494 628 ab
1524 588 1632 628 initio

112 669 156 695 ac
182 668 334 709 semper
360 653 537 694 extitisse
559 653 796 707 praedicant.
858 654 976 707 Atqui
1000 668 1122 708 neque
1147 655 1258 695 simul
1286 670 1329 695 ac
1358 658 1519 696 formata
1544 670 1634 695 caro

112 730 186 774 est,
223 729 417 778 peccatum
443 720 612 770 admisit,
646 734 693 760 ne
718 721 864 774 peccati
888 728 1023 761 auctor
1047 723 1107 775 qni
1134 723 1234 763 illam
1260 724 1454 763 finxerant
1473 723 1634 763 habere-

111 799 194 840 tur,
240 790 347 844 quasi
381 795 535 844 peccata
566 801 671 828 ream
696 802 850 828 carnem
876 789 1030 829 molitus
1055 797 1182 839 esset,
1228 805 1351 845 neque
1377 792 1513 832 malum
1540 805 1634 846 opus

109 859 232 913 ipsum
259 856 480 898 antecessit.
544 853 688 895 Verum
714 855 908 909 aliquanto
931 864 1016 910 post
1037 864 1209 912 tempore
1231 872 1251 898 a
1277 859 1334 898 dei
1358 859 1541 913 obsequio
1569 860 1633 899 de-

111 926 282 966 sciscens
306 925 478 965 Adamus
505 937 547 963 ac
570 922 746 963 libertate
773 924 965 977 praeditus
993 939 1060 979 per
1079 939 1166 965 sese
1188 940 1232 966 ac
1255 935 1391 980 sponte
1416 941 1485 966 sua
1508 934 1634 967 certo-

112 1008 184 1048 que
212 993 373 1034 consilio
397 997 554 1046 peccato
579 1004 621 1030 se
645 989 876 1042 obstrinxit,
921 993 1006 1032 dum
1034 1007 1102 1047 per
1126 994 1240 1033 animi
1267 994 1545 1034 contumaciam
1571 995 1636 1034 do-

112 1063 213 1102 mino
235 1061 293 1102 sui
316 1059 553 1100 maiestatem
577 1057 779 1098 imminuit.
845 1057 1006 1100 Ubinam
1026 1074 1118 1114 ergo
1141 1075 1285 1113 rerum,
1320 1069 1520 1116 antequam
1547 1076 1636 1102 caro

113 1129 330 1185 prodiisset,
364 1133 561 1182 peccatum
586 1126 680 1166 fuit?
739 1127 821 1167 Aut
841 1142 1003 1181 quanam
1026 1129 1177 1169 ratione
1199 1144 1273 1170 non
1297 1130 1525 1184 simulatque
1547 1145 1638 1170 con-

112 1198 187 1238 dita
217 1204 298 1247 est,
341 1195 408 1236 sed
434 1195 628 1249 aliquanto
661 1201 795 1249 postea
817 1196 1022 1236 intervallo
1051 1198 1188 1237 malum
1217 1199 1433 1238 commisit?
1493 1196 1637 1251 Quam-

113 1265 244 1306 obrem
275 1263 399 1304 omnis
431 1263 494 1303 illa
532 1263 577 1302 de
611 1263 796 1317 principio
832 1264 917 1304 mali
951 1266 1142 1305 sententia
1180 1266 1340 1306 corruit.
1409 1265 1501 1306 Non
1537 1266 1637 1306 enim

112 1333 305 1387 antiquum
339 1345 425 1373 esse
453 1337 581 1386 potest
604 1331 764 1382 malum,
811 1333 909 1385 quod
941 1333 978 1372 in
1004 1333 1212 1373 recentiori
1240 1348 1331 1374 caro
1358 1334 1470 1374 habet.
1499 1342 1541 1374 ut
1571 1335 1635 1384 sit,

112 1409 177 1441 aut
201 1415 276 1440 non
303 1400 353 1441 sit
376 1400 546 1440 omnino.
608 1397 747 1453 Neque
772 1414 865 1440 vero
891 1415 912 1440 a
936 1401 1094 1440 coelesti
1119 1402 1367 1455 possessione
1394 1416 1483 1442 caro
1508 1402 1639 1442 deiici-

114 1475 188 1508 tur.
249 1467 336 1509 Nec
368 1475 426 1509 est
450 1469 547 1522 quod
573 1468 734 1523 apostoli
758 1468 987 1508 auctoritate
1010 1469 1189 1509 abutatur
1215 1469 1415 1524 quispiam,
1451 1470 1534 1509 dum
1561 1471 1634 1510 ait:

113 1540 210 1576 Caro
230 1545 268 1575 et
285 1539 440 1587 sanguis
456 1551 611 1588 regnum
631 1539 777 1575 dee'non
791 1538 1040 1588 possidebunt.
1086 1535 1188 1577 Nam
1211 1552 1285 1577 non
1308 1552 1462 1578 carnem
1485 1552 1634 1578 omnem
1666 1552 1695 1593 1.ν
1707 1553 1775 1593 (ζον.

112 1612 282 1645 accusat.
345 1601 426 1645 Cur
450 1604 548 1644 enim
577 1611 781 1644 accusetur
806 1618 849 1644 ea
882 1618 978 1657 quae
1002 1605 1094 1644 nihil
1122 1618 1253 1645 eorum
1278 1619 1374 1660 quae
1397 1612 1508 1646 antea
1535 1621 1639 1646 com-
1667 1588 1766 1621 ¹⁰'⁰⁰'

112 1678 323 1712 memorata
346 1678 435 1711 sunt
453 1672 676 1712 admiserit?
726 1669 802 1712 Sed
827 1679 865 1712 et
888 1672 972 1712 aliis
995 1686 1144 1726 quoque
1167 1673 1380 1714 rationibus
1402 1675 1499 1728 quod
1524 1688 1638 1727 quae-

115 1740 211 1780 ritur
236 1740 436 1780 evidenter
462 1740 689 1780 ostenditur.
753 1742 864 1790 Quis,
906 1740 1050 1794 inquit,
1092 1743 1284 1780 accusabit
1304 1745 1481 1780 adversus
1505 1745 1639 1781 clectos
1658 1757 1781 1791 nome,
1801 1759 1841 1786 33.

114 1811 200 1847 dee'?
241 1806 385 1848 Nonne
407 1807 649 1848 sanctissima
669 1808 779 1862 virgo
798 1806 927 1848 Maria
948 1823 1031 1848 cum
1051 1808 1134 1863 ipsa
1153 1823 1269 1850 carne
1291 1810 1460 1850 coeleste
1480 1824 1638 1864 regnum

116 1883 308 1930 capesset,
343 1875 404 1916 cui
425 1889 549 1930 neque
573 1876 705 1916 vitium
728 1884 787 1916 est
808 1891 970 1931 unquam
994 1876 1177 1928 oblatum,
1210 1892 1281 1918 nec
1305 1877 1462 1918 libidine
1483 1885 1543 1919 est
1565 1879 1642 1919 ulla

115 1951 180 1985 aut
203 1943 391 1984 adulterio
417 1945 587 1994 foedata,
622 1958 746 1998 neque
773 1941 975 1999 quicquain
999 1959 1051 1985 ex
1075 1946 1234 1986 nefariis
1262 1946 1334 1986 illis
1361 1946 1488 1987 carnis
1517 1947 1642 2001 operi-

114 2012 184 2052 bus
205 2011 371 2062 admisit,
399 2012 465 2052 sed
486 2011 636 2066 integra
657 2012 915 2067 inviolataque
936 2013 1130 2067 perstitit?
1188 2013 1278 2054 Non
1302 2014 1419 2068 igitur
1438 2023 1642 2070 utcumque

116 2081 161 2120 de
188 2093 303 2120 carne
329 2080 518 2133 loquitur,
564 2094 646 2120 cum
680 2094 761 2120 eam
790 2089 903 2135 negat
927 2082 1096 2122 coeleste
1120 2096 1279 2136 reguum
1307 2083 1529 2136 possidere,
1574 2085 1641 2124 scd

117 2149 162 2188 de
185 2148 288 2188 carni
313 2147 504 2187 immersis
525 2147 756 2199 hominibus,
784 2149 845 2203 qui
867 2149 1096 2190 adminiculo
1117 2151 1243 2190 carnis
1267 2151 1430 2191 scelesta
1455 2152 1641 2205 quaedam

115 2222 361 2271 perpetrant,
404 2215 615 2255 cuiusmodi
646 2224 735 2256 sunt
766 2217 991 2268 fornicatio,
1033 2218 1253 2258 idololatria
1280 2226 1355 2259 etc.
1416 2218 1527 2260 Unde
1560 2227 1639 2271 tua,

116 2282 289 2331 Marcio,
325 2284 429 2323 fraus
453 2289 565 2337 atque
590 2283 775 2325 calliditas
801 2285 955 2326 omnino
979 2287 1190 2341 detegitur,
1225 2301 1307 2326 cum
1337 2301 1468 2328 omnes
1496 2289 1641 2329 erroris

117 2352 242 2392 aditus
272 2351 488 2392 iamdudum
521 2351 666 2392 veritas
690 2353 911 2407 occuparit,
955 2354 1328 2409 praedicationisque
1357 2355 1438 2396 eius
1465 2370 1560 2410 quae
1584 2356 1642 2397 vi-

118 2427 194 2460 tam
223 2419 348 2460 adfert
378 2419 592 2459 firmitatem
625 2419 943 2476 stabilitatemque
974 2422 1169 2463 munierit.

232 2486 367 2528 Schol.
394 2486 428 2526 V
434 2485 448 2526 Ι
457 2485 487 2527 l.
537 2490 611 2537 Qui
636 2496 755 2528 autem
782 2492 925 2529 Christi
944 2499 1051 2538 sunt,
1097 2505 1242 2530 carnem
1267 2493 1539 2542 crucffioeermzt
1560 2507 1641 2532 cum
1660 2508 1819 2543 Gai.5,2⁴.

120 2558 218 2595 viliis
250 2564 287 2594 et
315 2558 632 2607 cotecnpzscentizs.

229 2622 363 2664 Resut.
388 2621 483 2663 VH.
533 2621 576 2663 Si
597 2623 658 2677 qui
684 2627 826 2665 Christi
839 2635 939 2674 sunt,
975 2642 1121 2666 carnem
1144 2629 1436 2678 erztczfioeerunt,
1471 2626 1638 2680 Marcio,

119 2691 359 2746 perspicuum
392 2698 451 2731 est
476 2688 620 2731 Christi
646 2705 782 2732 servos
808 2693 1044 2735 circumcisis
1069 2694 1334 2750 cupiditatibus
1366 2702 1404 2735 et
1427 2696 1641 2737 affectioni-

120 2759 189 2799 bus
221 2758 529 2814 purgatissimam
561 2772 715 2800 carnem
741 2774 847 2801 suam
869 2762 1104 2812 reddidisse,
1148 2762 1392 2816 imitatusque
1418 2776 1506 2804 esse
1529 2762 1642 2805 Cliri-

120 2834 241 2878 stum,
286 2827 371 2867 dum
402 2827 524 2881 ipsum
557 2840 710 2868 carnem
741 2842 846 2869 suam
873 2831 975 2871 cruci
1003 2832 1172 2870 affixisse
1196 2830 1407 2870 declarant.
1467 2830 1577 2872 Unde
1604 2840 1642 2872 et

120 2893 173 2934 illi
195 2895 328 2936 eodem
352 2909 425 2949 quo
452 2894 626 2936 dominus
648 2910 739 2937 suus
763 2897 922 2937 consilio
945 2912 1098 2939 carnem
1123 2897 1160 2937 iu
1184 2912 1297 2938 cruce
1322 2899 1504 2952 deligunt.
1563 2899 1639 2940 lam
1677 2886 1684 2894 ,

1273 2966 1368 3008 41*
