2034 3267
477 201 655 233 PANARII
678 201 760 233 ΜΒ.
780 202 804 234 1.
829 202 934 234 ToM.
954 203 1009 233 [Π.
1032 202 1164 234 HAER.
1179 203 1286 235 xms.
1567 196 1645 236 625

122 279 321 334 quicquam
351 292 482 319 eorum
513 294 609 334 quae
636 281 777 336 scripta
803 288 892 321 sunt
915 282 1162 336 praeteriisse
1185 283 1397 323 videamur.
1461 280 1645 323 Ceterum

121 348 159 387 in
187 346 377 402 superiori
402 348 634 388 refutatione
658 349 938 403 improbitatem
964 350 1065 390 illius
1093 364 1136 390 ac
1165 350 1391 390 calumniam
1417 350 1566 391 abunde
1593 352 1647 391 di·

122 415 275 455 luimus.

233 481 366 524 Schol.
393 481 544 524 LVIII.
591 482 684 524 Illud
706 484 845 524 ademit
871 492 1096 538 praeterea:
1133 488 1298 538 Capillus
1319 490 1362 526 de
1387 491 1506 538 capite
1527 495 1646 526 vestr-o
1663 497 1850 535 Luc.21,1e.

122 566 194 590 non
218 552 370 603 peribit.

236 618 369 659 Resut..
394 617 544 659 LVIII.
616 620 638 645 *
751 619 774 645 *
888 619 909 642 *
1024 620 1046 645 *
1161 622 1184 646 *
1298 622 1321 647 *
1435 624 1457 648 *
1572 624 1594 648 *

123 687 144 711 *
268 687 291 711 *
413 686 436 713 *
549 687 572 712 *
686 687 709 712 *
824 687 847 712 »ι
961 688 984 713 *
1098 690 1119 713 ποι
1235 689 1258 715 *
1371 691 1393 715 ιιι
1508 692 1531 717 *

205 755 228 781 *
342 756 366 780 *
479 755 500 780 *
614 755 636 778 *
751 755 774 779 *
888 755 912 780 *
1025 757 1048 781 ιιι
1163 757 1186 781 *
1299 758 1322 782 *
1436 760 1459 785 ποι
1572 761 1596 785 *

233 821 366 863 Schol.
392 821 508 863 LIX.
554 820 695 862 Iterum
723 822 815 862 baec
839 823 1016 863 abstulit:
1056 827 1156 863 Tunc
1177 829 1244 877 qui
1265 829 1301 864 iu
1323 829 1460 866 Iudaea
1482 831 1651 882 suntsu-
1670 846 1742 875 md,
1761 848 1801 877 21.

121 896 235 944 giam*
260 894 310 931 ud
337 899 474 931 montes
501 898 569 929 ete.
588 921 597 936 ,
643 889 690 929 ob
723 904 767 931 ea
799 904 896 945 quae
927 899 1160 945 sequunturz
1205 896 1328 932 Donec
1358 905 1654 935 consummentur

121 963 240 999 omnia
270 974 363 1012 quae
389 962 529 1010 scrzpta
557 965 656 996 sunt.

234 1027 368 1068 Refut.
392 1024 506 1066 LIX.
554 1023 779 1066 Obliviosus
803 1025 863 1066 hic
885 1027 997 1067 bomo
1019 1035 1171 1068 ceteros
1193 1030 1250 1069 sui
1275 1043 1362 1070 esse
1385 1030 1546 1080 similes,
1581 1032 1652 1072 hoc

124 1103 185 1137 est
205 1095 387 1145 stolidos,
422 1093 633 1135 existimat.
693 1092 780 1134 Nee
801 1094 995 1149 iutelligit,
1031 1096 1062 1136 si
1089 1097 1149 1136 vel
1174 1097 1367 1138 minimam
1391 1099 1566 1139 voculam
1593 1113 1652 1139 re-

124 1163 299 1218 liquerit,
342 1177 424 1203 eam
455 1162 501 1202 ad
533 1175 620 1202 sese
652 1162 956 1203 convincendum
993 1164 1136 1204 facere.
1201 1163 1355 1217 Quanto
1386 1166 1504 1220 igitur
1531 1167 1653 1220 magis

123 1247 207 1272 cum
233 1231 392 1286 plurima
414 1230 534 1271 verba
558 1230 603 1270 de
630 1231 822 1270 sententia
847 1231 1038 1272 detrahit?
1099 1230 1358 1285 Quamobrem
1388 1235 1478 1275 lieet
1503 1235 1653 1276 mutila-

123 1300 171 1340 tis
204 1300 250 1340 iis
283 1299 328 1340 ab
357 1299 421 1339 illo
450 1298 680 1338 testimoniis
712 1298 787 1338 alia
815 1300 1001 1352 quaedam
1033 1314 1130 1354 quae
1158 1301 1320 1355 ipsemet
1346 1302 1512 1342 admittit.
1536 1317 1653 1358 oppo-

125 1381 233 1408 nere.
295 1365 407 1419 Quae
440 1381 524 1406 cum
556 1366 715 1406 sublatis
746 1366 790 1406 ab
824 1380 869 1406 eo
898 1368 1055 1421 reliquis
1087 1369 1241 1409 omnino
1274 1377 1537 1410 consentanea
1567 1385 1652 1412 esse

124 1434 329 1476 constabit.
391 1433 592 1474 Eiusmodi
623 1440 711 1474 sunt
742 1434 805 1474 illa
836 1435 873 1474 in
900 1435 1036 1489 quibus
1061 1436 1279 1477 Abraamus
1306 1445 1393 1492 post
1413 1445 1576 1478 mortem
1600 1439 1654 1479 ita

126 1504 286 1557 loquens
307 1502 522 1543 inducitur:
557 1503 703 1541 Habent
720 1505 874 1553 Moysen
897 1511 935 1542 ec
945 1506 1169 1556 propheta&
1203 1509 1300 1557 ipsos
1322 1508 1489 1545 audiant.
1542 1504 1654 1559 Quae

126 1571 226 1611 enim
251 1570 456 1625 prophetae
483 1583 527 1610 ac
549 1568 712 1625 Moyses
737 1569 942 1621 dixerunt,
986 1585 1005 1611 a
1034 1573 1105 1612 deo
1133 1580 1223 1613 sunt
1249 1581 1355 1628 patre
1378 1575 1573 1628 profecta,
1617 1582 1656 1615 et

126 1638 171 1678 ab
195 1639 358 1694 ipsomet
383 1638 443 1678 dei
466 1638 545 1678 filio
571 1638 725 1678 domino
750 1645 906 1688 nostro,
941 1653 1013 1680 nec
1037 1654 1113 1680 non
1138 1647 1176 1680 et
1194 1641 1330 1695 spiritu
1354 1649 1511 1694 sancto;
1556 1656 1653 1697 quae

128 1706 277 1761 quidem
309 1707 484 1746 mandata
517 1705 670 1761 scriptis
700 1705 849 1760 impleri
882 1707 1032 1761 penitus
1064 1709 1246 1763 oportuit.

239 1772 371 1815 Schol.
396 1772 490 1814 LX.
536 1777 699 1813 Locutus
718 1782 776 1813 est
795 1789 874 1814 eum
895 1778 1198 1827 nzagezstraubns,
1233 1780 1531 1829 quemadmodum
1550 1780 1653 1818 illum
1673 1792 1797 1830 Cap.22,
1814 1796 1838 1824 4.

131 1845 297 1882 traderet
323 1845 388 1881 eis.

239 1909 374 1950 Resut.
400 1907 495 1950 LX.
543 1907 578 1951 Ο
603 1908 819 1951 Marcionis
846 1911 1109 1967 incredibilem
1135 1913 1362 1954 amentiam!
1426 1912 1524 1968 Quis
1553 1915 1653 1955 enim

127 1978 224 2019 alius
255 1985 409 2033 praeter
442 1976 572 2018 Iudam
606 1978 756 2019 loeutus
794 1980 880 2020 est?
922 1987 987 2021 aut
1022 1980 1110 2035 quid
1144 1982 1296 2021 tandem
1331 1983 1500 2023 facturus
1534 1983 1651 2034 aliud,

127 2047 200 2087 nisi
224 2047 457 2087 salvatorem
481 2046 715 2094 traditurus?
775 2045 852 2087 lam
879 2062 972 2089 vero
999 2049 1031 2089 si
1057 2049 1228 2090 salvator
1253 2050 1436 2100 traditur,
1481 2052 1653 2105 profecto

131 2129 205 2155 non
231 2115 346 2155 inane
368 2114 551 2168 quoddam
578 2121 769 2169 spectrum
793 2123 892 2165 erat,
926 2117 991 2157 sed
1013 2117 1133 2158 solida
1158 2117 1322 2158 hominis
1343 2126 1478 2158 natura
1502 2126 1652 2159 consta-

128 2183 206 2224 bat.
268 2181 369 2223 Nam
403 2183 434 2222 si
467 2182 558 2222 nihil
589 2189 742 2237 praeter
772 2183 946 2238 spiritum
976 2187 1098 2235 foret,
1145 2200 1260 2226 carne
1288 2186 1469 2240 praeditis
1494 2186 1654 2227 homini-

127 2251 198 2292 bus
224 2250 320 2292 tradi
344 2250 563 2304 neutiquam
592 2258 737 2305 posset.
799 2249 904 2292 Idem
935 2266 1028 2307 ergo
1059 2254 1152 2294 deus
1178 2268 1261 2294 cum
1288 2260 1413 2304 esset,
1460 2263 1655 2310 assumpta

129 2333 244 2360 carne
271 2318 586 2359 contrectandum
615 2331 657 2358 se
685 2319 881 2373 praebuit,
915 2321 1185 2376 hominumque
1213 2321 1386 2362 manibus
1409 2329 1545 2377 sponte
1571 2337 1656 2376 per-

130 2387 248 2428 misit.
311 2385 389 2427 Sed
422 2386 476 2426 illi
510 2386 605 2426 adeo
641 2387 744 2427 stulti
778 2394 886 2438 sunt,
930 2403 1059 2429 secum
1092 2396 1133 2430 ut
1164 2389 1338 2429 oratione
1369 2403 1439 2430 sua
1467 2397 1651 2445 pugnent.

129 2456 189 2495 Ac
216 2454 368 2495 memini
402 2467 460 2493 me
486 2453 688 2508 aliquando
715 2469 798 2495 cum
821 2454 1036 2497 Marcionis
1061 2457 1223 2511 quodam
1250 2457 1434 2511 discipulo
1458 2459 1654 2513 disputan-

129 2530 229 2573 tem,
273 2537 357 2563 cum
389 2535 441 2562 ex
464 2521 668 2576 evangelio
692 2522 816 2563 locum
841 2523 944 2564 illum
969 2525 1200 2575 obiicerem,
1247 2539 1320 2578 quo
1347 2525 1385 2565 in
1410 2525 1494 2566 loco
1519 2526 1654 2567 ductus

130 2590 169 2630 in
194 2591 387 2631 desertum
414 2603 434 2630 a
460 2589 596 2644 spiritu
623 2589 782 2641 dicitur,
827 2598 868 2632 ut
893 2599 1107 2633 tentaretur
1131 2607 1151 2632 a
1175 2592 1347 2643 diabolo,
1396 2592 1583 2633 eiusmodi
1607 2594 1653 2633 de

131 2657 195 2698 illo
219 2658 425 2699 abstulisse
450 2671 699 2712 responsum:
734 2656 810 2711 Qui
840 2659 925 2700 fieri
951 2667 1077 2716 potest
1106 2668 1148 2701 ut
1176 2659 1340 2701 Satanas
1364 2660 1475 2701 deum
1497 2675 1647 2713 verum,
1669 2679 1815 2716 Manu-1,
1830 2682 1852 2708 ι,

131 2786 158 2814 et
177 2784 247 2815 edit.
265 2785 364 2823 princ.
411 2784 556 2815 Pelavius
574 2783 667 2814 edidit
686 2777 733 2825 ἦ,
757 2786 866 2817 omisso
911 2786 981 2818 edit.
1011 2787 1109 2826 princ.
1166 2786 1311 2817 Petavius
1341 2787 1436 2817 edidit
1470 2785 1536 2819 καὶ.
1590 2787 1654 2819 Sed

132 2822 213 2860 ἀλλ’.
914 2832 968 2863 hoc
986 2841 1159 2872 operarum,
1178 2833 1210 2861 m*
1226 2832 1327 2870 fallor,
1351 2840 1450 2862 errore
1468 2833 1584 2871 factum
1601 2836 1653 2864 est.

175 2871 229 2906 36.
253 2871 303 2907 Τὸ
327 2872 360 2907 τί
382 2873 521 2915 ποιῆσαι
543 2874 631 2905 codd.
655 2875 749 2906 Velie.
769 2878 796 2906 et
813 2876 869 2907 Ve-
958 2876 1012 2909 38.
1039 2873 1266 2918 διαλεγόμενον.
1289 2877 1354 2907 cod.
1376 2878 1474 2908 Venet.

131 2921 189 2949 net.
234 2917 266 2952 τί
287 2919 443 2959 ποιῆσαι,
478 2921 588 2950 omisso
614 2920 667 2950 illo
695 2917 766 2958 Τὰ,
802 2921 868 2952 cod.
958 2920 1010 2954 39.
1036 2919 1072 2954 τὸ
1102 2922 1232 2962 πνεῦμα
1265 2919 1313 2958 εἰς
1342 2919 1404 2962 τὴν
1433 2920 1553 2963 ἔρημον
1586 2923 1652 2954 cod.

132 2963 259 3003 Rhediy.
285 2968 311 2995 et
334 2966 406 2995 edili
429 2965 509 2996 libri.
917 2968 1014 2998 venet.

176 3007 230 3040 37.
255 3006 292 3041 δὲ
318 3010 406 3041 codd.
433 3009 526 3041 Vatic.
558 3010 656 3041 Venet.
687 3010 814 3051 Rhediy.
844 3013 870 3042 et

201 3061 317 3097 Corpus
335 3062 511 3091 Haereseol.
530 3062 568 3090 11.
1332 3072 1383 3111 40
