2034 3267
497 221 672 253 PANARn
698 221 777 253 Liss.
795 222 820 255 1.
845 223 949 255 TOM.
971 223 1011 254 n.
1036 223 1164 255 HAER.
1182 223 1313 255 xxix.
1586 214 1663 254 233

263 298 334 339 Hic
358 300 457 338 enim
481 299 630 354 losephi
655 315 703 340 ex
727 301 799 341 alia
826 302 893 340 l'uit
915 316 1024 355 quam
1038 300 1166 342 Maria
1188 302 1348 355 coniuge
1374 300 1487 351 filius,
1510 301 1543 340 id
1565 302 1662 354 quod
1691 311 1838 354 Cap.1V.

151 366 318 420 pluribus
344 366 438 406 locis
470 381 489 406 a
523 382 582 406 me
614 376 951 407 commemoratum
983 376 1042 408 est
1073 369 1388 422 manifestiusque
1418 368 1662 422 disputatum.

152 432 373 486 Quinetiam
396 448 415 473 e
441 432 601 473 Davidis
621 448 764 487 genere
791 442 1039 488 propagatum
1065 436 1166 475 illum
1192 437 1419 489 reperimuS,
1455 442 1582 489 utpote
1602 434 1664 475 Io-

149 500 255 552 sephi
291 501 428 549 filium,
460 502 696 554 eundemque
721 500 984 540 Nazaraeum.
1044 501 1148 541 Nam
1178 501 1330 555 losephi
1370 504 1575 542 liberorum
1607 503 1665 542 hic

150 567 294 622 primns
317 582 360 608 ac
386 576 635 608 consecratus
664 567 748 606 suit.
810 566 892 606 lmo
919 575 955 606 et
988 570 1171 608 sacerdos
1203 583 1254 609 ex
1283 571 1428 609 veteris
1460 570 1558 609 illins
1591 570 1665 609 ritu

151 635 355 675 sacerdotii
384 635 498 675 fnisse
522 634 756 689 perhibetur.
803 632 1062 686 Quamobrem
1090 636 1208 674 semel
1234 635 1268 674 ei
1292 637 1493 688 quotannis
1518 637 1553 676 in
1577 651 1666 676 san-

150 710 210 742 cta
235 710 453 742 sanctorum
475 715 698 741 concessum
726 707 785 739 est
807 700 979 753 ingredi,
1013 703 1327 754 quemadmodum
1355 704 1510 743 summis
1535 718 1665 744 sacer-

150 771 299 809 dotibus
322 770 407 824 lege
431 782 516 809 esse
539 767 814 822 praescriptum
840 782 860 807 e
883 769 1005 808 sacris
1025 769 1147 808 literis
1175 769 1389 809 didicimus.
1446 768 1555 822 Quod
1583 771 1664 824 qui-

150 839 233 877 dem
260 838 304 876 de
329 835 467 876 Iacobo
494 834 660 889 plerique
696 842 785 873 ante
817 848 887 874 nos
918 835 1127 875 memoriae
1154 836 1424 888 prodiderunt,
1471 845 1510 877 ut
1538 837 1665 878 Euse-

148 905 256 953 bius,
296 903 475 944 Clemens
508 908 546 940 et
575 900 654 940 alii.
717 899 795 941 Sed
829 908 867 941 et
902 901 1096 942 bracteam
1129 903 1252 942 eidem
1285 903 1323 943 in
1357 904 1480 958 capite
1513 912 1663 957 gestare

148 972 302 1012 licuisse
326 984 418 1024 quos
442 968 616 1022 proxime
648 969 840 1008 nominavi
873 969 1000 1009 idonei
1027 969 1236 1024 scriptores
1267 972 1553 1011 commentariis
1585 973 1664 1012 suis

147 1046 323 1079 testatum
348 1036 598 1088 reliquerunt.
661 1033 870 1087 Quocirca,
905 1039 1101 1084 Sacerdos,
1138 1038 1189 1077 uti
1214 1038 1396 1087 diximus,
1428 1041 1532 1076 Iesus
1555 1041 1662 1077 Chri·
1679 1049 1850 1083 Hennam

149 1116 228 1145 stas
247 1108 410 1144 dominus
440 1111 566 1141 noster
596 1106 633 1141 in
659 1111 847 1142 aelermtm
866 1106 965 1156 snit,
999 1108 1197 1143 secundum
1220 1108 1382 1144 ordinem
1402 1108 1659 1153 Melchisedec,

146 1174 317 1225 idemque
347 1184 420 1210 rex
450 1171 657 1210 secundnm
693 1171 932 1224 superiorem
971 1186 1016 1211 ac
1043 1172 1251 1212 coelestem
1278 1172 1475 1222 ordinem,
1518 1179 1559 1212 nt
1589 1188 1664 1212 una

147 1255 228 1281 cum
253 1239 337 1291 lege
360 1237 615 1277 sacerdotium
643 1239 887 1278 transferret.
949 1237 1040 1279 Fuit
1064 1254 1158 1279 vero
1183 1248 1338 1294 propter
1368 1238 1417 1280 Β.
1446 1239 1610 1280 Mariam
1643 1255 1663 1280 e

144 1306 302 1347 Davidis
325 1305 509 1345 oriundus
537 1305 678 1358 stirpe,
713 1312 825 1358 atque
856 1306 894 1345 in
926 1307 1047 1359 regali
1075 1307 1172 1346 solio
1196 1310 1300 1346 sedet
1321 1311 1358 1346 e'tz
1384 1316 1594 1355 aeternum,
1629 1317 1665 1346 et

143 1377 255 1425 regni
272 1376 374 1413 illias
394 1388 465 1411 non
487 1374 679 1423 erz'tsim's.
722 1371 915 1412 Nimirum
941 1375 1152 1414 transferre
1174 1374 1278 1414 illum
1305 1389 1380 1414 non
1404 1375 1529 1414 minus
1553 1376 1663 1429 regni

142 1456 252 1495 quam
280 1440 486 1480 sacerdotii
510 1439 681 1478 ordinem
702 1439 890 1493 oportuit,
935 1441 1072 1495 quippe
1099 1456 1183 1481 eum
1209 1442 1290 1481 eius
1318 1456 1476 1495 regnum
1508 1443 1663 1482 minime

145 1524 197 1549 ex
217 1509 288 1548 hoc
310 1508 450 1547 mundo
480 1507 544 1556 sit,
576 1513 615 1546 ut
638 1505 778 1546 Pontio
800 1505 924 1547 Pilato
949 1507 987 1547 in
1012 1509 1213 1561 evangelio
1237 1509 1482 1563 respondisse
1515 1511 1657 1549 fertur:

142 1580 304 1628 Regnum
335 1590 450 1614 meum
481 1590 551 1613 mm
583 1582 638 1612 est
660 1577 704 1612 de
725 1576 793 1612 hoc
814 1578 959 1613 mundo.
1024 1573 1121 1615 Cum
1156 1577 1255 1616 enim
1283 1575 1462 1617 Christus
1488 1577 1557 1617 sub
1580 1577 1660 1630 qui·
1709 1579 1810 1640 {gaggj

142 1645 300 1684 busdam
330 1643 584 1696 aenigmatum
615 1641 824 1681 involucris
856 1641 1036 1682 universa
1070 1644 1306 1697 compleret,
1350 1645 1447 1697 quod
1477 1644 1660 1683 hactenus
1743 1634 1750 1648 ’

143 1712 348 1765 gerebatur
380 1724 448 1764 par
477 1710 544 1749 fuit
578 1709 703 1762 aliquo
739 1716 849 1749 tenus
882 1710 1101 1763 pervenire.
1161 1710 1302 1764 Neque
1327 1725 1421 1751 vero
1449 1712 1533 1750 ideo
1557 1712 1662 1750 venit

143 1787 183 1819 ιιι
206 1779 266 1832 qni
290 1785 492 1831 regnasset
516 1777 699 1816 hactenus
727 1775 917 1830 imperare
942 1791 1056 1831 porro
1082 1786 1282 1831 pergeret,
1317 1779 1383 1819 sed
1410 1779 1456 1817 iis
1481 1792 1657 1830 regnum,

143 1860 238 1900 quos
261 1846 514 1885 constituerat
536 1844 617 1898 ipse
640 1844 835 1896 dilargitus
857 1851 930 1895 est,
966 1859 1012 1884 ne
1036 1859 1054 1884 a
1079 1846 1291 1886 minoribus
1313 1846 1488 1899 progredi
1513 1847 1557 1885 ad
1580 1860 1660 1886 ma—

141 1915 224 1954 iora
247 1914 318 1953 dici
344 1912 478 1966 possit.
522 1915 652 1950 Manet
674 1914 805 1962 quippe
822 1914 924 1950 sedes
943 1915 1059 1960 illius,
1086 1921 1122 1951 et
1141 1917 1254 1964 regni
1274 1916 1352 1952 elas
1372 1928 1444 1952 mm
1464 1915 1656 1964 eritfim's,

125 1988 254 2035 ,atque
290 1981 327 2020 in
362 1978 519 2019 Davidis
561 1978 657 2018 solio
691 1979 884 2028 considet,
932 1987 1134 2034 propterea
1168 1981 1266 2033 quod
1298 1979 1461 2020 Davidis
1499 1995 1659 2034 regnum

141 2047 370 2097 transtulit,
394 2046 505 2100 idque
528 2047 646 2100 ipsum
673 2060 746 2085 una
770 2060 853 2085 cum
875 2048 1095 2101 pontificatu
1119 2047 1244 2087 servis
1269 2048 1349 2088 suis
1376 2047 1555 2098 indulsit,
1590 2049 1660 2088 hoc

141 2123 200 2156 est
222 2115 433 2155 catholicae
465 2114 654 2154 ecclesiae
688 2113 941 2166 pontificibus.
1006 2113 1084 2155 Sed
1117 2115 1234 2154 multa
1257 2115 1302 2155 de
1336 2129 1380 2155 ea
1408 2130 1450 2155 re
1474 2115 1659 2168 disputari

140 2190 314 2237 possunt.
378 2180 569 2235 Quoniam
594 2194 688 2220 vero
715 2181 758 2220 ad
788 2194 871 2220 enm
899 2182 1026 2222 locum
1059 2182 1202 2236 delapsi
1236 2197 1366 2222 sumus
1398 2190 1439 2222 ut
1465 2183 1658 2222 reddenda

140 2265 274 2290 caussa
298 2250 408 2290 nobis
429 2257 531 2289 esset
552 2263 619 2288 eur
643 2248 665 2287 ii
690 2247 752 2301 qui
769 2245 923 2289 Christo
946 2264 1084 2289 nomen
1105 2250 1291 2289 dederant
1314 2249 1531 2304 priusquam
1547 2247 1659 2290 Chri-

139 2318 351 2358 stianorum
379 2330 518 2356 nomen
546 2322 677 2356 essent
707 2315 831 2369 adepti
864 2314 1008 2357 lessaei
1035 2323 1290 2367 vocarentur,
1333 2316 1476 2356 idcirco
1511 2317 1658 2356 monui-

139 2399 224 2425 mus
247 2383 442 2424 lessaeum
473 2382 633 2423 Davidis
660 2390 803 2436 patrem
827 2383 960 2424 fuisse.
1010 2385 1091 2424 Ant
1114 2384 1160 2424 ab
1182 2384 1247 2424 illo
1270 2383 1386 2437 igitur
1411 2382 1560 2434 lessae,
1593 2391 1658 2424 aut

139 2467 160 2492 a
183 2451 272 2492 lesu
300 2449 446 2492 Christi
474 2450 613 2489 domini
638 2450 757 2489 nostri
782 2451 1033 2504 appellatione
1055 2450 1298 2492 lessaeorum
1321 2465 1459 2491 nomen
1483 2451 1658 2491 obtinue-

139 2527 251 2569 runt,
285 2519 383 2572 quod
411 2518 456 2556 ab
485 2515 571 2557 lesu
598 2517 795 2570 disciplina
820 2519 1004 2571 profecti,
1039 2519 1286 2572 eiusdemque
1310 2518 1482 2570 discipuli
1508 2520 1654 2569 forent3

140 2593 205 2626 ant
231 2587 320 2626 illud
353 2585 515 2638 deniqne
546 2598 598 2623 ex
629 2584 824 2624 notatione
850 2586 931 2640 ipsa
959 2586 1146 2636 nominis,
1190 2601 1263 2640 quo
1289 2586 1463 2625 dominus
1495 2593 1654 2626 vocatus

140 2661 213 2703 est,
247 2653 432 2706 originem
456 2652 617 2705 aceepit.
664 2649 773 2691 lesus
799 2652 896 2692 enim
921 2652 1114 2694 Hebraice
1138 2660 1368 2703 curatorem,
1403 2654 1474 2693 hoc
1498 2660 1557 2692 est
1578 2667 1655 2693 me-

141 2721 260 2760 dicum
289 2735 333 2760 ac
360 2726 622 2768 servatorem,
657 2718 858 2772 significat.
920 2720 1109 2775 Quicquid
1135 2721 1206 2770 sit,
1241 2727 1388 2761 constat
1415 2735 1460 2760 eo
1483 2721 1651 2770 nomine,

141 2788 356 2840 priusquam
384 2784 596 2827 Christiani
615 2793 869 2836 vocarentur,
904 2788 1114 2842 appellatos
1144 2788 1277 2828 fnisse.
1338 2791 1464 2841 Atque
1488 2787 1533 2827 ab
1561 2787 1654 2827 urbe

141 2854 287 2893 demum
317 2854 544 2902 Antiochia,
586 2853 638 2892 uti
667 2867 781 2906 supra
813 2855 1074 2905 meminimus,
1119 2855 1289 2909 adeoque
1314 2855 1395 2909 ipsa
1428 2855 1484 2895 rei
1511 2855 1653 2895 veritas

142 2922 375 2974 comprobat,
409 2936 492 2960 cuni
515 2920 686 2972 discipuli
711 2919 797 2974 ipsi,
832 2928 908 2961 tum
934 2923 1056 2963 omnis
1082 2923 1244 2963 ecclesia
1267 2923 1326 2963 dei
1345 2920 1652 2963 Christianorum

141 2988 324 3028 vocabulo
356 2988 646 3042 comprehensa.
