2034 3267
492 181 665 213 PANARH
690 183 814 216 Ltss.1.
840 183 945 215 ΤΟΜ.
968 185 1009 215 Π.
1036 184 1163 215 HAER.
1187 184 1316 215 XXXI.
1590 179 1670 217 327

147 275 219 315 que
245 261 398 316 scriptis
427 260 625 315 quicquam
654 262 880 304 elucubrare
905 263 1197 314 consueverim,
1245 277 1367 318 neque
1398 263 1547 305 dicendi
1575 265 1622 304 sit
1650 281 1671 306 a

146 343 206 368 me
240 329 399 369 facultas
433 328 713 370 exercitatione
740 331 929 384 quaesita.
994 330 1070 372 Sed
1103 345 1162 371 me
1189 331 1330 372 caritas
1358 332 1532 373 bortatur
1560 340 1600 373 ut
1624 348 1669 374 ea

146 396 210 436 tibi
243 397 393 450 tuisque
420 397 598 451 dogmata
625 398 848 452 patefaciam
875 412 971 451 quae
997 400 1041 438 ad
1071 399 1168 439 hunc
1195 400 1386 440 occultata
1413 400 1514 441 diem
1539 402 1667 442 divina

142 464 254 504 modo
277 465 400 518 gratia
427 472 596 519 prompta
623 465 798 505 omnibus
822 473 1032 520 apertaque
1057 474 1160 506 sunt.
1221 470 1332 506 Xz'lzc‘l
1350 472 1443 507 enim
1464 478 1520 508 esc
1541 472 1663 510 occul-

144 539 239 579 tum,
274 535 373 584 quod
399 548 471 572 non
501 535 704 580 reveletur,
738 541 774 572 et
800 534 1073 581 absconditam,
1108 537 1206 586 quod
1233 550 1305 573 nole
1334 540 1490 575 sciatur.

251 598 462 641 Enimvero
486 601 576 641 nihil
597 601 670 641 erit
694 614 761 640 cur
782 614 803 640 a
827 601 951 650 nobis,
987 602 1047 654 qui
1073 602 1174 641 inter
1195 601 1329 642 Gallos
1353 604 1524 657 degimus
1548 613 1660 660 atque

138 668 176 707 in
199 667 385 708 barbarae
409 668 563 723 linguae
587 667 833 709 meditatione
858 668 1056 722 plurimum
1080 670 1254 723 occupati
1279 685 1426 722 sumus,
1452 674 1659 714 oratoriam

137 736 273 789 exigas
300 736 542 786 facultatem,
583 749 692 789 quam
720 749 911 789 nunquam
935 736 1157 787 didicimus,
1200 751 1323 791 neque
1347 740 1538 780 scribendi
1562 742 1660 795 peri-

138 804 250 854 tiam,
294 804 353 843 eui
383 817 572 858 nunquam
602 803 837 852 studuimus,
881 816 1005 857 neque
1034 803 1211 844 dictionis
1239 813 1413 846 ornatum
1445 822 1488 847 ac
1516 809 1657 859 fucum,

137 885 247 925 quem
276 872 426 927 penitus
453 871 689 924 ignoramuS.
753 868 855 923 Quin
886 870 1011 924 potius
1043 885 1139 925 quae
1171 886 1192 911 a
1225 873 1334 913 uobis
1363 874 1586 929 simpliciter
1616 890 1660 916 ac

136 953 229 979 vere
253 939 475 993 vulgarique
496 951 675 977 sermone
699 938 744 977 ad
771 944 806 977 te
830 951 880 978 ex
903 939 1063 978 caritate
1089 939 1325 992 scribuntur,
1360 955 1406 982 ea
1428 955 1476 981 ex
1499 942 1659 983 caritate

135 1006 321 1061 suscipies
347 1013 484 1060 atque,
527 1012 655 1059 utpote
683 1005 803 1059 magis
832 1007 876 1046 ad
904 1006 940 1046 id
967 1008 1235 1060 praestandum
1266 1008 1450 1060 idoneus,
1493 1010 1548 1049 sic
1577 1017 1657 1051 tan-

135 1089 246 1129 quam
270 1074 416 1114 semina
441 1073 624 1127 quaedam
651 1080 687 1113 et
713 1073 818 1113 initia
844 1088 863 1113 a
892 1074 1001 1114 nobis
1027 1077 1246 1129 acceperis,
1283 1091 1381 1116 nova
1407 1078 1504 1131 apud
1531 1084 1567 1117 te
1594 1092 1656 1118 ac-

134 1143 310 1183 cessione
335 1140 585 1195 locupletiora
612 1141 756 1191 facies,
799 1149 838 1181 et
867 1142 903 1182 in
934 1143 1073 1183 mentis
1101 1150 1188 1183 tuae
1213 1145 1421 1198 spatiosum
1447 1146 1569 1185 sinum
1597 1160 1657 1186 re-

131 1210 304 1260 condita,
337 1222 433 1263 quae
459 1208 591 1263 paucis
616 1223 636 1248 a
660 1223 720 1249 me
744 1210 948 1264 perstricta
975 1218 1086 1260 sunt,
1122 1211 1302 1252 uberiore
1329 1213 1453 1252 fructu
1476 1227 1656 1268 compen-

131 1278 256 1327 sabis,
304 1291 348 1317 ac
374 1277 538 1331 denique
566 1277 742 1330 quicquid
774 1292 795 1317 a
827 1292 887 1318 me
912 1292 1043 1333 parum
1069 1279 1235 1320 viriliter
1260 1281 1490 1335 explicatum
1523 1282 1652 1332 fuerit,

127 1346 222 1400 apud
250 1352 334 1385 tuos
361 1358 528 1385 nervose
553 1345 779 1399 fortiterque
805 1346 1031 1401 disputabis.
1093 1348 1223 1401 Atque
1249 1355 1290 1388 ut
1314 1363 1385 1403 ego
1414 1349 1477 1389 tibi
1502 1350 1653 1390 illorum

127 1412 357 1454 sententiam
383 1412 605 1467 perdiscere
630 1413 796 1467 cupienti
822 1429 896 1454 uon
925 1429 1006 1454 eam
1032 1416 1144 1455 modo
1170 1416 1366 1457 declarare
1391 1417 1540 1468 studui,
1586 1419 1652 1458 secl

126 1481 264 1522 idonea
288 1495 438 1536 quoque
464 1480 656 1536 praesidia
682 1482 726 1521 ad
751 1481 853 1522 illam
880 1482 1182 1524 convincendam
1210 1484 1340 1535 attuli,
1375 1486 1426 1525 ita
1455 1492 1492 1525 et
1521 1493 1557 1525 tu
1584 1501 1651 1540 pro

127 1564 172 1589 ea
201 1563 296 1603 quae
331 1556 455 1589 tecum
486 1564 507 1589 a
540 1549 611 1589 deo
643 1550 919 1590 communicata
955 1551 1078 1605 gratia
1110 1559 1189 1602 est,
1233 1560 1451 1593 ceterorum
1480 1553 1652 1608 impense

127 1617 341 1658 rationibus
367 1624 405 1657 et
429 1617 581 1657 utilitati
607 1618 779 1668 servies,
822 1632 869 1657 ne
896 1619 934 1658 in
962 1626 1157 1673 posterum
1183 1620 1380 1674 quisquam
1408 1621 1542 1661 blanda
1567 1622 1650 1661 illo-

126 1700 208 1726 rum
242 1685 417 1726 oratione
449 1685 634 1740 capiatur.
699 1683 810 1738 Quae
841 1686 878 1726 iu
912 1687 1009 1727 liunc
1040 1688 1191 1728 modum
1223 1702 1311 1728 sese
1342 1689 1470 1729 habet.

235 1751 431 1808 Principio
457 1753 495 1793 in
520 1753 814 1794 sublimitatibus
839 1753 934 1805 illis,
979 1769 1075 1809 quae
1099 1770 1223 1810 neque
1247 1757 1331 1796 visu
1359 1757 1499 1812 percipi
1525 1771 1649 1812 neque

128 1821 383 1877 appellatione
419 1821 493 1861 ulla
532 1822 803 1876 comprehendi
836 1830 1016 1877 possunt,
1063 1825 1275 1878 perfectum
1302 1825 1432 1865 inesse
1460 1826 1647 1880 quendam

123 1891 300 1931 Aeonem
328 1897 530 1940 asserunt,
565 1903 676 1943 quem
703 1896 740 1930 et
764 1890 923 1944 primum
947 1889 1154 1931 Parentem
1179 1899 1218 1932 et
1241 1891 1408 1948 Bythum
1433 1894 1645 1934 nominant.

122 1957 260 2007 Hunc,
292 1971 375 1997 cum
401 1958 503 1998 nullo
528 1958 613 1998 loco
639 1958 827 1998 contineri
853 1973 923 1999 uec
945 1959 1067 2001 videri
1092 1968 1245 2014 posset,
1278 1961 1553 2015 sempiternum
1576 1976 1646 2002 nec

120 2025 290 2079 genitum
318 2025 355 2065 in
386 2026 512 2079 quiete
543 2032 656 2080 atque
679 2026 756 2066 otio
780 2026 937 2067 infinitis
959 2041 1233 2082 perseverasse
1257 2029 1413 2069 seculis.
1469 2027 1645 2082 Quocum

122 2092 324 2134 Ennoeam
349 2092 528 2134 extitisse
552 2094 711 2149 pariter,
744 2108 854 2148 quam
879 2095 941 2135 isti
964 2094 1138 2135 Gratiam
1161 2110 1205 2136 ac
1228 2095 1348 2151 Sigen
1372 2105 1524 2138 vocant.
1587 2098 1647 2137 Ac

124 2162 241 2202 fuisse
275 2168 423 2216 tempus
448 2160 651 2216 aliquando
676 2176 759 2202 cum
786 2161 934 2217 Bythus
959 2163 1023 2203 ille
1050 2164 1216 2204 omnium
1247 2179 1300 2205 ex
1326 2179 1413 2205 sese
1440 2165 1647 2220 primordia

123 2230 335 2284 producere
358 2229 527 2269 voluerit
553 2244 597 2270 ac
624 2237 802 2284 tanquam
831 2230 1002 2282 semina,
1047 2246 1144 2285 quae
1168 2233 1205 2272 in
1234 2231 1355 2286 Sigen
1380 2233 1579 2286 aequalem
1603 2247 1647 2273 ac

123 2312 339 2353 comparem
365 2312 472 2338 suam
497 2298 604 2352 quasi
626 2298 822 2338 matricem
843 2298 995 2339 infudit.
1058 2299 1152 2340 Eam
1181 2314 1295 2354 porro
1320 2300 1467 2341 semiue
1489 2301 1554 2340 illo
1577 2315 1647 2341 ex-

123 2373 234 2421 cepto
265 2366 462 2421 gravidam
497 2367 645 2406 demum
678 2365 839 2406 similem
870 2368 1036 2420 genitori
1064 2382 1134 2408 suo
1161 2367 1252 2408 Nun
1281 2368 1553 2423 aequalemque
1582 2383 1646 2424 pe-

122 2434 292 2490 perisse,
337 2434 400 2489 qui
432 2434 536 2475 solus
569 2432 749 2474 Parentis
781 2435 1078 2488 magnitudinem
1115 2443 1285 2491 caperet.
1347 2435 1522 2477 Eundem
1553 2435 1668 2477 Nuu'

122 2502 237 2543 etiam
261 2501 476 2557 Unigenam
502 2502 720 2553 nominant,
752 2510 790 2543 et
812 2501 966 2544 Patrem
992 2511 1029 2544 et
1049 2503 1282 2560 Principium
1306 2518 1433 2544 rerum
1457 2505 1640 2555 omnium,

123 2585 283 2624 quocum
311 2584 383 2611 una
408 2577 610 2625 procreata
633 2570 683 2610 sit
707 2569 878 2612 Veritas.
941 2571 1052 2612 Hanc
1075 2587 1161 2614 esse
1186 2573 1343 2627 primam
1367 2587 1411 2612 ac
1434 2573 1641 2628 principem

123 2638 224 2679 illam
246 2637 581 2694 Pythagoreorum
604 2639 846 2693 quadrigam,
882 2654 992 2694 quam
1016 2649 1054 2681 et
1079 2641 1346 2682 universorum
1371 2640 1554 2681 Radicem
1579 2655 1645 2696 ap-

166 2761 196 2795 4.
223 2762 280 2796 καὶ
303 2763 511 2797 καταξέσὲαι
534 2767 654 2795 tuentur
678 2765 765 2795 codd.
788 2766 858 2795 t'en.
905 2775 974 2798 eam
994 2768 1155 2798 delendam
1179 2775 1239 2797 esse
1262 2767 1433 2806 suspiceris.
1480 2768 1540 2798 Alii
1561 2768 1648 2797 aliter

124 2810 189 2840 γαί.
211 2810 350 2850 Βὴεάἰ9.,
374 2813 400 2840 et
420 2811 492 2849 Re9.
508 2811 610 2841 Paris.
656 2811 690 2841 In
712 2810 798 2840 edilis
820 2813 862 2841 est
906 2813 984 2844 hunc
1005 2814 1104 2843 locum
1123 2813 1271 2851 corriyere
1290 2815 1357 2842 sunt
1377 2813 1495 2851 conati,
1519 2821 1649 2852 quorum

123 2852 181 2886 καὶ
202 2853 378 2895 καὲέσὲῑαι,
402 2856 483 2895 quod
500 2856 678 2886 mendosum
700 2864 760 2886 esse
780 2857 862 2886 arbi·
908 2861 1078 2889 commenta
1101 2860 1223 2888 servant
1247 2858 1364 2888 Irenaei
1388 2858 1542 2888 editiones.

123 2901 196 2937 1r0r‚
214 2909 403 2940 quamquam
422 2901 540 2932 Irenaei
559 2900 683 2940 Interpr.
698 2899 864 2930 demisisse
955 2903 984 2934 5
1014 2899 1147 2945 πρώτην
1175 2903 1241 2933 cod.
1270 2903 1340 2933 Ven.
1387 2902 1514 2944 πρῶτον
1540 2903 1648 2943 reliqui

123 2946 276 2976 convertit.
323 2947 516 2977 Particulam
544 2945 602 2978 καὶ
631 2949 699 2977 ante
723 2945 865 2978 καταὲέ-
911 2949 990 2979 libri.

125 2987 201 3020 o‘sw.
221 2993 299 3021 verte
321 2989 429 3030 etiam,
448 3000 484 3023 ne
503 3000 571 3022 cum
592 2992 718 3022 Petavio
739 2992 867 3031 aliisque
957 2991 988 3024 6.
1014 2989 1208 3035 Τετρακτῆν
1230 2993 1277 3025 ed.
1296 2993 1394 3033 princ.

1682 486 1793 515 Matth.

1682 521 1724 553 10,
1742 522 1782 549 26.

1688 613 1763 657 Cap.
1784 615 1829 646 X.

1675 1762 1752 1805 Cap.
1768 1763 1828 1794 XI.
