2034 3267
189 651 275 693 Κεφ.
301 644 344 682 5'.

210 1415 274 1443 pag.
294 1405 353 1432 310.

223 2681 311 2723 Κεφ.
331 2678 361 2713 ι’.

370 154 447 193 566
928 153 1087 185 SANCTI
1111 153 1332 185 EPIPHANH

370 239 503 288 τρίων,
536 232 627 274 ἄλλα
651 230 720 283 τήν
741 229 935 271 ὑπόθεσιν
958 228 1055 284 ὑπὲρ
1077 227 1189 282 ἡμῶν
1211 234 1279 271 τοῦ
1300 236 1468 285 σταυροῦ
1491 231 1771 286 ἀναδεξάμενος
1793 250 1887 288 προ-

371 304 530 357 αιρέσει,
561 301 626 340 καὶ
646 297 692 340 οὗ
715 296 789 351 μετ’
810 296 992 352 ἀνάγκης.
1040 296 1168 338 ’Ὅθεν
1189 296 1402 351 ε’λήλεγκται
1423 298 1520 340 κατά
1537 300 1663 342 πάντα
1682 307 1752 343 τοῦ
1773 307 1887 355 Μαρ-

368 374 512 417 κίωνος
534 366 556 410 ὅ
577 366 708 422 λόγος·
751 366 818 406 καὶ
841 364 960 406 πολλά
986 366 1063 406 ἐστι
1085 364 1131 406 τά
1152 364 1252 420 πρὸς
1275 363 1498 419 άνατροπήν
1518 372 1587 419 τῆς
1607 368 1748 410 τούτου
1772 387 1889 423 μηχα-

369 443 438 491 νῆς
467 437 531 478 καὶ
553 436 768 491 τραγῳδίας
797 434 835 482 ἐξ
862 431 1046 485 εὐσεβοῦς
1065 438 1251 487 λογισμοῦ
1272 434 1338 474 καὶ
1361 432 1520 488 εὐλόγου
1543 432 1744 489 ὁρμώμενα
1767 436 1887 490 ἐμφά-

370 520 465 553 σεως
495 505 536 545 ἐν
565 507 610 560 τῇ
642 500 740 556 πρὸς
770 499 889 542 αὐτόν
919 499 1145 555 άντιρρήσει.

894 635 901 649 l
941 634 951 649 Γ

479 638 704 690 Ἐλεύσομαι
725 637 766 678 δὲ
787 639 840 686 εἰς
858 654 904 677 τα
926 635 991 677 υπ’
1013 634 1134 678 αὐτοῦ
1155 637 1410 691 γεγραμμένα,
1443 641 1584 689 μᾶλλον
1605 638 1646 678 δὲ
1666 639 1890 695 ε’ρρᾳδιουρ-

369 709 525 765 γημένα.
590 701 715 753 Οὗτος
736 704 808 759 γάρ
841 706 914 757 ἔχει
939 703 1156 759 εὐαγγέλιον
1182 706 1302 757 μόνον
1329 703 1371 746 τὸ
1402 703 1498 745 κατά
1519 710 1701 756 Λουκᾶν,
1743 723 1890 762 περικε-

368 777 561 829 κομμένον
584 772 659 815 ἆπό
682 778 751 826 τῆς
777 771 896 827 α’ρχῆς
919 771 983 813 διά
1003 771 1072 825 τήν
1092 777 1161 814 τοῦ
1182 777 1355 826 σωτῆρος
1376 772 1566 826 σύλληψιν
1586 774 1650 814 καὶ
1672 772 1740 826 τὴν
1761 776 1889 829 ἔνσαρ·

370 862 441 886 κον
463 842 584 884 αὐτοῦ
607 843 835 896 παρουσίαν.
899 838 958 881 Οὔ
983 839 1103 893 μόνον
1127 841 1168 881 δὲ
1193 839 1262 893 τὴν
1287 839 1406 895 ἀρχὴν
1430 839 1613 893 οἷπέτεμεν
1635 838 1657 881 ό
1678 841 1890 895 λυμηνάμε-

369 929 434 960 νος
465 909 603 952 ἔαυτόν
632 909 729 964 ἤπερ
760 907 801 950 ‘cd
835 906 1068 963 εὐαγγέλιον,
1111 906 1203 948 dmm}
1230 909 1298 949 καὶ
1326 913 1395 949 τοῦ
1424 910 1554 956 τέλους
1577 909 1643 950 καὶ
1666 914 1743 949 τῶν
1768 910 1894 962 μέσων

370 978 490 1022 πολλά
520 979 730 1032 περιέκοψε
760 981 837 1018 τῶν
867 981 934 1029 τῆς
965 975 1147 1028 ἀληθείας
1168 975 1307 1031 λόγων·
1352 975 1443 1017 ἅλλα
1469 977 1510 1018 δὲ
1535 975 1640 1031 παρά
1664 975 1711 1017 τά
1732 994 1893 1032 γεγραμ-

371 1049 466 1101 μένα
491 1047 748 1101 προςτέθεικε.
810 1043 938 1101 Μόνῳ
963 1044 1003 1085 δὲ
1026 1045 1204 1097 κέχρηται
1226 1043 1348 1101 τούτῳ
1372 1050 1424 1101 τῷ
1450 1049 1681 1099 χαρακτῆρι,
1723 1049 1774 1102 τῷ
1797 1044 1895 1086 κατὰ

371 1119 538 1156 Λουκᾶν
564 1112 778 1169 εὐαγγελίῳ.
827 1111 930 1164 ’Ἐχει
954 1112 995 1152 δὲ
1019 1113 1084 1152 καὶ
1109 1111 1308 1160 ἐπιστολάς
1332 1110 1422 1166 παρ’
1445 1111 1547 1168 αὐτῷ
1572 1117 1642 1153 τοῦ
1665 1110 1776 1168 άγίου
1800 1111 1895 1155 ἄπο-

373 1182 511 1225 στόλου
535 1182 649 1232 δέκα,
689 1178 751 1228 αἷς
775 1179 911 1233 μόναις
932 1180 1130 1234 κέχρηται,
1169 1178 1216 1220 οὐ
1237 1184 1330 1221 πᾶσι
1355 1180 1396 1220 δὲ
1415 1186 1494 1229 τοῖς
1517 1182 1557 1222 ἐν
1579 1179 1714 1229 αὐταῖς
1731 1198 1894 1236 γεγραμ-

371 1252 519 1304 μένοις,
564 1248 656 1290 άλλά
684 1266 768 1289 τινα
801 1245 929 1287 αὐτῶν
960 1248 1215 1300 περιτέμνων,
1259 1246 1344 1288 τινά
1381 1248 1423 1288 δὲ
1454 1246 1663 1296 ἀλλοιώσας
1693 1250 1893 1301 κεφάλαια.

379 1317 545 1366 Ταύταις
583 1317 625 1358 δὲ
664 1322 747 1364 ταῖς
787 1315 875 1355 δυσὶ
905 1317 1053 1367 βίβλοις
1084 1315 1274 1368 κέχρηται.
1332 1313 1449 1356 ’Ἀλλα
1482 1316 1523 1357 δὲ
1555 1315 1798 1371 συντάγματα
1829 1315 1895 1368 ἀφ’

373 1389 513 1429 ἑαυτοῦ
536 1385 715 1433 συνέταξε
734 1389 815 1431 τοῖς
836 1381 900 1423 ἄπ’
926 1381 1046 1423 αὐτοῦ
1066 1384 1337 1435 πλανωμένοις.
1396 1385 1454 1423 Αἰ
1471 1384 1511 1424 δὲ
1533 1385 1723 1425 ἐπιστολαὶ
1746 1387 1788 1425 αἰ
1806 1383 1895 1440 παρ’

371 1452 475 1510 αὐτῷ
495 1452 695 1507 λεγόμεναί
717 1453 809 1501 εἰσι,
851 1449 985 1504 πρώτη
1007 1450 1075 1503 μὲν
1094 1449 1193 1504 πρὸς
1216 1450 1408 1501 Γαλάτας,
1452 1453 1610 1505 δευτέρα
1634 1453 1674 1493 δὲ
1696 1452 1794 1507 πρὸς
1818 1457 1896 1495 Κο-

372 1524 569 1576 ρινθίους,
608 1522 715 1574 τρίτη
747 1517 846 1572 πρὸς
872 1521 1116 1573 Κορινθίους
1146 1520 1323 1572 δευτέρα,
1363 1518 1522 1574 τετάρτη
1552 1518 1650 1574 πρὸς
1669 1518 1896 1574 Ῥωμαίους,

373 1591 528 1642 πέμπτη
554 1587 653 1641 πρὸς
678 1590 986 1636 Θεσσαλονικεῖς,
1026 1587 1114 1638 ἕκτη
1136 1585 1234 1640 πρὸς
1261 1589 1549 1635 Θεσσαλονικεῖς
1571 1589 1747 1643 δευτέρα,
1786 1588 1894 1642 ἕβδό-

374 1676 425 1712 μη
456 1655 554 1711 πρὸς
581 1655 803 1707 Ἐφεσίους,
846 1653 966 1709 ὀγδόη
997 1652 1096 1707 πρὸς
1119 1658 1357 1704 Κολωσσεῖς,
1398 1654 1532 1708 ε’ννάτη
1557 1655 1656 1709 πρὸς
1681 1656 1896 1709 Φιλήμονα,

373 1726 513 1777 δεκάτη
543 1722 643 1776 πρὸς
672 1725 969 1775 Φιλιππησίους.
1017 1720 1121 1774 ’Έχει
1149 1722 1189 1762 δὲ
1215 1723 1281 1763 καὶ
1306 1726 1374 1775 τῆς
1397 1721 1496 1777 πρός
1527 1725 1771 1772 ιΛαοδικέας
1796 1730 1896 1779 λεγο·

375 1794 491 1846 μένης
517 1792 624 1845 μέρη.
683 1789 745 1839 Ἐξ
769 1785 890 1844 οὗπερ
916 1794 1158 1844 χαρακτῆρος
1183 1795 1253 1831 τοῦ
1274 1789 1361 1844 παρ’
1383 1789 1503 1831 αὐτοῦ
1527 1793 1744 1845 σωζομένου
1768 1797 1837 1834 τοῦ
1861 1809 1899 1833 τε

376 1858 593 1915 εὐαγγελίου
618 1859 683 1899 καὶ
705 1863 781 1898 τῶν
801 1860 1011 1899 ἐπιστολῶν
1035 1862 1104 1898 τοῦ
1129 1855 1347 1899 ἀποστόλου
1372 1861 1491 1908 δεῖξαι
1513 1857 1630 1900 αὐτὸν
1656 1861 1696 1901 ἐν
1717 1865 1800 1916 θεῷ
1820 1862 1899 1913 ἕχο-

375 1945 443 1982 μεν
467 1926 670 1968 ἀπατεῶνα
692 1927 758 1966 καὶ
780 1927 1090 1978 πεπλανημένον,
1131 1926 1196 1966 καὶ
1221 1924 1414 1978 οἷκρότατα
1437 1928 1631 1981 διελέγξαι.
1689 1926 1750 1976 Ἐξ
1771 1925 1899 1968 αὐτῶν

375 1995 447 2052 γάρ
470 1992 748 2047 ἀναμφιβόλως
767 1998 844 2034 τῶν
868 1991 955 2047 παρ’
976 1991 1095 2034 αὐτοῦ
1117 1991 1435 2048 ὁμολογουμένων
1456 1992 1776 2048 άνατραπήσεται.
1832 1993 1898 2036 Ἐκ

378 2063 449 2120 γάρ
471 2067 548 2104 τῶν
570 2059 697 2102 αὐτῶν
716 2062 770 2102 ἔτι
792 2058 881 2114 παρ’
902 2059 1023 2101 αὐτοῦ
1041 2060 1238 2112 λειψάνων
1257 2066 1325 2103 τοῦ
1344 2078 1381 2102 τε
1402 2059 1620 2117 εὐαγγελίου
1641 2064 1707 2104 καὶ
1724 2067 1800 2104 τῶν
1818 2065 1896 2105 ἑπι-

379 2135 524 2173 στολῶν
547 2127 830 2183 εὑρισκομένων
852 2127 1093 2181 δειχθήσεται
1113 2127 1134 2170 ὁ
1157 2128 1325 2184 Χριστὸς
1344 2135 1423 2178 τοῖς
1442 2136 1614 2179 συνετοῖς
1635 2129 1687 2183 μὴ
1704 2129 1900 2185 άλλότριος

378 2197 476 2241 εἶναι
495 2202 660 2245 παλαιᾶς
686 2195 901 2249 διαθήκης,
933 2197 997 2236 καὶ
1022 2199 1061 2237 οἱ
1080 2202 1279 2250 προφῆται
1301 2193 1373 2238 οὖν
1397 2196 1468 2239 οὐκ
1492 2196 1680 2252 ἀλλότριοι
1703 2197 1810 2247 ὅντες
1830 2204 1899 2252 τῆς

377 2272 445 2309 τοῦ
469 2269 607 2321 κυρίου
630 2267 835 2317 ἐνδημίας,
879 2265 945 2304 καὶ
967 2263 1025 2305 ὅτι
1049 2263 1256 2306 ἀνάστασιν
1280 2264 1422 2320 σαρκὸς
1444 2264 1466 2307 0‘
1486 2264 1699 2314 ἀπόστολος
1720 2265 1898 2319 κηρύττει

378 2336 441 2377 καὶ
466 2336 639 2382 δικαίους
664 2331 755 2380 τούς
780 2331 987 2386 προφήτας
1010 2330 1206 2385 ὀνομάζει,
1249 2335 1315 2374 καὶ
1345 2335 1384 2375 ἐν
1406 2335 1633 2387 σωζομένοις
1654 2331 1899 2387 ὖπάρχοντας

378 2402 468 2451 τούς
489 2403 577 2456 περὶ
596 2399 770 2455 Ἀβραάμ
793 2401 856 2441 καὶ
873 2398 1001 2441 Ἰσαάκ
1021 2401 1084 2441 καὶ
1103 2398 1252 2454 Ἰακώβ,
1279 2403 1344 2443 καὶ
1363 2401 1489 2443 πάντα
1509 2401 1581 2444 ὅσα
1601 2402 1679 2443 ε’στὶ
1698 2406 1766 2454 τῆς
1787 2399 1898 2457 άγίας

378 2475 447 2512 τοῦ
475 2474 574 2511 θεοῦ
604 2471 805 2521 ἐκκλησίας
839 2467 1041 2522 2σωτήριά
1068 2485 1105 2509 τε
1132 2470 1197 2509 καὶ
1225 2468 1314 2523 ἅγια
1344 2471 1410 2511 καὶ
1437 2472 1479 2512 ἐκ
1502 2474 1603 2511 θεοῦ
1631 2470 1896 2524 έστηριγμένα,

379 2540 419 2580 ἕν
447 2555 486 2580 τε
513 2543 559 2595 τῇ
591 2539 713 2578 πίστει
742 2537 808 2577 καὶ
838 2537 879 2577 ἐν
909 2540 953 2593 τῇ
983 2534 1119 2590 γνώσει
1149 2539 1214 2578 καὶ
1245 2539 1284 2579 ἐν
1315 2539 1437 2579 ἐλπίδι
1468 2539 1532 2579 καὶ
1562 2539 1798 2593 διδασκαλία.

496 2672 790 2728 Παραθήσομαι
809 2672 849 2713 δὲ
867 2672 932 2713 καὶ
953 2670 1002 2724 ἣν
1021 2672 1264 2726 ἐποιησάμην
1282 2672 1364 2714 κατ’
1383 2672 1503 2715 αὐτοῦ
1522 2675 1785 2727 πραγματείαν
1804 2675 1897 2729 πρὶν

380 2747 448 2783 τοῦ
473 2740 615 2794 ταύτην
638 2758 714 2794 μου
740 2739 809 2793 τὴν
834 2739 1010 2788 σύνταξιν
1036 2741 1318 2782 ἐσπουδακέναι
1342 2739 1407 2782 διά
1430 2746 1499 2794 τῆς
1522 2739 1652 2793 ὑμῶν,
1690 2745 1767 2781 τῶν
1789 2740 1894 2783 άδελ·

382 2814 482 2861 φῶν,
503 2813 726 2864 προτροπῆς
746 2807 996 2861 ποιήσασθαι.
1047 2805 1141 2849 'Ano‘
1166 2811 1259 2850 ε’τῶν
1286 2815 1298 2838 ¹
1317 2811 1460 2850 ἱκανῶν
1480 2806 1692 2863 άνερευνῶν
1713 2807 1784 2862 τὴν
1805 2808 1891 2851 τού-

427 2913 502 2944 ΟΑΡ.
520 2913 579 2945 IX.
602 2930 644 2936 —
676 2912 703 2944 1.
727 2914 821 2952 Vulyo
842 2910 1050 2949 Λαοδικείας.

425 2958 456 2990 2.
482 2955 630 3000 σωτήριά
653 2967 689 2990 τε
712 2956 768 2990 καὶ
791 2959 858 2989 cod.
882 2959 975 2988 Vatic.
1022 2967 1057 2989 τε
1082 2955 1231 3000 σωτήρια
1256 2957 1313 2991 καὶ
1336 2959 1426 2998 vulgo
1450 2959 1542 2989 extat.
