2034 3267
439 136 617 169 PANARH
642 136 767 169 L1e.1.
792 136 897 168 ToM.
916 137 973 168 111.
997 135 1252 167 HAER.XL11.
1530 126 1608 166 609

89 213 254 255 Possum
286 221 324 254 et
349 215 550 256 innumera
582 216 653 256 alia
678 229 931 270 percensere,
978 230 1061 255 cum
1090 214 1316 269 praesertim
1341 228 1361 254 a
1387 212 1538 253 domino
1562 212 1611 254 sit

95 282 233 323 dictum
248 314 258 333 ,
290 285 338 322 Si
354 286 480 334 Moysi
499 287 718 331 crederetis,
753 286 951 323 crederetis
960 285 1129 336 forsitan
1149 291 1185 321 et
1205 284 1304 321 milu’.
1368 284 1422 320 De
1442 296 1498 320 me
1518 283 1611 320 enim
1626 293 1809 329 loann.5,4e.

89 352 155 389 ille
183 353 348 402 scripsit.

203 416 337 458 Schol.
361 417 561 459 XXVIII.
607 417 775 470 Deerat,
808 422 1008 470 Propterea
1031 426 1069 457 et
1089 421 1267 470 sapientia
1292 420 1353 456 clei
1371 420 1486 464 dz'oeit,
1520 420 1611 457 Mz't-
1629 425 1699 453 Luc.
1714 426 1754 460 11,
1771 426 1811 453 ⁴⁹.

91 494 161 525 tam
184 489 234 525 acl
256 489 341 525 illos
356 489 579 538 prophetas,
625 494 663 527 et
688 488 732 527 de
755 488 941 540 sanguine
968 485 1184 526 Zachariae
1209 493 1247 526 et.
1267 485 1367 526 Abel
1392 493 1428 526 et
1451 486 1611 540 prophe-

92 561 239 605 tarum,
274 558 452 604 Quoniam
482 558 695 607 requiretur·
722 569 744 594 a
771 558 1011 606 generatione
1039 556 1121 592 liae.

200 621 334 663 Resut.
360 620 558 663 XXVIII.
606 621 816 661 Enimvero
847 635 1031 661 summam
1065 621 1123 661 hic
1152 620 1242 671 tibi,
1284 619 1460 671 Marcio,
1503 621 1610 661 locus

88 690 337 743 ignominiam
360 690 497 740 inurit,
533 704 617 729 cum
645 690 820 729 veritatis
844 689 965 729 adhuc
988 690 1138 742 integra
1162 690 1282 728 forma
1307 689 1440 728 relicta
1463 689 1535 740 sit,
1569 703 1612 728 ac

90 759 218 798 furtim
249 773 270 799 a
302 766 338 798 te
362 758 511 798 sublata
536 757 781 811 mutilataque
808 757 891 797 loca
918 757 1025 797 facile
1052 757 1315 811 reperiantur,
1359 770 1401 796 ac
1427 770 1523 810 quae
1550 757 1613 796 de-

91 833 200 877 sunt,
233 827 271 866 in
294 825 495 879 Evangelii
519 826 726 865 secundum
749 823 896 865 Lucam
920 824 1203 879 exemplaribus
1223 825 1398 878 legantur
1420 824 1611 875 omnibus,

92 902 131 934 ut
162 908 258 948 quae
289 894 355 934 abs
387 901 425 933 te
455 899 544 934 sunt
573 893 792 933 interversa
822 893 1046 947 prodantur.

204 960 335 1002 Schol.
361 958 524 1001 XXIX.
570 963 661 999 Dico
691 968 810 999 autem
841 964 969 1000 amieis
998 964 1085 999 meis
1095 991 1106 1008 ,
1149 963 1275 999 Nolite
1305 963 1432 1000 timere
1461 976 1520 1000 eos
1551 964 1617 1013 qai
1633 971 1760 1007 Cap.12‚
1773 974 1796 999 4.

90 1032 264 1069 occidant
284 1044 438 1081 corpas:
485 1031 605 1067 timete
628 1043 712 1067 vero
737 1044 817 1068 eam
830 1060 841 1077 ,
883 1032 949 1081 qai
964 1037 1159 1081 postquam
1185 1031 1365 1067 occiderit
1384 1030 1494 1067 habet
1511 1036 1613 1080 pote-

89 1106 218 1137 statem
239 1100 408 1137 mittendi
423 1100 460 1135 in
484 1099 677 1135 Geennam.
720 1095 806 1137 Nec
829 1097 992 1137 habebat
1014 1097 1127 1137 illud:
1156 1098 1288 1136 Nonne
1310 1100 1469 1149 quinque
1485 1111 1613 1149 passe—

90 1181 150 1205 res
170 1173 327 1206 veneant
347 1168 552 1218 dupondio,
586 1173 620 1204 et
642 1180 736 1204 *anas
764 1181 811 1204 eoe
836 1167 913 1204 illis
935 1180 1007 1204 non
1037 1173 1093 1204 est
1118 1168 1154 1204 in
1178 1166 1357 1204 oblivione
1381 1179 1505 1203 eoram
1527 1167 1614 1204 dei?

200 1301 335 1343 Refut.
357 1299 520 1342 XXIX.
567 1300 675 1341 Haec
703 1301 783 1355 ipsa
806 1301 948 1342 verba:
993 1305 1083 1340 Dico
1106 1316 1174 1352 ego
1197 1304 1325 1340 amieis
1347 1304 1455 1348 meis,
1490 1303 1616 1340 Nolite

92 1374 220 1410 timere
241 1385 301 1409 eos
323 1373 390 1422 qai
406 1373 577 1409 occidant
597 1384 750 1421 corpas.-
797 1373 911 1409 limite
933 1385 1018 1408 vero
1039 1384 1118 1408 eam
1141 1373 1208 1421 qm·
1222 1377 1416 1422 postquam
1439 1372 1615 1408 occiderit

91 1454 224 1491 corpas
250 1439 359 1477 habet
374 1445 592 1490 potestatem
615 1440 784 1477 mittendi
800 1442 957 1478 animam
979 1441 1016 1477 in
1040 1441 1240 1484 Geennam,
1275 1437 1477 1492 parabolae
1502 1438 1613 1477 etiam

90 1507 237 1561 reliqua
261 1506 372 1546 fateri
397 1513 433 1546 te
454 1513 610 1560 cogunt.
674 1504 828 1546 Etenim
847 1506 929 1546 sine
953 1506 1010 1546 dei
1034 1513 1126 1546 nutu
1149 1505 1242 1545 nihil
1264 1505 1418 1545 omnino
1441 1506 1613 1559 geritur3

91 1575 264 1629 quamvis
289 1574 388 1628 quod
414 1574 459 1614 de
483 1573 704 1628 passeribus
724 1574 906 1628 scriptum
929 1581 988 1614 est
1011 1574 1180 1614 auferas.
1242 1570 1363 1626 Igitur
1384 1573 1429 1613 (16
1449 1573 1496 1613 iis
1521 1587 1616 1628 quae

89 1643 128 1683 in
152 1643 223 1682 hac
244 1641 437 1682 sententia
458 1641 635 1682 dicuntur
658 1642 849 1682 reddenda
872 1641 938 1681 tibi
961 1642 1057 1682 ratio
1079 1649 1158 1692 est,
1194 1657 1215 1682 0
1237 1641 1404 1683 Marcio.
1465 1641 1525 1682 Ac
1550 1655 1616 1682 ve-

91 1710 156 1750 lim
182 1709 273 1751 mihi
297 1710 532 1764 respondeas
564 1710 650 1764 quid
685 1710 729 1749 de
758 1723 803 1750 eo
827 1723 989 1749 censeas
1017 1710 1078 1763 qui
1104 1716 1332 1764 potestatem
1358 1710 1500 1750 habere
1526 1709 1617 1750 dici-

93 1785 168 1818 tur.
229 1776 272 1819 Si
299 1778 399 1818 enim
427 1784 572 1832 patrem
599 1778 703 1818 illum
729 1775 873 1818 Christi
906 1791 993 1818 esse
1021 1778 1190 1828 dixeris,
1235 1779 1471 1832 eundemque
1505 1791 1615 1831 quem

93 1854 130 1887 tu
156 1847 298 1886 bonum
325 1859 412 1886 esse
437 1846 547 1885 deum
571 1846 789 1900 praedicas,
822 1845 895 1886 etsi
919 1846 1016 1886 male
1040 1852 1078 1886 tu
1102 1846 1250 1900 quidem
1274 1860 1454 1901 separas,
1489 1853 1615 1886 tamen

93 1914 270 1969 quoniam
296 1920 484 1968 potestate
507 1914 701 1968 praeditus
722 1921 794 1964 est,
827 1914 990 1954 iudicem
1013 1928 1100 1954 esse
1120 1914 1331 1965 confiteris,
1366 1914 1427 1968 qui
1450 1929 1518 1969 pro
1539 1928 1617 1954 me-

92 1982 176 2022 ritis
196 1981 276 2022 suis
297 1982 590 2036 unumquodque
611 1989 848 2036 compenset.
895 1982 974 2023 Aut
990 1982 1021 2023 si
1042 1982 1156 2022 alium
1180 1996 1265 2023 esse
1287 1983 1500 2036 quempiam
1522 1983 1617 2023 iudi-

93 2064 181 2101 cas,
225 2051 461 2090 conditorem
488 2050 657 2099 scilicet,
701 2064 810 2104 quem
834 2058 873 2090 tu
899 2050 1049 2106 proprie
1071 2050 1232 2090 iudicem
1259 2051 1484 2100 constituis,
1520 2052 1614 2091 cedo

94 2119 176 2173 quis
210 2118 244 2158 ei
273 2125 499 2173 potestatem
530 2117 779 2158 commiserit.
841 2117 951 2158 Hanc
982 2118 1081 2158 enim
1114 2119 1145 2159 si
1174 2118 1287 2158 habet
1311 2119 1394 2173 ipse
1420 2132 1488 2172 per
1509 2133 1612 2169 sese,

94 2200 254 2240 magnus
279 2186 407 2240 utique
430 2192 510 2236 est,
546 2200 589 2226 ac
613 2192 801 2240 potestate
824 2186 1032 2241 praeditus.
1096 2184 1208 2239 Quod
1234 2187 1264 2226 si
1287 2186 1478 2226 iudicandi
1498 2200 1615 2241 penes

95 2268 180 2294 eum
207 2254 367 2295 facultas
394 2261 476 2305 est,
521 2254 594 2294 erit
624 2260 662 2293 et
689 2254 884 2295 servandi.
947 2253 1023 2307 Qui
1050 2255 1150 2294 enim
1174 2253 1476 2294 iurisdictionem
1502 2268 1617 2295 exer-

95 2336 182 2362 cere
205 2329 353 2377 potest,
388 2328 513 2376 potest
536 2328 573 2361 et
594 2321 812 2362 absolvere.
873 2320 1098 2372 Praeterea,
1133 2322 1163 2362 si
1186 2337 1268 2362 cum
1289 2322 1406 2362 iudex
1426 2322 1462 2362 in
1486 2321 1615 2363 Geeu-

96 2403 182 2430 nam
204 2390 432 2445 praecipites
459 2389 625 2429 immittit
646 2389 815 2441 animas,
848 2389 970 2430 bonus
994 2390 1056 2430 ille
1078 2391 1186 2440 deus,
1221 2390 1282 2444 qui
1306 2397 1448 2430 tantam
1472 2390 1616 2430 anima-

95 2471 178 2498 rum
201 2472 329 2498 curam
351 2457 466 2512 gerit,
496 2471 571 2497 non
596 2470 659 2497 eas
680 2456 832 2508 liberat,
860 2458 990 2498 haberi
1012 2459 1134 2498 honus
1154 2457 1215 2512 qui
1239 2458 1403 2511 poterit?
1432 2465 1497 2499 aut
1515 2458 1616 2498 enim

95 2524 158 2565 ille
181 2525 317 2566 sortior
339 2532 418 2575 est,
453 2538 523 2565 nec
545 2538 596 2564 ex
619 2524 702 2565 eius
726 2525 899 2566 manibus
921 2533 1155 2580 extorquere
1177 2532 1316 2579 potest,
1352 2533 1416 2566 aut
1438 2533 1477 2566 ut
1501 2527 1616 2566 facul-

97 2599 153 2632 tas
175 2599 366 2648 suppetat,
401 2593 511 2633 deest
534 2599 659 2633 tamen
684 2592 867 2633 liberandi
890 2595 1082 2636 voluntas.
1144 2592 1305 2634 Ubinam
1328 2593 1445 2646 igitur
1464 2593 1528 2633 illa
1548 2594 1615 2634 ho-

98 2660 197 2701 nitas
229 2662 312 2702 est?
371 2659 440 2702 Sin
469 2660 644 2714 quoniam
672 2661 769 2701 alter
794 2661 857 2701 ille
881 2662 1069 2713 condidit,
1116 2662 1200 2701 ideo
1229 2669 1267 2701 et
1291 2661 1482 2702 iudicandi
1509 2670 1615 2716 pote-

97 2734 177 2768 stas
201 2729 237 2769 ei
259 2728 454 2779 tribuitur,
488 2728 677 2782 quomodo
703 2743 903 2783 supremus
924 2730 1008 2780 ille,
1043 2744 1152 2784 quem
1176 2729 1303 2782 fingis,
1336 2729 1429 2770 deus
1454 2731 1615 2771 nonnul-

97 2794 155 2835 los
182 2809 232 2836 ex
262 2796 385 2851 aliqua
413 2803 520 2851 parte
545 2796 709 2836 liberare
735 2797 898 2837 dicitur?
957 2796 1051 2838 Sive
1078 2798 1177 2837 enim
1199 2797 1324 2836 aliena
1347 2797 1500 2851 rapiens
1524 2813 1615 2838 con-

99 2870 252 2915 servat,
284 2864 462 2905 iniuriam
488 2864 692 2918 cupiditate
717 2878 784 2904 sua
809 2865 897 2905 l'acit
920 2866 1050 2915 alteri,
1085 2865 1166 2904 sive
1190 2872 1392 2918 propterea
1416 2879 1534 2919 negas
1556 2867 1614 2906 in—

98 2930 234 2972 iuriam
260 2945 367 2983 esse,
401 2932 507 2990 quod·
523 2932 568 2972 ad
587 2931 725 2972 bonum
747 2932 905 2973 alicuius
928 2947 970 2973 ac
992 2933 1150 2974 salutem
1172 2933 1329 2982 referat,
1363 2946 1614 2987 personarum

169 2997 283 3034 Corpus
303 2997 480 3026 Haereseol.
500 2997 536 3025 11.
1293 3003 1344 3042 39
