2034 3267
208 409 294 451 Κεφ.
313 405 357 450 η’.

215 1161 281 1189 pag.
300 1152 358 1180 289.

199 1754 283 1797 Κεφ.

310 1751 339 1770 k'

310 1780 328 1788 u
346 1779 353 1787 ο

381 178 459 217 530
941 180 1099 212 SANCTI
1122 180 1342 211 ΕΡΙΡΗΑΝΠ

377 260 466 302 νεάν
484 257 799 314 προβαινόντων,
830 258 896 298 καὶ
916 255 1013 298 κατά
1037 255 1219 309 διαδοχὴν
1242 258 1333 297 υίοῦ
1354 257 1500 311 πατέρα
1519 259 1814 311 διαδεχομένου,
1847 257 1901 305 εἰς

381 326 511 382 γενεάς
541 327 652 367 πέντε
683 323 706 367 ό
735 323 833 366 αἰών
863 322 1029 377 ἐλήλακε.

493 395 570 434 Καὶ
591 395 722 448 γέγονε
743 391 824 434 κατ’
846 394 969 434 έκεῖνο
997 395 1137 446 καιροῦ
1161 389 1187 443 ἦ
1210 395 1278 442 τῆς
1297 393 1531 443 Βαβυλῶνος
1554 395 1674 441 κτίσις
1694 394 1735 434 έν
1755 397 1802 449 τῇ
1824 396 1901 432 τῶν

375 461 588 516 Ἀσσυρίων
611 465 680 518 γῇ,
723 462 789 502 καὶ
814 458 836 501 ό
858 458 921 500 ὑπ’
946 457 1076 500 αὐτῶν
1098 459 1380 511 οἰκοδομηθεὶς
1403 457 1485 500 τότε
1506 458 1664 513 πύργος.
1716 455 1838 500 ςΗσαν
1860 458 1901 500 δὲ

375 529 474 571 κατά
504 534 642 570 τοῦτον
672 527 739 569 τόν
767 526 923 583 καιρόν,
967 525 1019 575 ὦς
1042 525 1117 579 ἤδη
1144 528 1184 568 έν
1208 532 1293 574 ταῖς
1317 525 1505 580 πρότερον
1530 529 1692 581 αίρέσεσι
1719 525 1900 581 διηγησά-

377 615 466 650 μην,
493 595 592 638 nate}
614 596 682 638 τόν
703 595 834 648 εΐρμὸν
855 600 931 636 τῶν
956 594 1036 636 ἅνω
1060 611 1127 647 μοι
1145 598 1285 648 γενεῶν
1306 599 1675 648 πραγματευθεισῶν
1700 597 1739 636 οἱ
1760 593 1902 642 πάντες

377 663 721 720 ἑβδομηκονταδύο
745 663 882 718 ἄνδρες
903 661 969 704 τόν
995 660 1180 717 οἷριθμόν,
1212 660 1372 716 άρχηγοί
1396 678 1434 702 τε
1459 663 1524 703 καὶ
1548 667 1807 712 κεφαλαιῶται
1831 666 1901 702 τοῦ

376 733 445 785 μὲν
471 732 562 785 Χάμ
592 733 730 788 γένους
758 729 1060 787 τριακονταδύο,
1100 731 1167 771 καὶ
1198 734 1267 770 τοῦ
1299 728 1464 781 1’Ῑαφεθ
1494 730 1721 781 δεκαπέντε,
1765 734 1835 772 τοῦ
1860 729 1902 770 δὲ

379 800 496 854 2Σήμ
517 802 759 842 εἰκοσιπέντε.
816 801 895 840 Καὶ
915 798 1041 846 οὕτως
1066 796 1087 839 ὁ
1107 803 1254 852 πῦργος
1276 799 1341 838 καὶ
1362 795 1387 850 ἦ
1409 797 1598 850 Βαβυλών
1622 798 1778 851 ἐγένετο.
1835 795 1900 838 Ἐκ

376 867 528 910 τούτων
559 867 821 923 διεσπάρησαν
851 869 914 909 ἐπὶ
945 872 1073 908 πᾶσαν
1101 865 1170 919 τήν
1200 869 1270 921 γῆν
1294 868 1413 917 φυλαί
1436 881 1475 905 τε
1498 866 1563 906 καὶ
1586 869 1761 920 γλῶσσαι.
1823 866 1900 906 Καὶ

380 939 534 991 ἐπείπερ
561 939 600 978 οἵ
618 934 959 989 ἑβδομηκονταδύο
987 933 1070 975 τότε
1095 933 1162 975 τόν
1184 933 1334 989 πύργον
1358 935 1657 986 οἰκοδομοῦντες
1681 938 1765 980 ταῖς
1786 931 1899 987 γλώσ-

379 1020 466 1053 σαις
493 1003 825 1056 διεσκεδάσθησαν
852 1004 1126 1057 συγχυθέντες,
1168 1003 1234 1043 καὶ
1264 1000 1340 1042 άπὸ
1373 1006 1463 1053 μιᾶς
1489 995 1537 1053 ἦς
1570 999 1709 1057 ᾔδεσαν
1739 1001 1901 1053 ἐμπνευ-

378 1073 538 1121 σθέντες
571 1074 613 1114 ἐκ
646 1078 745 1114 θεοῦ
775 1071 994 1124 βουλήσεως
1025 1069 1136 1118 ἄλλος
1168 1068 1284 1122 ἄλλην
1312 1068 1526 1122 ἐσχήκασιν.
1583 1067 1644 1117 Ἐξ
1678 1063 1804 1123 ὦνπερ
1835 1070 1902 1109 καὶ

379 1142 487 1196 μέχρι
517 1143 632 1194 δεῦρο
663 1138 688 1192 ἦ
719 1139 899 1187 σύστασις
925 1143 1000 1179 τῶν
1021 1142 1160 1178 λαλιῶν
1184 1138 1393 1189 ἐνέστηκεν.
1440 1135 1557 1184 ἽΩςτε
1581 1137 1803 1193 βουλομένῳ
1827 1137 1902 1177 ἕνε-

379 1223 460 1250 στιν
488 1206 613 1262 εὑρεῖν
640 1209 801 1249 ἕκαστον
833 1205 1000 1261 α’ρχηγόν
1030 1205 1192 1258 ἑκάστης
1222 1204 1413 1260 γλώσσης·
1454 1201 1507 1252 οἷς
1540 1202 1705 1245 3Ἰωυάν
1736 1204 1805 1256 μὲν
1833 1202 1902 1257 τὴν

374 1275 574 1329 Ἑλληνίδα
597 1277 719 1328 ἔσχεν,
752 1277 790 1323 ἐξ
812 1269 932 1328 οὗπερ
951 1275 1015 1314 καὶ
1029 1272 1158 1321 Ἴωνες
1178 1274 1378 1325 κέκληνται
1400 1273 1439 1313 οἵ
1455 1270 1522 1325 τήν
1541 1271 1708 1313 παλαιάν
1730 1276 1902 1326 γλῶσσαν

376 1349 454 1385 τῶν
472 1342 664 1396 Ἑλλήνων
686 1344 854 1395 ἔχοντες,
891 1340 1022 1395 Θήρας
1044 1342 1084 1382 δὲ
1106 1346 1184 1382 τῶν
1208 1344 1396 1397 Θρᾳκῶν,
1428 1339 1569 1393 Μοσόχ
1590 1339 1659 1393 τήν
1678 1343 1900 1381 Μοσσυνοί-

376 1428 457 1452 κων
477 1416 670 1466 γλῶσσαν,
705 1410 838 1462 Θωβὲλ
861 1408 931 1462 τήν
956 1413 1033 1450 τῶν
1060 1412 1279 1459 Θετταλῶν,
1313 1406 1450 1449 Ἐλοῦδ
1475 1407 1545 1461 τὴν
1569 1410 1735 1458 Λυδῶν,
1767 1406 1900 1463 Γεφάρ

377 1477 448 1532 τήν
472 1482 713 1531 Γασφηνῶν,
755 1477 935 1531 Μιστρὲμ
960 1475 1031 1529 τὴν
1055 1482 1131 1518 τῶν
1156 1478 1402 1531 Αἰγυπτίων,
1452 1480 1561 1524 Ψοῦς
1583 1474 1652 1528 τήν
1674 1480 1752 1517 τῶν
1770 1473 1898 1524 Ἀξου-

378 1551 517 1599 μιτῶν,
556 1544 716 1600 Ἀρμῶτ
738 1544 808 1598 τήν
834 1549 910 1586 τῶν
938 1543 1143 1599 Ἀράβων,
1183 1546 1248 1585 καὶ
1273 1548 1350 1585 τῶν
1375 1548 1520 1585 λοιπῶν
1545 1545 1722 1594 ἕκαστος,
1760 1545 1825 1584 ἵνα
1849 1542 1901 1596 μή

338 1628 351 1640 ¹·
376 1616 528 1656 καθένα
550 1615 667 1669 λέγω,
708 1615 808 1654 ἰδίαν
833 1611 1074 1665 ἐνεπνεύσθη
1101 1616 1283 1667 γλῶσσαν.
1344 1612 1423 1652 Καὶ
1448 1611 1572 1660 οὕτως
1596 1610 1758 1664 ἑκάστης
1783 1609 1899 1666 γλώσ-

378 1697 449 1735 σης
477 1680 503 1735 ἦ
534 1680 694 1734 διαδοχὴ
725 1683 765 1723 ἐν
795 1685 847 1737 τῷ
878 1680 1011 1737 κόσμῳ
1042 1679 1313 1721 πεπλάτυνται.

493 1748 630 1791 Πόθεν
662 1752 794 1790 τοίνυν
823 1743 932 1789 οὗτοι
962 1747 1282 1803 ἐψευδηγόρησαν
1309 1745 1437 1788 αὐτῶν
1470 1745 1515 1788 τά
1547 1746 1721 1801 ῥήματα,
1764 1762 1902 1801 παρεν-

376 1818 512 1865 θέντες
536 1816 604 1870 τήν
627 1818 773 1858 ἑαυτῶν
799 1820 1042 1870 μυθοποιίαν
1067 1815 1364 1868 φανταζόμενοι,
1405 1816 1471 1856 καὶ
1495 1812 1833 1869 ὀνειροπολοῦντες
1855 1813 1900 1855 τά

379 1883 430 1937 μή
455 1883 547 1926 ὄντα
573 1883 625 1933 ὠς
650 1883 761 1935 ὅντα,
801 1886 867 1925 καὶ
890 1883 937 1925 τά
962 1883 1054 1925 ὄντα
1079 1889 1147 1937 τῆς
1172 1885 1320 1925 ἑαυτῶν
1342 1885 1516 1931 διανοίας
1539 1882 1900 1932 διασκεδαννύντες,

377 1951 487 1994 Ἀλλοὶ
508 1951 551 1994 τὸ
575 1957 654 1994 πᾶν
677 1957 746 1993 τοῦ
769 1952 952 2005 διαβόλου
973 1951 1152 2006 βούλημα
1174 1955 1286 1993 τοῦτο
1307 1952 1521 2004 ἐνεκίσσησε
1543 1956 1625 1999 ταῖς
1646 1955 1723 1991 τῶν
1746 1948 1898 2003 ἀνθρώ-

377 2038 463 2062 πων
484 2027 647 2074 ψυχαῖς·
679 2022 756 2061 {aa
777 2021 817 2060 δὲ
840 2022 935 2061 ἰδεῖν
956 2021 1021 2061 καὶ
1042 2019 1248 2072 θαυμάσαι
1271 2017 1324 2068 ὥς
1345 2020 1386 2061 ἐν
1408 2024 1564 2066 πολλοῖς
1587 2018 1654 2071 μὲν
1679 2016 1900 2070 ἆτοπήμασι

378 2087 446 2130 τὸν
466 2087 683 2143 ἄνθρωπον
703 2087 874 2140 ἤπάτησε
895 2089 959 2128 καὶ
979 2090 1031 2136 εἰς
1051 2090 1298 2142 παρανομίαν
1317 2088 1565 2137 κατέσπασεν,
1589 2089 1644 2134 εἴς
1661 2102 1700 2127 τε
1718 2088 1900 2141 πορνείας

377 2158 444 2197 καὶ
464 2160 633 2210 μοιχείας
650 2157 714 2197 καὶ
734 2154 937 2210 ἀσελγείας,
959 2158 1234 2208 είδωλομανίας
1251 2172 1290 2196 τε
1309 2156 1375 2197 καὶ
1394 2157 1570 2210 γοητείας
1588 2155 1654 2196 καὶ
1673 2155 1897 2206 αἱματεκχυ-

378 2227 482 2275 σίας,
525 2223 704 2279 άρπαγάς
728 2240 766 2264 τε
790 2224 856 2264 καὶ
880 2222 1109 2276 ἀπληστίας,
1140 2226 1296 2276 κυβείας
1319 2240 1358 2264 τε
1379 2224 1444 2264 καὶ
1469 2221 1708 2276 ἀδηφαγίας,
1738 2222 1803 2262 καὶ
1826 2220 1898 2263 ὅσα

377 2297 548 2334 τοιαῦτα.
613 2290 798 2344 Οὕδαμοῧ
830 2291 870 2332 δὲ
900 2290 975 2345 πρό
1002 2296 1070 2344 τῆς
1093 2296 1163 2333 τοῦ
1189 2296 1361 2346 Χριστοῦ
1384 2293 1599 2345 παρουσίας
1622 2290 1823 2343 ἐτόλμησεν
1845 2292 1898 2338 εἰς

379 2358 446 2401 τόν
477 2361 618 2402 ἑαυτοῦ
646 2358 836 2412 δεσπότην
862 2360 1109 2413 φθέγξασθαι
1135 2358 1363 2412 βλάσφημόν
1386 2377 1471 2400 τινα
1494 2357 1628 2413 λόγον,
1667 2356 1694 2410 ἢ
1716 2356 1898 2412 ἅνταρσιν

379 2429 571 2481 ἐννοῆσαι.
628 2426 810 2480 Ἀνέμενε
833 2426 904 2482 γάρ
930 2425 995 2467 τὸν
1018 2432 1086 2468 τοῦ
1112 2432 1282 2481 Χριστοῦ
1306 2429 1544 2482 παρουσίαν,
1576 2423 1628 2474 ὥς
1647 2426 1761 2480 λέγει,
1796 2426 1896 2480 Περὶ

379 2501 449 2537 σοῦ
471 2497 682 2551 γέγραπται
712 2495 790 2546 ὅτι,
829 2501 910 2542 τοῖς
933 2492 1103 2548 οἷγγέλοις
1126 2493 1248 2537 αὐτοῦ
1271 2496 1468 2536 ἐντελεῖται
1494 2494 1582 2548 περὶ
1606 2497 1698 2543 σοῦ,
1740 2494 1805 2534 καὶ
1831 2494 1897 2534 ἐπὶ

378 2569 516 2619 χειρῶν
539 2562 678 2619 άροῦσί
705 2577 754 2604 σε.
803 2561 949 2603 ’Ἠκουε
973 2560 1044 2616 γάρ
1067 2561 1125 2603 daz
1146 2568 1223 2604 τῶν
1244 2567 1457 2616 προφητῶν
1476 2559 1804 2615 καταγγελλόντων
1827 2559 1896 2613 τήν

382 2635 555 2686 Χριστοῦ
579 2634 817 2686 παρουσίαν,
855 2629 1041 2685 λύτρωσιν
1065 2631 1250 2683 ἐσομένην
1275 2635 1352 2671 τῶν
1377 2627 1701 2684 ἁμαρτησάντων,
1739 2629 1806 2668 καὶ
1831 2627 1897 2670 διὰ

384 2703 554 2752 Χριστοῦ
585 2698 896 2753 μετανοούντων,
939 2697 1084 2750 ἐνόμιζέ
1112 2715 1149 2739 τε
1177 2697 1387 2748 τεύξασθαί
1416 2715 1519 2745 τινος
1550 2696 1687 2744 ἐλέους.
1735 2695 1828 2737 ’Ότε
1854 2696 1896 2738 δὲ

379 2766 479 2810 εἶδεν
500 2767 523 2810 ὁ
542 2767 657 2817 τάλας
675 2766 741 2810 τόν
766 2765 935 2822 Χριστὸν
956 2764 1007 2819 μή
1029 2764 1234 2818 δεξάμενον
1256 2764 1377 2808 αὐτοῦ
1398 2765 1469 2819 τήν
1489 2765 1578 2820 περὶ
1601 2766 1791 2819 σωτηρίας
1813 2765 1892 2806 ἐπι-

425 2895 501 2926 CAP.
524 2895 611 2926 Vm.
634 2912 674 2917 —
703 2894 730 2926 1.
755 2896 840 2925 Libri
863 2895 971 2925 habent
993 2890 1087 2934 Σήμ.
1155 2890 1194 2926 δὲ
1217 2891 1302 2934 Σήμ
1330 2890 1541 2926 εἰκοσιπέντε.

423 2940 454 2970 2.
478 2941 561 2971 Libri
589 2941 698 2970 habmt
728 2936 856 2980 Ἰάφεὶῒ.
887 2956 931 2961 —
967 2940 1110 2969 petavius
1199 2937 1229 2969 3.
1253 2934 1414 2978 ’[ωἴωάν,
1446 2939 1472 2968 si
1495 2939 1570 2967 recle
1594 2937 1679 2976 1890,
1714 2938 1893 2968 annotatum

378 2987 535 3024 proposuit
558 2984 614 3018 τοῦ
638 2981 676 3018 δὲ
694 2980 813 3025 Ἰάφεξῖ
837 2981 1032 3023 δεκαπέντε,
1056 2984 1112 3015 τοῦ
1159 2986 1200 3014 est
1224 2992 1261 3014 esc
1284 2984 1349 3014 cod.
1370 2983 1525 3013 Vaticano.
