2034 3267
463 178 638 211 PANARH
664 179 761 210 ADV.
786 178 1006 210 HAERESES
1031 178 1109 209 Lis.
1131 179 1154 209 1.
1178 177 1282 210 ToM.
1304 179 1326 209 1.
1593 170 1641 208 41

139 258 176 298 in
201 256 420 298 Graeciam.
480 255 559 296 Per
580 256 667 296 illud
692 263 839 311 tempus
863 255 989 296 Ninus
1013 270 1058 296 ac
1080 254 1304 296 Semiramis
1329 254 1505 310 Assyriis
1527 254 1645 309 impe-

141 325 291 364 rabant.
352 322 525 376 Quorum
556 323 722 376 aequalis
745 323 912 363 Abraam
944 323 1027 363 fuit.
1090 324 1199 377 Apud
1225 322 1439 378 Aegyptios
1462 335 1557 362 vero
1582 322 1647 361 de·

139 391 236 431 eima
260 398 395 430 octava
420 391 593 445 dynastia
613 397 802 445 praeerat.
864 389 1021 442 Solique
1045 398 1119 430 tum
1145 405 1195 430 ex
1217 391 1389 431 omnibus
1413 389 1559 444 populis
1583 387 1646 429 Si-

139 458 266 512 cyonii
293 457 400 511 regio
427 458 618 497 dominatu
642 455 958 506 continebantur3
991 458 1098 496 cuius
1124 457 1271 498 initium
1301 458 1346 498 ab
1374 457 1529 512 Europe
1559 470 1646 511 pro-

139 526 278 565 fectum
309 532 382 565 est.

247 590 343 632 Post
386 592 478 632 haec
523 591 652 631 eadem
693 602 764 642 qua
807 589 1030 628 catholicam
1076 596 1115 629 et
1155 591 1401 644 apostolicam
1443 590 1645 631 ecclesiam
1668 600 1846 643 cap.V111.

138 659 282 712 figura,
324 667 488 713 notaque
520 658 752 697 Abraamum
789 655 892 708 eligit
926 655 1044 706 deus,
1086 656 1208 696 virum
1245 657 1281 696 in
1322 658 1518 712 praeputio
1556 658 1648 698 fide-

139 727 212 766 lem
238 741 280 766 ac
302 727 485 780 religione
507 724 718 778 pietateque
742 722 1076 776 perfectissimum,
1110 731 1222 776 atque
1246 731 1286 763 ut
1307 725 1466 764 scientia
1487 725 1647 779 prophe·

139 796 186 833 tis
212 807 357 847 parem,
390 794 444 832 sic
470 792 514 831 ad
539 790 798 842 evangelicam
823 789 1057 842 disciplinam
1084 789 1184 830 vitae
1210 790 1383 830 instituto
1406 799 1642 844 provectum.

138 860 235 900 Erat
257 868 332 900 tum
357 859 453 899 domi
476 864 620 911 patrem
644 856 878 905 observans,
912 871 994 896 cum
1021 857 1079 896 dei
1106 857 1259 897 oraculo
1281 865 1439 897 vocatus
1466 858 1645 899 domesti-

139 929 193 967 cis
219 925 477 974 renunciavit,
513 931 550 963 et
574 937 657 963 eum
684 937 704 962 a
730 938 803 976 quo
827 931 986 963 vocatus
1012 931 1092 964 erat
1117 931 1272 964 secutus
1297 931 1369 975 est,
1403 926 1646 978 quemadmo-

139 997 223 1035 dum
245 994 403 1041 Petrus,
433 990 626 1040 Andreas,
661 989 822 1030 Iacobus
850 997 888 1030 et
909 989 1076 1031 Ioannes
1102 999 1234 1045 postea
1258 992 1445 1032 fecerunt.
1506 992 1565 1032 Ae
1596 1007 1644 1032 ne
1663 1002 1735 1029 Gen.
1756 1003 1793 1029 17.

142 1064 263 1102 denuo
286 1061 354 1100 sim
382 1058 547 1112 longior,
581 1058 709 1112 paucis
738 1057 866 1098 omnia
888 1059 1133 1112 complectar.
1196 1056 1292 1098 Cum
1318 1059 1433 1112 igitur
1460 1060 1506 1099 ad
1527 1074 1646 1100 nona-

140 1128 319 1182 gesimum
343 1140 482 1165 nonum
505 1126 640 1165 aetatis
662 1139 800 1164 annum
823 1125 1034 1179 patriarcba
1054 1125 1116 1165 ille
1137 1126 1392 1178 pervenisset,
1420 1127 1466 1167 de
1485 1126 1646 1166 circum-

138 1196 278 1235 cisione
307 1207 327 1232 a
349 1194 419 1233 deo
446 1207 671 1247 responsum
695 1192 857 1246 accepit.
919 1191 1010 1233 Inde
1038 1191 1215 1232 Iudaismi
1243 1200 1330 1233 nota
1358 1201 1442 1248 post
1463 1194 1645 1248 gentilem

135 1260 443 1316 superstitionem
468 1261 655 1314 originem
679 1261 822 1300 habuit.
867 1259 1068 1314 Agebatur
1090 1267 1167 1300 tum
1191 1275 1313 1301 annus
1335 1262 1462 1301 mundi
1486 1275 1583 1302 unus
1607 1269 1645 1301 et

135 1328 348 1368 tricesimus
384 1342 496 1382 supra
529 1335 588 1367 ter
619 1328 857 1368 millesimum
891 1341 935 1367 ac
969 1328 1406 1380 quadringentesimum,
1440 1336 1565 1369 aetate
1597 1329 1643 1369 ab

133 1396 223 1436 orbe
253 1395 404 1435 condito
439 1395 558 1435 altera
591 1403 628 1434 et
655 1395 859 1444 vicesima,
893 1408 978 1434 eum
1007 1393 1219 1435 Iudaismus
1253 1396 1428 1436 effloruit.
1488 1395 1592 1436 Nam
1621 1410 1644 1436 a

132 1463 272 1503 diluvio
304 1463 347 1503 ad
375 1463 490 1503 turris
524 1463 823 1502 aedificationem
855 1476 898 1501 ac
925 1460 1139 1502 Seruehum
1165 1461 1386 1517 Scythicum
1412 1463 1565 1503 vivendi
1586 1464 1644 1503 in-

131 1530 303 1570 stitutum
329 1531 463 1570 tenuit.
525 1530 559 1569 A
586 1528 759 1569 Serucho
785 1530 830 1568 ad
852 1529 1086 1569 Abraamum
1102 1561 1111 1579 ,
1147 1538 1182 1569 et
1205 1530 1241 1570 in
1266 1531 1362 1570 hanc
1383 1545 1501 1585 usque
1525 1531 1638 1582 diem,

132 1598 284 1651 gentilis
308 1597 544 1652 superstitio.
596 1595 719 1636 Porro
744 1597 843 1636 nulla
866 1597 985 1636 adhuc
1009 1597 1055 1636 ab
1076 1597 1271 1638 Abraamo
1299 1606 1405 1638 secta
1428 1612 1641 1651 cognomen

132 1666 265 1718 adepta
293 1666 430 1705 suerat.
491 1663 569 1705 Sed
595 1665 619 1704 ii
643 1665 848 1714 duntaxat,
882 1664 943 1717 qui
967 1664 1135 1704 eiusdem
1167 1665 1364 1718 religionis
1388 1666 1641 1719 appellatione

132 1732 446 1783 continebantur,
486 1732 735 1772 Abraamitae
769 1732 815 1771 ab
851 1732 984 1771 eodem
1020 1732 1231 1786 patriarcba
1269 1733 1505 1773 dicebantur.
1567 1732 1640 1772 Hie

130 1800 228 1840 enim
260 1807 345 1840 octo
369 1799 511 1840 liberos
534 1800 685 1849 babuit,
720 1813 768 1839 ex
791 1799 924 1852 quibus
954 1813 1051 1839 unus
1074 1797 1182 1839 Isaac
1208 1800 1320 1839 lieres
1343 1799 1539 1840 institutus
1563 1806 1636 1851 est,

129 1868 226 1921 quod
251 1874 288 1907 et
311 1866 440 1922 pietati
465 1868 613 1907 deditus
637 1867 750 1907 vitam
781 1880 885 1906 suam
914 1881 965 1906 ex
993 1867 1113 1920 patris
1139 1867 1330 1907 sententia
1356 1868 1635 1918 moderaretur,

129 1942 167 1974 et
194 1935 377 1988 singulari
402 1935 461 1974 dei
490 1934 742 1989 promissione
772 1933 892 1974 eidem
922 1934 1057 1974 fuisset
1077 1935 1225 1989 parenti
1249 1949 1472 1975 concessuS.
1532 1935 1637 1975 Ante

127 2016 238 2056 quem
263 2001 461 2042 Ismae'lem
487 2016 538 2041 ex
560 2002 665 2055 Agar
686 2001 821 2040 ancilla
842 2009 1078 2055 susceperat.
1132 2000 1210 2042 Sed
1233 2009 1271 2042 et
1293 2000 1464 2042 Chetura
1486 2016 1559 2042 sex
1580 2001 1633 2042 illi
1654 2014 1727 2041 Gen.
1746 2014 1788 2042 25.

123 2077 260 2120 postea
282 2070 441 2124 peperit.
483 2069 560 2123 Qui
586 2082 716 2109 omnes
737 2082 803 2121 per
823 2068 969 2109 felicem
987 2069 1170 2110 Arabiam
1193 2069 1355 2123 dispersi
1375 2076 1478 2110 sunt.
1522 2068 1635 2109 Zem-

126 2137 220 2177 bran
243 2138 406 2187 scilicet,
439 2136 572 2186 Iezan,
604 2135 756 2185 lesboe,
784 2134 903 2186 Sove,
930 2135 1158 2187 Emmaden,
1193 2144 1231 2177 et
1248 2135 1420 2188 Madian,
1454 2151 1529 2177 una
1550 2151 1634 2177 cum

126 2205 286 2245 ancillae
310 2205 400 2256 filio,
427 2219 536 2259 quem
555 2202 755 2244 Ismae'lem
775 2210 951 2243 vocatum
976 2218 1061 2244 esse
1084 2204 1196 2258 paulo
1219 2211 1306 2245 ante
1329 2203 1511 2244 diximus.
1555 2202 1635 2245 Sed

126 2271 187 2311 hic
212 2279 428 2326 postremus
454 2272 599 2312 delecto
626 2270 664 2310 in
686 2270 887 2311 solitudine
916 2272 961 2312 ad
986 2271 1229 2312 habitandum
1255 2271 1340 2311 loco
1363 2269 1511 2311 Phares
1542 2285 1634 2311 con-

126 2339 240 2389 didit,
272 2339 489 2393 liberosque
512 2352 671 2378 numero
701 2338 896 2378 duodecim
918 2339 1108 2393 suscepit,
1142 2354 1163 2379 a
1185 2338 1318 2392 quibus
1339 2338 1625 2392 Agarenorum,
1641 2350 1832 2385 oeuter.1‚1.

125 2406 208 2447 sive
236 2404 535 2456 Ismae’litarum,
569 2405 630 2458 qui
661 2405 770 2445 hodie
797 2403 982 2447 Saraceni
1013 2406 1210 2457 dicuntur,
1249 2405 1368 2445 tribus
1402 2414 1629 2460 propagatae

126 2481 229 2514 sunt.
288 2473 344 2514 At
367 2472 502 2514 Isaaco
527 2473 598 2513 duo
626 2473 702 2512 nati
728 2479 815 2513 sunt
838 2473 925 2524 filii,
958 2472 1065 2514 Esau
1089 2480 1127 2514 et
1150 2471 1280 2513 Iacob.
1342 2470 1429 2526 Quo
1459 2480 1632 2528 tempore

125 2555 244 2581 verae
274 2541 425 2596 pietatis
456 2540 728 2594 religionisque
761 2540 969 2581 cultoribus
995 2540 1304 2581 Abraamitarum
1337 2547 1375 2580 et
1397 2538 1629 2581 Isacidarum

124 2622 264 2649 nomen
294 2608 512 2648 attributum
539 2614 612 2647 est.
672 2605 766 2647 Post
785 2607 879 2648 haec
900 2607 1006 2648 Esau
1026 2609 1064 2648 in
1089 2606 1304 2648 Idumaeam
1330 2607 1530 2648 discedens
1555 2611 1631 2662 (est

124 2675 218 2716 haec
246 2676 353 2730 regio
377 2673 694 2716 Chananaeorum
719 2675 854 2714 tractui
878 2677 923 2716 ad
946 2676 1140 2715 meridiem
1174 2682 1212 2715 et
1235 2674 1420 2715 orientem
1447 2675 1626 2729 obversa)
1645 2687 1720 2715 Gen.
1740 2687 1764 2714 ⁴.

169 2786 219 2818 12.
242 2783 306 2820 ἀπὸ
331 2789 395 2819 cod.
422 2789 516 2819 Venet.
563 2784 624 2819 ὐπὸ
647 2788 756 2826 reliqui
775 2789 853 2819 libri.
902 2790 999 2820 Venet.
1045 2784 1176 2830 Ἰεσβοή
1202 2788 1274 2819 editi
1294 2788 1372 2818 libri.

168 2831 219 2864 15.
241 2832 413 2872 Χεττοῦρα
432 2834 541 2863 habene
561 2833 630 2863 libri
647 2841 757 2863 omnes.
944 2832 993 2865 17.
1025 2830 1139 2874 Φαρὰν
1173 2833 1238 2864 cod.
1273 2834 1369 2864 Venet.
1416 2831 1527 2875 Φαρὲς
1560 2835 1625 2866 cod.

169 2874 217 2908 514.
242 2876 436 2919 λεγουμένην
460 2877 534 2917 (sic)
558 2878 624 2908 cod.
650 2878 745 2907 Venet.
896 2879 1022 2918 Rhediy.
1044 2881 1070 2908 et
1090 2879 1162 2909 editi
1182 2879 1262 2908 libri.

168 2920 218 2952 15.
245 2920 329 2960 ἰεξαν
351 2923 416 2954 cod.
437 2922 563 2961 Rhediy.
942 2923 991 2954 18.
1016 2922 1081 2955 τῶν
1105 2932 1162 2953 om.
1185 2923 1251 2953 cod.
1276 2924 1345 2954 Ven.

170 2963 218 2996 16,
241 2962 374 3009 Ἰεσβὸκ
397 2967 598 3006 cod.Rhedi9.
647 2964 761 3009 ἰέσβοχ
784 2969 848 2999 cod.
942 2965 990 2999 19.
1015 2962 1199 3010 Ἀβροὶμιοι.
1223 2967 1287 2998 cod.
1315 2969 1431 3008 Veniet,
1455 2970 1498 3000 uti
1519 2977 1623 3009 supra.
