2034 3267
469 132 645 163 PANARII
670 132 751 164 LIB.
771 133 795 164 1.
818 133 923 164 TOM.
941 134 980 165 ΙΙ.
1006 133 1135 165 ΗΑΕΒ.
1156 133 1281 167 XXVI.
1553 129 1627 167 173

120 210 291 251 nonnulli
323 210 386 263 qui
420 210 672 250 adulterinum
703 211 888 264 quoddam
920 218 959 251 et
990 212 1219 252 adscititium
1251 227 1385 268 poema
1414 213 1627 264 venditant,

122 278 219 332 quod
239 291 333 331 opus
353 275 608 317 Perl'ectionis
630 276 880 330 Evangelinm
902 279 1128 330 inscribunt,
1153 294 1235 319 cum
1260 294 1396 321 revera
1416 295 1491 321 non
1510 294 1629 322 evan-

119 345 281 399 gelium,
323 346 389 384 sed
421 345 562 384 doloris
593 346 643 384 sit
672 359 716 384 ac
747 345 869 385 luctus
896 346 1095 399 perfectio.
1161 345 1350 387 Universa
1377 347 1512 403 quippe
1537 363 1629 389 con-

119 418 380 465 summataque
413 413 547 452 mortis
583 413 770 452 acerbitas
810 412 847 450 in
888 426 933 451 eo
969 413 1104 452 diaboli
1138 415 1216 454 fetu
1250 415 1482 455 continetur.
1549 415 1628 456 Alii

117 479 371 532 Evangelium
398 477 507 519 Evae
543 479 626 518 sine
659 479 734 518 ullo
765 478 907 531 pudore
939 478 1125 519 iactitant.
1188 479 1268 521 Sub
1300 482 1409 522 huius
1435 482 1534 522 enim
1561 498 1629 523 no-

117 546 242 596 mine,
287 553 415 600 utpote
447 559 541 600 quae
573 545 801 599 cognitionis
833 559 972 584 nomen
1001 560 1021 585 a
1051 554 1230 600 serpente
1256 563 1415 602 quocum
1443 550 1629 591 collocuta

118 621 190 663 est,
225 613 412 663 didicerit,
445 613 626 667 perfidiae
646 625 739 651 suae
762 611 906 651 semina
928 620 1165 666 sparserunt.
1228 615 1288 654 Ac
1314 618 1627 669 quemadmodum

117 680 236 731 ebrii,
280 695 438 734 quorum
470 681 689 720 inconstans
718 677 866 717 animus
896 686 934 718 et
955 679 1260 721 inconsideratus
1284 689 1344 722 est
1366 697 1516 735 sermo,
1561 699 1628 726 ne-

118 762 303 802 quaquam
329 748 400 787 sibi
423 753 679 786 consentanea
701 744 928 797 loquuntur,
960 746 1027 785 sed
1053 746 1146 786 alias
1171 748 1328 788 ridicula
1348 751 1490 800 verba,
1531 752 1626 792 alias

116 816 303 855 moeroris
328 829 372 854 ac
397 813 536 853 doloris
562 812 672 865 plena
698 812 920 864 proferunt,
965 813 1099 852 eodem
1126 828 1283 867 prorsus
1309 817 1420 856 modo
1446 831 1533 859 sese
1560 819 1626 858 ba-

116 882 179 922 bet
208 882 252 922 ab
284 882 356 922 illis
386 878 653 933 impostoribus
685 886 769 918 orta
805 893 849 917 ac
880 887 1087 933 propagata
1118 882 1301 934 nequitia.

227 947 302 1001 Qui
324 948 470 1002 quidem
494 945 641 986 stolidis
665 946 895 985 testimoniis
922 961 965 986 ac
987 948 1081 987 visis
1103 948 1140 987 in
1168 948 1231 988 illo
1254 963 1323 989 suo
1347 951 1445 1004 quod
1467 966 1558 1005 prae
1583 967 1624 994 se

116 1017 243 1056 serunt
269 1013 478 1068 Evangelio
506 1013 689 1052 nituntur.
752 1011 809 1052 lta
833 1014 931 1053 enim
956 1014 1153 1068 inquiunt:
1196 1020 1240 1055 Ia
1262 1020 1378 1056 arduo
1400 1027 1520 1057 monte
1540 1034 1624 1059 con-

112 1087 296 1129 stiteram,
328 1095 406 1119 cum
432 1095 514 1118 eece
537 1083 638 1118 video
657 1094 854 1130 procerum
879 1083 1077 1129 hominem,
1113 1091 1150 1121 et
1173 1087 1338 1123 mutilam
1362 1087 1499 1124 alium.-
1543 1090 1625 1126 z'mle

115 1165 231 1189 vocem
251 1151 405 1188 lonz'trui
426 1151 545 1186 instar
564 1150 721 1186 eoecmdz'o
733 1164 744 1185 .·
767 1151 921 1199 propius
939 1152 1058 1199 egitur
1075 1153 1126 1188 ml
1140 1154 1358 1190 audiendum
1376 1156 1522 1200 accedo,
1551 1162 1625 1193 tum

114 1232 167 1256 me
188 1220 282 1255 hunc
303 1219 339 1254 in
363 1218 504 1253 modum
525 1224 581 1254 est
598 1217 804 1254 allocutus.-
836 1219 920 1267 Ego
943 1219 1034 1255 idem
1058 1232 1138 1256 sum
1162 1232 1206 1256 ac
1237 1227 1297 1266 tec,
1333 1227 1371 1258 et
1390 1227 1429 1258 tu
1451 1223 1543 1259 idem
1568 1229 1625 1260 at—

112 1299 180 1336 que
201 1298 287 1334 ego,
322 1291 358 1321 et
380 1283 594 1334 ubicmque
614 1291 653 1321 tu
674 1297 733 1329 ες,
768 1285 846 1321 illic
868 1299 936 1335 ego
957 1299 1057 1331 sum,
1092 1299 1135 1323 ae
1150 1300 1222 1336 per
1243 1290 1362 1325 omnia
1380 1302 1459 1326 sum
1484 1291 1625 1340 disper-

109 1366 193 1398 sus‚·
225 1358 261 1389 et
281 1353 527 1401 undecumque
546 1352 706 1388 volueris
725 1365 780 1388 me
798 1353 958 1402 collegis,
995 1366 1049 1389 me
1068 1367 1152 1390 vero
1174 1355 1380 1404 collegetzdo
1400 1359 1624 1407 temeteps‘um

108 1420 266 1468 collegis.
331 1414 364 1457 Ο
392 1417 601 1456 doctrinam
625 1431 645 1456 a
670 1417 904 1470 nequissimo
925 1419 1110 1458 daemone
1136 1421 1366 1473 profectam!
1422 1420 1624 1463 Undenam

107 1485 257 1524 humani
287 1483 441 1538 generis
472 1484 624 1537 ingenia
657 1484 863 1538 pervertit,
908 1493 946 1524 et
972 1486 1016 1525 ad
1043 1487 1179 1526 stolida
1204 1487 1434 1542 minimeque
1460 1505 1624 1531 consen·

105 1559 218 1592 tanea
250 1566 271 1592 a
300 1551 419 1591 verbo
449 1551 622 1591 veritatis
654 1552 846 1606 abripuit?
902 1552 1010 1593 Nihil
1035 1554 1133 1593 enim
1162 1556 1430 1609 propemodum
1458 1557 1517 1607 ei,
1560 1559 1624 1612 qui

105 1625 233 1658 mente
262 1626 373 1672 atque
403 1619 601 1674 prudentia
634 1619 827 1673 praeditus
859 1627 938 1670 est,
984 1620 1173 1675 scriptura
1205 1623 1266 1663 vel
1300 1625 1513 1678 exemplis,
1558 1633 1623 1666 aut

105 1686 180 1726 ulla
205 1699 247 1726 re
271 1686 367 1736 alia,
401 1687 446 1726 ad
470 1700 536 1726 eos
560 1687 789 1726 refellendos
815 1686 866 1726 uti
891 1701 1051 1727 necesse
1075 1695 1148 1728 est.
1210 1687 1407 1743 Siquidem
1431 1699 1537 1732 recta
1559 1707 1621 1733 ra-

104 1753 158 1792 tio
194 1753 350 1794 stolidas
380 1753 530 1794 illorum
562 1754 708 1793 fabulas
740 1760 779 1794 et
809 1755 1080 1795 adulteriorum
1111 1770 1156 1795 ac
1188 1757 1413 1810 flagitiorum
1444 1758 1621 1800 libidines

106 1820 216 1860 facile
240 1834 307 1874 per
332 1835 374 1861 se
398 1820 479 1875 ipsa
504 1821 706 1874 dignoscit.
768 1820 876 1862 Haec
898 1822 1014 1876 igitur
1037 1830 1148 1877 atque
1174 1824 1231 1864 his
1255 1825 1393 1866 similia
1415 1828 1622 1867 commenti

105 1885 302 1937 Gnostici,
347 1889 408 1942 qui
434 1903 518 1928 cum
543 1887 696 1928 Nicolai
722 1896 828 1929 secta
855 1891 1046 1930 coniuncti
1074 1898 1183 1941 sunt,
1227 1906 1250 1932 a
1274 1893 1438 1933 veritate
1465 1895 1622 1935 excide-

101 1962 215 2005 runt;
247 1969 319 1995 nec
345 1969 477 1996 eorum
504 1956 710 2004 duntaxat,
745 1956 878 2009 quibus
905 1971 1076 1997 errorem
1104 1967 1400 2012 persuaserunt,
1434 1962 1621 2017 deprava-

102 2028 190 2062 runt
213 2022 389 2075 ingenia,
433 2023 499 2063 sed
526 2030 562 2062 et
586 2023 733 2063 animos
757 2038 993 2078 corporaque
1019 2025 1162 2079 pariter
1184 2027 1381 2068 adulteriis
1408 2042 1453 2069 ac
1478 2031 1619 2083 promi-

101 2102 217 2129 scuae
248 2089 392 2129 libidini
423 2090 604 2130 servilem
632 2091 669 2129 in
703 2091 854 2130 modum
883 2091 1146 2133 subiecerunt.
1208 2093 1361 2134 Etenim
1394 2110 1484 2136 suos
1514 2097 1619 2150 ipsos

100 2164 313 2198 conventus
337 2157 555 2210 multiplicis
583 2171 626 2196 ac
652 2158 856 2211 promiscui
882 2160 1106 2200 concubitus
1134 2161 1314 2202 foeditate
1339 2164 1616 2215 contaminant,

103 2224 165 2264 ubi
201 2231 240 2264 et
272 2224 447 2265 humanis
481 2224 658 2264 carnibus
690 2232 729 2264 et
760 2227 983 2280 turpissimis
1015 2227 1192 2268 sordibus
1225 2237 1448 2270 vescuntur.
1511 2229 1620 2283 Quae

103 2291 258 2331 omniuo
283 2306 583 2332 commemorare
607 2306 681 2331 non
708 2293 851 2343 audeo,
883 2294 956 2334 nisi
981 2309 1039 2334 me
1065 2295 1190 2348 aliqua
1215 2297 1378 2337 fortasse
1404 2299 1617 2339 necessitas

97 2357 313 2413 impulerit3
357 2359 409 2399 ita
433 2373 492 2399 me
519 2358 633 2398 animi
658 2359 730 2398 mei
756 2360 962 2401 vehemens
988 2362 1136 2415 quidam
1161 2363 1268 2403 dolor
1292 2363 1338 2403 ob
1363 2378 1407 2403 ea
1433 2379 1528 2418 quae
1553 2365 1616 2406 isti

97 2439 297 2479 perperam
322 2434 461 2479 gerunt
481 2434 636 2480 stupore
657 2426 822 2466 defixum
842 2428 999 2479 detinet,
1033 2430 1122 2469 illud
1145 2444 1375 2485 magnopere
1395 2432 1612 2483 mirantem,

100 2500 276 2546 quantam
309 2494 348 2533 in
381 2494 565 2534 malornm
597 2493 823 2546 gravitatem
856 2509 899 2535 ac
929 2498 1151 2550 profundam
1184 2498 1407 2551 voraginem
1443 2499 1614 2540 diabolus

99 2558 185 2599 illos
219 2561 395 2600 immittat
427 2561 488 2614 qui
523 2560 593 2599 sibi
626 2560 766 2600 fuerint
797 2561 991 2614 obsecuti,
1037 2565 1133 2604 adeo
1165 2572 1205 2604 ut
1234 2579 1365 2605 eorum
1398 2574 1546 2607 mentes
1577 2575 1615 2608 et

99 2627 239 2677 corda,
272 2641 430 2676 manus,
463 2642 530 2667 ora
557 2641 793 2681 corporaque
815 2630 959 2683 pariter
983 2639 1095 2684 atque
1118 2632 1266 2672 animos
1288 2633 1484 2686 inquinet,
1519 2648 1614 2687 quos

98 2692 135 2732 in
169 2694 284 2734 tantis
318 2694 485 2734 tenebris
517 2694 689 2734 irretitos
723 2701 854 2736 tenere
884 2699 1064 2751 potuerit.
1128 2696 1204 2739 Sed
1236 2699 1324 2739 illud
1355 2714 1516 2750 vereor,
1564 2716 1614 2742 ne

100 2759 155 2799 sic
186 2768 302 2802 totam
332 2762 433 2802 illam
464 2761 764 2815 pestilentissimi
788 2765 927 2804 veneni
956 2765 1031 2805 vim
1057 2766 1163 2819 quasi
1191 2767 1311 2820 reguli
1338 2767 1534 2808 cuiusdam
1557 2770 1612 2809 sa-

101 2860 232 2901 deratur,
256 2865 401 2894 petavius
416 2865 526 2902 recepit
541 2872 577 2894 ex
593 2864 657 2893 cod.
676 2864 831 2895 Vaticano.
876 2868 1036 2898 emendata
1068 2869 1132 2898 cod.
1166 2868 1258 2898 Vatic.
1289 2863 1417 2910 ἤδηῖῐεν
1448 2866 1508 2910 τήν
1537 2872 1612 2901 scri-

146 2904 221 2937 Cn.
240 2908 296 2937 ΙΙΙ.
321 2926 364 2932 --
389 2909 418 2939 1.
442 2908 546 2948 δῆΰεν
569 2904 628 2949 τὴν
651 2910 772 2947 reposui
793 2918 831 2939 ex
873 2913 978 2949 ptura.
1026 2913 1120 2952 Vulgo
1144 2915 1226 2943 excat
1245 2915 1423 2953 simpliciter
1445 2912 1513 2956 τὴν.

1652 963 1729 1008 Cap.
1746 967 1801 998 111.
