2034 3267
494 229 667 261 PANARll
693 229 774 261 Ltss.
798 232 820 261 l.
843 231 1005 264 ToM.11.
1030 231 1155 262 HAER.
1175 231 1302 263 XXVI.
1580 224 1656 262 179

141 313 221 346 toto
253 319 415 360 corpore
447 307 534 347 nudi
562 316 875 361 comprecantur,
920 317 959 349 ut
986 323 1032 350 ea
1057 324 1099 349 re
1121 310 1304 350 maiorem
1328 308 1398 349 sibi
1424 310 1520 364 apud
1543 311 1653 350 deum

139 373 312 412 fiduciam
347 374 561 427 acquirant.
629 372 835 415 Caeterum
873 376 911 415 in
942 378 1108 417 curando
1141 391 1303 432 corpore
1334 377 1414 417 dies
1446 384 1654 431 noctesque

139 440 283 495 pariter
309 442 553 481 mulierculae
579 449 617 482 et
644 442 918 482 homunciones
949 451 1203 497 occupantur,
1247 459 1290 484 ac
1321 458 1363 484 se
1396 451 1434 484 et
1460 453 1654 499 unguento

139 508 392 562 perfundunt,
437 516 475 548 et
509 509 661 559 lavant,
702 515 740 547 et
771 509 949 549 convivia
981 510 1199 561 celebrant,
1243 518 1280 551 et
1305 511 1481 552 ebrietati
1507 526 1550 552 ac
1575 510 1654 554 Ve-

139 575 222 614 neri
248 575 465 628 indulgent,
499 590 641 629 eosque
666 575 727 628 qui
752 575 924 615 ieiunant
949 585 1195 617 execrantur.
1256 577 1414 632 Negant
1441 580 1539 619 enim
1567 594 1653 621 esse

138 641 406 692 ieiunandum,
451 644 548 696 quod
578 644 623 682 ad
655 640 763 682 huius
794 643 938 682 saeculi
969 644 1204 683 conditorem
1237 645 1442 699 principem
1472 647 1654 688 ieiunium

139 710 341 763 pertineat.
405 708 486 749 lmo
514 710 691 749 alimento
716 709 840 763 potIus
865 724 959 764 opus
986 724 1072 750 esse
1099 710 1295 760 dictitant,
1338 727 1411 765 quo
1437 714 1654 755 robustiora

139 776 216 817 sint
240 790 425 830 corpora,
457 783 498 816 ut
526 777 664 815 idoneo
691 782 862 830 tempore
894 778 1042 830 possint
1073 777 1210 817 fructui
1241 779 1434 819 reddendo
1462 782 1656 821 sufficere.

249 842 372 883 Porro
398 852 471 883 tam
495 844 616 883 veteri
641 856 751 895 quam
776 857 877 883 novo
904 850 1060 883 utuntur
1082 851 1335 896 testamento,
1368 846 1458 886 licet
1481 861 1564 887 eum
1591 850 1651 902 qui
1679 857 1756 901 Cap.
1775 861 1828 893 v1,

138 911 174 949 in
206 917 338 950 vetere
367 911 513 950 locutus
551 916 610 949 est
641 909 833 950 abdicent.
893 909 946 950 Et
972 912 1120 964 quidem
1148 913 1297 964 quoties
1329 927 1462 953 vocem
1490 915 1650 968 aliquam

137 978 334 1031 reperiunt
364 990 459 1030 quae
491 976 658 1029 dogmati
690 991 759 1016 suo
795 978 1024 1018 contrariam
1057 979 1196 1018 habere
1228 981 1458 1020 sententiam
1486 982 1651 1028 videtur,

138 1045 184 1084 ab
214 1046 322 1085 huius
350 1043 476 1084 mundi
503 1044 674 1097 principe
700 1046 910 1098 profectam
941 1045 1043 1084 illam
1075 1059 1161 1085 esse
1188 1047 1423 1099 praedicant.
1486 1047 1557 1088 Sin
1584 1049 1653 1088 ali-

138 1113 220 1165 quis
247 1112 290 1151 ad
319 1112 464 1150 illorum
491 1110 684 1150 libidinem
712 1112 993 1151 accommodari
1021 1112 1152 1162 locus,
1195 1121 1233 1152 et
1259 1120 1459 1167 utcumque
1483 1116 1652 1169 configu-

136 1179 209 1219 rari
238 1178 355 1232 possit
383 1191 458 1216 non
485 1177 567 1231 ipsa
595 1177 744 1230 quidem
771 1185 961 1232 potestate
987 1180 1217 1229 verborum,
1261 1182 1328 1220 sed
1362 1195 1430 1235 pro
1457 1181 1650 1235 depravati

134 1247 279 1286 illorum
303 1244 445 1298 ingenii
469 1251 595 1298 captu,
629 1258 675 1284 eo
697 1258 791 1285 vero
815 1246 860 1285 ad
882 1246 916 1285 id
944 1247 1043 1299 quod
1066 1247 1221 1301 cupiunt
1244 1248 1417 1288 traducto
1441 1249 1487 1288 ab
1511 1249 1650 1289 verita-

133 1313 180 1352 tis
205 1312 338 1365 spiritu
366 1311 656 1366 pronunciatum
683 1325 771 1352 esse
797 1312 984 1353 dictitant.
1045 1313 1174 1367 Atque
1197 1314 1297 1354 istud
1321 1314 1445 1369 ipsum
1470 1323 1551 1366 est,
1593 1316 1651 1356 in-

131 1379 284 1434 quiunt,
326 1379 424 1432 quod
451 1379 496 1418 de
516 1377 661 1418 Ioanne
683 1379 858 1419 dominus
879 1381 1100 1435 usurpavit:
1145 1384 1242 1431 Quid
1259 1385 1389 1421 eoeistz's
1412 1386 1449 1422 in
1469 1386 1650 1423 desertum
1669 1401 1778 1433 Mam„

130 1449 277 1486 vedere?
333 1449 565 1486 Arundinem
597 1455 700 1485 vento
723 1450 932 1497 agitatam?
990 1446 1126 1500 Quod,
1168 1455 1209 1487 ut
1238 1457 1438 1500 asserunt,
1482 1452 1648 1491 nondum
1680 1437 1763 1472 ¹¹⁹⁷·

130 1521 234 1554 esset
262 1515 454 1567 perfectus
480 1511 662 1554 loannes.
722 1512 824 1554 Nam
851 1528 872 1553 a
899 1514 1067 1568 pluribus
1094 1516 1221 1556 ventis
1247 1516 1499 1570 perflabatur3
1534 1532 1648 1558 arun-

129 1581 228 1621 dinis
252 1595 374 1632 more,
408 1595 505 1635 quae
529 1582 573 1620 ad
598 1595 901 1634 unumquemque
924 1588 1078 1621 ventum
1104 1583 1284 1636 agitatur.
1345 1582 1479 1638 ltaque
1503 1599 1586 1625 cuin
1608 1586 1645 1626 in

130 1663 214 1689 eum
235 1647 424 1702 Principis
445 1649 601 1702 spiritus
620 1648 872 1699 incumberet,
900 1647 1093 1689 ludaicum
1112 1650 1251 1690 cultum
1271 1652 1533 1704 praedicabat,
1561 1668 1645 1693 cum

127 1730 223 1757 vero
251 1714 417 1770 Spiritus
448 1723 604 1756 sanctus
634 1716 856 1766 adveniret,
900 1717 945 1756 de
974 1714 1131 1757 Christo
1156 1731 1372 1758 sermonem
1403 1718 1642 1760 instituebat.

129 1781 216 1836 Quo
245 1784 396 1837 quidem
426 1784 520 1823 haec
546 1783 666 1823 verba
694 1782 887 1837 pertinere
918 1791 1065 1837 putant.
1129 1787 1203 1835 Qui
1229 1789 1348 1824 minor
1377 1794 1433 1824 est
1460 1789 1497 1825 iu
1527 1802 1643 1839 regno
1670 1796 1779 1828 Μιιιιι.

127 1854 309 1890 coelorum
337 1854 456 1890 maior
479 1858 538 1890 est
558 1853 635 1889 illo.
700 1849 850 1905 Quippe
877 1852 923 1891 ad
952 1865 1022 1891 nos
1049 1851 1123 1892 ista
1147 1853 1390 1903 referuntur,
1432 1853 1561 1905 aiunt,
1603 1863 1643 1895 ut
1680 1832 1722 1868 ω’
1741 1835 1780 1862 n'

127 1919 189 1972 qui
217 1918 320 1958 inter
350 1932 420 1958 nos
451 1919 577 1958 minor
605 1925 686 1967 est,
718 1918 751 1958 is
782 1916 928 1959 Ioanne
959 1918 1008 1959 sit
1037 1920 1309 1973 praestantior.

238 1984 385 2026 Verum
417 1999 460 2026 os
486 1985 561 2025 illis
591 1985 751 2025 subinde
781 2000 803 2026 a
826 1985 990 2026 veritate
1021 1986 1102 2041 ipsa
1128 1987 1401 2041 praecluditur.
1461 1987 1563 2029 Nam
1591 2004 1643 2030 ex
1669 1991 1830 2036 Cap-VH.

124 2052 172 2093 iis
207 2067 306 2107 quae
337 2067 423 2093 cum
456 2066 681 2106 unaquaque
716 2053 880 2093 dictione
910 2051 1086 2094 connexa
1116 2062 1226 2104 sunt,
1269 2055 1468 2110 perspicue
1496 2057 1640 2098 veritas

126 2120 346 2175 apparebit,
387 2135 432 2161 ac
458 2121 545 2174 quid
570 2121 747 2174 loquendi
773 2121 909 2160 rationi
932 2129 1232 2161 consentaneum
1257 2123 1306 2162 sit
1330 2123 1544 2163 certissima
1567 2125 1640 2165 fide

123 2187 411 2228 monstrabitur.
472 2187 625 2228 Etenim
651 2188 683 2227 si
705 2185 868 2229 loannes
892 2189 1129 2229 mollioribus
1153 2189 1325 2230 vestibus
1349 2197 1543 2241 uteretur,
1583 2200 1639 2231 at-

125 2269 197 2309 que
223 2255 261 2295 in
286 2255 494 2310 principum
521 2254 669 2309 palatiis
693 2255 872 2308 degeret,
912 2263 1018 2296 recta
1043 2256 1166 2311 ipsum
1191 2271 1270 2297 vox
1296 2257 1359 2296 illa
1386 2264 1556 2310 peteret,
1597 2267 1638 2299 et

123 2323 161 2362 in
193 2323 275 2363 eius
304 2323 641 2377 reprehensionem
674 2329 778 2362 esset
805 2323 887 2363 sine
918 2323 991 2364 ulla
1023 2324 1181 2378 ambage
1209 2324 1358 2363 collata.
1421 2321 1518 2365 Cum
1543 2338 1635 2366 vero

123 2390 176 2430 ita
197 2390 347 2431 locutus
373 2391 510 2430 fuerit:
545 2392 641 2439 Quid
661 2393 791 2429 eoezletaele
808 2394 958 2430 videre?
1013 2394 1201 2431 Hominem
1224 2393 1393 2430 mollibus
1415 2396 1635 2433 vestimentis

124 2461 320 2497 indutum?
359 2459 459 2498 istud
483 2471 597 2512 porro
621 2456 666 2496 ab
689 2455 834 2498 Ioanne
858 2459 988 2513 procul
1011 2459 1199 2508 abfuerit,
1232 2458 1324 2498 nihil
1344 2466 1407 2498 est
1431 2474 1501 2500 cur
1523 2461 1633 2502 huius

121 2524 196 2565 loci
231 2525 535 2565 criminationem
568 2524 706 2564 referri
743 2525 788 2565 ad
820 2523 1002 2566 Ioannem
1038 2525 1288 2576 arbitremur,
1335 2527 1396 2579 qui
1429 2527 1630 2568 delicatum

121 2591 224 2633 illum
248 2592 389 2632 cultum
415 2591 568 2631 minime
596 2591 760 2631 omnium
785 2593 978 2644 adhibuit,
1011 2593 1078 2633 sed
1103 2593 1150 2633 ad
1172 2606 1239 2633 eos
1263 2593 1409 2646 potius,
1443 2595 1506 2648 qui
1531 2594 1632 2635 eius-

122 2660 222 2699 modi
246 2673 288 2700 se
311 2658 493 2700 loannem
517 2665 738 2713 reperturos
759 2660 961 2713 putabant,
995 2661 1206 2714 quibusque
1228 2660 1381 2713 saepius
1402 2661 1548 2702 adulari
1568 2675 1630 2702 so-

122 2725 201 2766 lent
229 2727 254 2766 ii
285 2727 347 2780 qui
381 2726 589 2781 principum
623 2726 730 2766 aulas
757 2740 800 2767 ac
824 2727 962 2781 palatia
988 2730 1245 2782 frequentant.
1304 2726 1506 2768 Exeuntes
1530 2730 1628 2769 enim

123 2792 174 2832 illi
199 2794 468 2834 collaudandos
492 2807 534 2833 se
559 2793 603 2832 ab
629 2791 794 2844 Ioanne,
837 2802 875 2834 et
897 2795 942 2835 ob
966 2809 1010 2836 ea
1034 2809 1129 2849 quae
1153 2795 1189 2834 in
1217 2793 1296 2834 dies
1322 2795 1524 2848 patrabant
1546 2810 1630 2837 sce-

123 2858 201 2899 lera
225 2861 356 2901 felices
376 2861 651 2916 praedicandos
672 2860 957 2903 existimabant.
1020 2860 1106 2915 Qua
1127 2875 1192 2916 spe
1215 2876 1298 2901 cuni
1320 2871 1449 2903 essent
1471 2865 1629 2905 frustra-

125 2924 174 2976 ti,
206 2927 250 2967 ad
273 2942 340 2968 eos
360 2928 592 2968 refellendos
614 2927 666 2967 ita
689 2928 858 2968 salvator
877 2930 1024 2970 locutus
1047 2937 1127 2970 est:
1163 2931 1259 2979 Quid
1277 2944 1339 2968 vos
1359 2938 1534 2970 nacturos
1552 2946 1629 2970 esse

124 2995 352 3033 credebatis?
409 2995 663 3036 Hominemne
693 2995 754 3049 qui
779 3009 821 3036 se
845 2997 971 3050 pravis
992 2997 1106 3037 animi
1132 2997 1250 3038 vestri
1276 2997 1540 3038 affectionibus
1565 3010 1627 3037 ac-

1274 3067 1323 3105 12
1341 3064 1362 3089 *
