2034 3267
510 195 686 227 PANARH
711 196 834 227 1.tss.t.
859 196 963 227 TOM.
987 197 1024 227 ll.
1049 196 1178 227 HAtjtt.
1197 196 1327 227 XXXl.
1601 190 1679 229 335

155 275 398 331 praedicasse
418 275 615 325 notitiam,
653 274 828 314 nimirum
853 275 952 314 hunc
975 288 1099 329 neque
1120 275 1382 315 circumscribi
1403 276 1574 316 locorum
1594 290 1680 330 spa-

153 345 229 394 tio,
274 356 397 396 neque
425 342 645 395 cognitione
670 356 784 397 posse
811 343 978 396 percipi,
1023 357 1066 382 ac
1099 357 1145 382 ue
1173 343 1256 383 visu
1284 343 1433 397 quidem
1466 344 1526 384 vel
1552 344 1683 385 auditu

157 410 412 460 contrectari,
445 411 510 449 sed
537 424 605 464 per
627 409 842 463 Unigenam
866 410 1053 450 duntaxat
1073 410 1251 464 intelligi.
1313 411 1374 451 Ac
1397 413 1494 466 quod
1520 413 1680 466 primum

157 479 257 519 inest
280 479 319 518 in
342 476 480 528 Patre,
528 479 625 531 quod
654 477 925 531 comprehendi
950 491 1024 516 non
1051 485 1198 530 potest,
1243 479 1276 518 id
1302 494 1476 520 caussam
1503 494 1591 522 esse
1619 496 1681 521 ee-

156 546 267 597 teris,
295 546 418 586 curin
440 545 713 600 sempiternum
735 551 882 598 tempus
905 551 1178 598 permaneant,
1213 548 1312 599 quod
1335 561 1428 587 vero
1452 549 1488 588 in
1513 549 1576 589 illo
1598 549 1681 604 ipso

156 613 427 669 comprehendi
454 621 600 668 potest,
636 620 742 652 ortus
767 626 899 651 eorum
926 625 969 651 ac
995 612 1234 653 formationis
1262 628 1348 654 esse
1375 630 1575 667 caussam,
1610 618 1681 658 hoc

156 689 215 722 est
240 680 394 722 Filium.
459 679 566 721 Haec
597 688 686 720 sunt
715 693 809 733 quae
837 677 1015 719 Christus
1043 693 1180 720 recens
1210 680 1249 720 in
1280 682 1354 721 illis
1379 683 1503 723 editus
1528 686 1682 726 molitus

156 758 229 790 est.
292 750 346 789 At
380 749 547 803 Spiritus
581 747 748 789 Sanctus
780 760 914 786 omnes
948 747 992 786 ad
1024 747 1291 800 aequalitatem
1328 750 1506 791 redactos
1537 755 1682 806 gratias

156 818 298 858 habere
332 817 551 871 perdocuit,
600 829 644 855 ac
674 828 804 855 veram
839 814 1004 868 quietem
1039 818 1371 858 commonstravit.
1442 817 1496 858 lta
1531 821 1680 862 demum

156 885 326 926 ciusdem
354 893 391 926 et
413 889 556 925 formae
581 889 618 922 et
643 882 759 922 animi
786 883 945 922 Aeones
971 896 1058 923 esse
1088 884 1233 934 l'aetos,
1276 893 1318 925 ut
1344 887 1516 927 universi
1541 890 1684 942 pariter

156 961 193 993 et
215 951 369 993 Montes
392 958 544 1001 essent,
578 957 616 990 et
640 949 876 1000 Sermones,
911 957 949 989 et
970 949 1181 1002 Homines,
1215 966 1260 991 ae
1285 951 1454 1003 Christi,
1489 955 1683 996 similiter-

156 1035 228 1076 que
254 1021 415 1061 feminae
442 1032 574 1059 omnes
599 1032 651 1058 ex
676 1031 819 1071 aeqtto,
855 1025 892 1057 et
917 1016 1115 1058 veritates
1139 1026 1177 1059 et
1199 1018 1313 1060 Vitae
1340 1022 1488 1074 forent,
1525 1038 1569 1064 ac
1595 1022 1682 1079 Spi-

157 1091 274 1138 ritus,
308 1095 347 1128 et
368 1086 586 1127 Ecclesiae.
652 1084 872 1126 Secundum
900 1086 970 1125 hoc
995 1086 1168 1126 solidatis
1195 1088 1533 1145 corroboratisqne
1562 1094 1683 1133 omni-

156 1158 247 1207 bus,
281 1170 325 1196 ac
350 1156 478 1209 quiete
503 1155 657 1208 otioque
682 1154 914 1205 constituto,
947 1154 1167 1195 vehementi
1191 1156 1276 1196 illos
1300 1171 1384 1197 cum
1411 1160 1552 1211 gaudio
1580 1175 1683 1201 sum-

157 1239 255 1265 mum
288 1221 493 1263 Parentem
531 1222 705 1262 laudibus
737 1221 952 1272 extulisse,
1000 1222 1062 1275 qui
1095 1237 1147 1263 ex
1180 1237 1224 1264 ea
1258 1239 1300 1265 re
1334 1226 1530 1280 ingentem
1566 1229 1682 1269 animi

157 1293 318 1332 fructum
340 1305 383 1331 ac
409 1290 642 1344 voluptatem
667 1290 826 1344 ceperit.
877 1288 1000 1343 Igitur
1019 1297 1059 1330 ut
1082 1291 1115 1330 ei
1139 1292 1288 1344 gratiae
1310 1293 1449 1348 aliquid
1472 1298 1680 1347 referrent,

155 1361 200 1400 de
231 1358 422 1399 communi
453 1358 620 1398 omnium
652 1359 807 1398 decreto
841 1371 884 1397 ac
916 1359 1132 1409 sententia,
1178 1361 1416 1414 suffragante
1450 1361 1607 1405 Christo
1640 1380 1683 1406 ac

155 1425 316 1482 Spiritu,
350 1425 467 1467 Patre
491 1440 585 1466 vero
609 1425 897 1480 comprobante,
931 1427 1071 1466 sactum
1097 1434 1138 1466 ut
1161 1427 1299 1482 singuli
1323 1428 1555 1473 Pleromatis
1578 1434 1683 1473 Aeo-

153 1509 222 1536 nes
250 1495 348 1548 quod
381 1495 418 1534 in
446 1507 487 1534 se
515 1493 888 1548 praestantissimum
916 1507 960 1534 ac
986 1494 1300 1536 florentissimum
1330 1497 1538 1550 haberent,
1581 1500 1618 1540 id
1644 1501 1683 1542 in

155 1563 318 1603 medium
346 1563 529 1602 afferrent
556 1576 600 1601 ae
625 1562 929 1602 contribuerent.
993 1560 1142 1615 Quibus
1165 1564 1340 1605 omnibus
1367 1566 1463 1606 scite
1492 1570 1682 1623 composi-

155 1630 203 1671 tis
231 1636 342 1684 atqne
370 1630 570 1683 eleganter
596 1630 789 1670 contextis
815 1644 956 1669 novum
985 1631 1173 1683 quendam
1203 1632 1320 1672 fetum
1353 1634 1398 1673 ad
1422 1632 1539 1689 Bythi
1566 1637 1682 1677 decus

156 1705 193 1737 et
217 1697 378 1751 gloriam
401 1697 630 1752 protulisse,
665 1697 735 1737 hoc
762 1705 822 1737 est
842 1697 1166 1739 absolutissimam
1187 1700 1528 1754 pulchritudinem,
1563 1719 1608 1745 ae
1633 1705 1684 1746 si-

155 1766 248 1815 dus,
282 1766 490 1819 perfectum
514 1760 745 1806 Pleromatis
774 1767 959 1816 fructum,
993 1764 1122 1806 Iesum
1147 1768 1318 1819 scilicet,
1363 1770 1424 1823 qui
1451 1777 1488 1811 et
1512 1772 1684 1814 salvator

155 1833 202 1874 sit
232 1834 377 1883 dictus,
421 1840 456 1872 et
486 1831 688 1884 Christus,
733 1841 770 1874 et
798 1832 991 1884 Verbum,
1037 1848 1081 1875 ac
1110 1835 1274 1889 denique
1306 1839 1475 1891 paternis
1501 1841 1680 1882 Aeonum

156 1900 322 1942 omnium
347 1901 564 1942 nominibus
587 1902 814 1956 insignitus,
858 1902 956 1956 quod
980 1902 1026 1942 ab
1052 1903 1227 1943 omnibus
1251 1905 1395 1958 pariter
1419 1907 1469 1947 sit
1495 1907 1533 1948 in
1556 1908 1681 1950 lucem

155 1969 293 2009 editus.
357 1967 434 2009 Sed
460 1976 498 2010 et
520 1969 751 2010 honorarios
777 1969 859 2010 eius
883 1970 1092 2022 satellites,
1127 1971 1299 2012 eiusdem
1326 1989 1411 2014 cum
1434 1975 1498 2015 illo
1525 1978 1682 2030 generis

154 2035 328 2091 Angelos
360 2038 494 2077 eodem
527 2044 698 2092 tempore
728 2038 948 2092 productos.

274 2103 360 2145 Hoc
389 2104 507 2159 igitur
544 2107 624 2146 fere
662 2113 781 2145 totum
820 2112 879 2145 est
909 2106 1071 2147 interius
1101 2105 1334 2149 Pleromatis
1364 2109 1678 2165 instrumentum,

156 2172 250 2212 haee
271 2173 370 2213 male
397 2173 525 2213 affecti
553 2188 596 2213 ac
615 2175 887 2228 propemodum
912 2175 1072 2215 extincti
1097 2176 1247 2216 Aeonis
1274 2177 1494 2230 calamitas,
1530 2181 1615 2220 dum
1641 2182 1678 2222 in

156 2240 443 2294 inquisitionem
466 2255 554 2281 sese
575 2240 700 2281 Patris
722 2242 924 2282 intendens
948 2243 1194 2296 multiplicem
1214 2244 1251 2284 in
1274 2246 1473 2286 materiam
1497 2248 1682 2303 dispergi—

158 2315 234 2348 tur.
292 2307 399 2349 Haec
423 2309 636 2363 sexangula
659 2308 851 2360 Termini,
886 2308 1003 2365 Styli,
1038 2310 1326 2367 Redemptoris,
1362 2312 1582 2369 Carpistae,
1617 2315 1682 2356 Fi-

157 2374 309 2426 nitoris,
342 2390 387 2416 ac
409 2375 660 2417 Traductoris
683 2378 910 2430 compactio.
973 2377 1082 2420 Haec
1107 2380 1248 2434 prioris
1272 2379 1434 2432 Christi,
1470 2381 1682 2438 Sanctique

156 2441 324 2498 Spiritus
357 2458 407 2484 ex
436 2444 671 2499 poenitentia
693 2443 822 2485 Patris
847 2446 988 2487 ceteris
1010 2447 1212 2488 Aeonibus
1240 2456 1367 2489 aetate
1392 2451 1585 2504 posterior
1614 2467 1681 2506 ge-

156 2511 327 2562 neratio,
361 2526 405 2553 ac
428 2512 586 2553 secundi
608 2510 778 2563 Christi,
811 2528 921 2567 quem
944 2521 981 2554 et
1007 2512 1250 2557 Salvatorem
1274 2518 1494 2569 nominant,
1530 2533 1580 2559 ex
1602 2521 1680 2560 col-

158 2635 321 2668 Christum
343 2644 376 2669 et
395 2638 607 2676 Sermonem,
632 2636 673 2668 de
695 2637 835 2680 patritis,
861 2645 894 2670 et
988 2640 1037 2673 12.
1062 2642 1127 2674 τῶν
1151 2643 1216 2673 cod.
1242 2644 1309 2673 Ven.

157 2681 270 2712 Omnia
293 2681 393 2718 iam.
420 2689 454 2713 ut
473 2694 512 2714 ex
533 2682 675 2714 omnium
695 2686 760 2715 cett.
808 2685 894 2715 Libri
986 2687 1062 2718 CAP.
1076 2687 1151 2718 XV.
1171 2705 1213 2712 —
1235 2689 1262 2719 l.
1284 2685 1368 2720 κατὰ
1392 2687 1507 2731 μικρὸν
1527 2692 1605 2722 coni.
1617 2692 1681 2723 Bil-

156 2736 257 2758 omnes
279 2728 388 2759 habent
408 2726 466 2760 καὶ
489 2726 575 2761 κατὰ
597 2725 711 2761 πάντα.
758 2730 895 2768 Praepo-
941 2734 999 2764 lius
1019 2736 1046 2763 et
1070 2734 1175 2763 Petav.

156 2773 293 2803 sitionem
310 2770 396 2806 κατὰ
410 2774 529 2812 Bittius,
549 2775 730 2812 Massuestzs,
750 2775 896 2806 petavius
994 2778 1025 2809 2.
1061 2778 1156 2817 Vulgo
1195 2781 1277 2809 extat
1312 2776 1452 2811 Στῦλου.
1514 2782 1561 2821 Cf.
1586 2791 1683 2822 supra

157 2817 269 2856 aliique
288 2819 381 2856 plane
405 2819 566 2850 delendam
588 2828 649 2849 esse
670 2822 848 2850 statuerunt.
940 2832 1010 2862 cap.
1027 2821 1076 2854 13.

202 2861 252 2893 11.
281 2864 328 2894 lta
340 2865 456 2894 restitui
474 2873 512 2894 ex
530 2867 587 2894 vet.
601 2865 718 2895 [renuet
735 2865 896 2903 Interprete
985 2867 1017 2899 3.
1041 2869 1087 2899 Ita
1102 2869 1321 2899 restituendum
1340 2873 1405 2900 erat
1422 2878 1460 2900 ecc
1474 2872 1603 2910 antiqua
1619 2873 1681 2903 lre-

158 2908 183 2935 et
205 2915 242 2936 ex
267 2909 467 2947 Theodoreto,
499 2918 588 2940 sensu
610 2910 802 2948 postulante,
825 2919 895 2940 cum
939 2915 1010 2944 naci
1028 2914 1172 2943 versione.
1210 2914 1304 2952 Vulyo
1323 2917 1405 2944 extat
1426 2912 1598 2957 ἑξάγωνος.
1636 2918 1681 2955 Cl‘.

159 2950 259 2990 Bittio,
282 2953 433 2984 Frontone
452 2954 587 2992 Ducaeo,
615 2955 787 2993 Massueto,
810 2955 894 2985 aliis·
941 2959 1087 2989 Massueti
1110 2959 1292 2989 adnotatum
1316 2960 1358 2989 ad
1382 2960 1458 2991 lren.
1481 2960 1582 2999 p.13.

159 3003 223 3032 que.
268 2997 349 3028 Nam
371 2999 463 3038 vulgo
487 3002 569 3029 extat
596 2994 716 3031 αὐτῶν.
985 3001 1017 3035 4.
1044 3001 1183 3036 αἰωνίων
1208 3004 1274 3035 cod.
1296 3004 1366 3037 Ven.

1709 2121 1787 2166 Cap.
1810 2125 1884 2159 XV.
