2034 3267
497 170 670 201 PANARH
700 171 779 202 Lm.
803 173 822 201 i.
849 173 954 203 Toxi.
977 173 1014 203 ιι.
1041 173 1169 206 HAEr..
1188 173 1320 204 xxxi.
1593 166 1671 204 :3223

139 247 298 288 interire
324 247 491 288 funditus
517 262 640 303 neque
667 250 738 289 ulla
766 251 822 290 sui
846 258 953 305 parte
979 252 1143 292 servari.
1192 250 1316 292 Porro
1341 259 1513 292 naturam
1538 266 1670 306 quam-

138 330 208 369 que
243 330 289 355 eo
321 316 420 356 unde
452 315 635 371 prodierit
667 319 827 358 reverti.
892 317 1008 359 Velut
1040 333 1137 372 quae
1168 333 1251 360 cum
1287 321 1448 360 materia
1486 328 1668 360 concreta

136 389 217 433 est,
261 383 300 423 in
327 398 410 424 eam
438 384 556 438 ipsam
588 386 761 436 rel'undi3
807 400 856 426 ex
887 400 1003 426 carne
1032 401 1126 426 vero
1151 395 1331 441 terraque
1360 396 1595 443 compactam
1629 389 1665 428 in

135 459 277 490 terram
299 452 489 492 recidere.
546 451 699 492 Etenim
725 460 802 493 tres
822 453 875 492 illi
898 453 1090 493 hominum
1114 455 1269 495 ordines
1292 457 1546 506 constituunt,
1578 454 1666 510 Spi-

133 517 322 570 ritalium,
356 520 615 570 Animalium,
649 528 761 574 atque
788 518 1026 560 Carnalium.
1092 520 1154 562 Ex
1179 523 1316 576 quibus
1342 525 1501 578 primum
1531 538 1572 564 se
1603 537 1665 563 or-

132 586 259 627 dinem
295 589 423 628 facere
456 588 650 638 dictitant,
697 589 749 628 uti
779 594 815 627 et
849 588 1084 638 Gnosticos,
1130 590 1191 643 qui
1221 605 1344 644 neque
1378 592 1520 632 laboris
1554 593 1664 632 ullius

132 654 350 708 indigeant,
396 664 661 710 praeterquam
696 655 949 708 cognitionis,
995 657 1336 711 appellationisque
1373 661 1661 713 mysteriorum,

131 736 228 775 quae
255 736 372 777 penes
397 724 482 764 illos
505 730 614 772 sunt,
650 730 686 762 et
709 722 858 775 quidvis
880 723 1034 777 impune
1064 725 1191 764 facere
1218 739 1287 779 pro
1310 726 1470 766 arbitrio
1496 728 1660 780 possint.

131 787 236 830 Fieri
261 791 361 830 enim
388 806 463 831 non
491 804 627 845 posse,
673 790 761 843 quin
786 790 941 829 omnino
971 804 1102 830 eornm
1132 793 1250 843 ordo,
1293 800 1424 848 utpote
1450 792 1659 848 Spiritalis‚
1690 807 1695 811 ·

129 858 290 898 salutem
322 859 507 898 obtineat.
569 856 788 898 Secundum
814 857 1008 898 hominum
1037 859 1098 912 qui
1124 860 1162 899 in
1189 861 1330 900 mundo
1359 869 1449 901 sunt
1469 862 1658 913 ordinem,

130 939 241 978 quem
275 925 490 966 Animalem
526 931 689 975 vocant,
737 939 806 979 per
839 940 925 966 sese
962 926 1124 966 salutem
1161 929 1314 982 assequi
1349 943 1464 983 posse
1500 938 1657 983 negant,

130 993 203 1032 nisi
230 993 423 1033 laboribus
453 999 634 1046 recteque
670 993 777 1033 factis
806 993 878 1033 sibi
912 1007 994 1034 eam
1027 994 1210 1035 vindicet.
1274 996 1328 1036 At
1357 998 1416 1051 qui
1442 995 1659 1037 Materialis

130 1060 321 1101 hominum
345 1061 438 1100 ordo
465 1060 625 1110 (licitur,
669 1074 754 1101 eum
779 1075 903 1115 noque
927 1076 1107 1117 capacem
1134 1063 1368 1117 cognitionis
1393 1079 1480 1105 esse
1508 1072 1656 1120 putant,

130 1142 252 1181 neque
276 1128 424 1168 tametsi
447 1127 562 1178 velit,
597 1128 772 1183 recipere
800 1144 880 1169 eam
906 1144 1021 1184 posse
1045 1131 1107 1184 qui
1136 1145 1186 1170 ex
1210 1131 1273 1171 illo
1297 1147 1442 1185 genere
1465 1133 1535 1183 sit,
1571 1148 1658 1188 pro-

126 1195 287 1249 indeque
312 1201 386 1235 tam
410 1195 535 1235 anima
562 1211 672 1250 quam
701 1212 863 1251 corpore
890 1199 1040 1252 penitus
1065 1199 1242 1239 interire.
1307 1198 1419 1253 Quod
1446 1215 1540 1241 vero
1569 1215 1658 1241 coe-

127 1270 203 1302 tum
233 1263 278 1302 ad
309 1276 418 1303 suum
452 1263 640 1318 pertinet,
687 1280 770 1305 cum
800 1266 984 1320 spiritalis
1010 1266 1084 1316 sit,
1132 1281 1206 1307 una
1234 1281 1318 1307 cum
1345 1269 1467 1309 altero
1494 1270 1655 1323 quodam

125 1330 298 1370 interiori
333 1345 495 1386 corpore
524 1332 671 1372 servari
707 1333 901 1384 sentiunt,
945 1335 1043 1387 quod
1075 1334 1147 1389 ipsi
1177 1333 1359 1389 Spiritalc
1387 1351 1525 1392 corpus
1553 1337 1656 1377 inani

123 1399 374 1452 persuasione
405 1407 641 1454 nuncupant.
703 1401 905 1441 Aniinales
940 1416 1056 1456 porro
1094 1410 1179 1456 post
1213 1402 1428 1444 diuturnam
1462 1405 1656 1445 exercita-

122 1465 280 1516 tionem,
315 1466 378 1506 ubi
398 1468 637 1508 conditorem
661 1469 984 1520 transcenderint,
1019 1484 1170 1510 sursum
1193 1479 1351 1512 evectos
1371 1473 1519 1526 augelis
1542 1470 1656 1513 Chri-

121 1533 168 1573 sti
204 1535 405 1575 comitibus
443 1536 623 1587 attribui,
670 1550 793 1591 neque
825 1537 1026 1591 quicquam
1061 1552 1218 1578 suorum
1253 1539 1394 1579 efferre
1431 1554 1651 1595 corporum,

119 1601 186 1641 sed
219 1602 365 1643 animas
398 1603 501 1644 solas
534 1604 749 1644 absolutum
784 1611 924 1644 statum
960 1605 1192 1659 cognitionis
1225 1607 1406 1662 adeptas,
1454 1609 1653 1649 conditore

119 1677 325 1724 superato,
361 1669 509 1712 Christi
541 1671 789 1727 stipatoribus
822 1673 970 1726 angelis
1001 1673 1038 1713 in
1072 1674 1316 1715 matrimonio
1348 1676 1546 1716 collocari.

229 1736 432 1780 Eiusmodi
469 1741 549 1780 fere
584 1747 643 1780 est
674 1740 824 1780 illorum
860 1741 1009 1793 fabula,
1056 1742 1127 1782 etsi
1157 1743 1326 1797 pluribus
1354 1743 1513 1799 insuper
1541 1745 1652 1799 nugis
1674 1751 1853 1794 Cap.VItI.

118 1812 302 1847 contexta
327 1807 391 1848 sit.
456 1807 541 1862 Ego
565 1822 660 1849 vero
693 1822 738 1849 ea
764 1809 952 1849 duntaxat
978 1810 1160 1864 proposui
1186 1825 1282 1864 quae
1308 1811 1346 1851 in
1374 1813 1537 1853 medium
1565 1828 1652 1868 pro-

118 1874 210 1914 l'erri
233 1882 414 1929 oportere
435 1876 544 1928 duxi,
571 1884 683 1931 prout
704 1877 749 1916 ad
772 1891 843 1917 nos
867 1877 1002 1918 notitia
1023 1879 1221 1932 pervenit:
1257 1879 1435 1920 nimirum
1460 1882 1650 1921 undenam

116 1942 300 1983 oriundus
327 1943 400 1984 iste
429 1945 566 1996 fuerit,
612 1959 685 1999 quo
711 1951 883 1999 tempore
908 1945 1076 2002 viserit,
1122 1946 1222 1986 unde
1252 1947 1398 1988 erroris
1424 1957 1652 2002 argumenta

115 2011 344 2065 sumpserit,
390 2027 487 2066 quae
514 2013 564 2053 sit
590 2013 691 2053 illius
719 2013 914 2064 doctrina,
960 2028 1032 2068 qua
1060 2014 1098 2054 in
1123 2028 1165 2054 re
1193 2021 1338 2055 tantum
1365 2016 1502 2056 malum
1530 2024 1651 2057 terra-

114 2091 198 2118 rum
225 2078 308 2118 orbi
335 2080 550 2134 pullularit,
594 2082 661 2121 sed
687 2081 784 2135 quod
806 2082 852 2121 ad
879 2082 1090 2122 doctrinam
1117 2090 1288 2137 spectat,
1334 2098 1415 2124 eam
1441 2091 1480 2125 ut
1510 2085 1648 2125 dictum

114 2153 195 2197 cst,
240 2147 426 2188 duntaxat
454 2162 504 2188 ex
532 2156 640 2204 parte
667 2149 970 2200 declaravimus,
1017 2157 1146 2190 cetera
1182 2165 1251 2205 per
1286 2166 1345 2191 me
1373 2152 1549 2192 subtilius
1580 2167 1650 2192 ex—

114 2213 256 2267 plicare
282 2215 411 2267 nolui,
453 2231 537 2257 cum
562 2218 750 2257 adversus
776 2217 1010 2258 haereticum
1037 2219 1199 2259 eundem
1226 2219 1488 2259 elucubratam
1515 2234 1535 2260 a
1559 2235 1648 2260 san-

114 2281 284 2322 ctissimo
318 2281 482 2324 Irenaeo
514 2285 810 2338 disputationem
844 2285 1054 2326 inveniam.
1120 2284 1316 2339 Quocirca
1347 2288 1477 2342 paucis
1508 2287 1647 2328 hucus-

113 2363 184 2402 que
206 2364 228 2390 a
250 2364 311 2391 me
334 2352 662 2402 commemoratis,
696 2353 845 2407 reliqua
869 2367 917 2393 ex
942 2354 1043 2394 illius
1067 2353 1187 2408 ipsius
1212 2354 1271 2394 dei
1295 2355 1397 2395 servi
1422 2369 1538 2410 opere
1562 2370 1648 2409 per—

111 2424 264 2468 texam,
305 2426 420 2474 atque
452 2420 616 2475 ipsamet
650 2418 803 2460 Irenaei
837 2422 981 2472 verba,
1025 2436 1073 2462 ne
1110 2429 1253 2462 mutata
1292 2423 1442 2476 quidem
1479 2423 1643 2477 syllaba,

112 2485 325 2527 subiiciam.
388 2486 488 2528 Sunt
519 2487 614 2528 haec
645 2488 856 2529 eiusmodi:

692 2613 754 2644 EX
787 2615 818 2644 S.
855 2613 1057 2646 IRENAEO.

222 2688 319 2731 Cum
349 2691 521 2746 plerique
547 2691 711 2732 veritate
740 2699 957 2747 contempta
986 2694 1102 2734 falsas
1128 2694 1309 2747 quasdam
1339 2694 1581 2735 narrationes
1606 2702 1644 2735 et
1671 2699 1747 2743 Cap.
1768 2701 1825 2732 IX.

110 2755 245 2798 inanes
268 2759 516 2814 genealogias
543 2759 769 2809 obtrudant,
803 2774 900 2814 quae
931 2761 1179 2815 quaestiones
1203 2768 1402 2816 praestant
1424 2762 1570 2816 magis,
1604 2770 1645 2803 ut

153 2881 184 2912 2.
208 2877 289 2916 Ἐπὶ
313 2884 359 2915 ed.
379 2885 478 2923 princ.
516 2886 605 2916 Vetus
624 2885 774 2923 Interpres
794 2886 854 2916 lre-
947 2883 977 2918 4.
1004 2888 1051 2918 lta
1075 2887 1162 2918 codd.
1190 2888 1284 2917 Vane.
1315 2888 1383 2918 t'en.
1406 2890 1431 2918 el
1458 2888 1488 2917 Γ.
1516 2889 1641 2927 interpr.

111 2928 180 2957 naei
199 2927 286 2959 habet
309 2929 487 2967 Quatenus.
536 2931 613 2961 Iren.
636 2931 656 2960 1.
669 2953 678 2968 ,
704 2931 807 2969 Praef.
900 2932 1017 2962 Irenaei
1032 2933 1084 2970 qui
1101 2933 1188 2962 habet
1204 2930 1356 2963 infinitas.
1388 2933 1484 2972 Vulyo
1501 2932 1644 2974 ματαίας

155 2970 186 3002 3.
210 2971 267 3005 καὶ
291 2983 351 3005 om.
376 2975 447 3005 Ven.
902 2979 994 3007 extat.

1262 3032 1354 3073 21*
