2034 3267
207 2280 272 2308 pag.
288 2272 329 2298 28.

197 2667 284 2710 Κεφ.
305 2663 341 2698 ε’.

370 227 421 266 72
921 229 1077 260 SANCTI
1102 228 1323 259 EPJPHANH

368 317 495 365 θρου,
526 308 593 350 τόν
614 305 774 359 τυχόντα
795 307 955 356 είπαμεν
975 302 1072 344 θεὸν
1093 307 1170 343 τῶν
1195 304 1341 354 ἐθνῶν,
1371 302 1396 356 ἢ
1418 304 1514 362 θεὸν
1537 306 1602 348 τὸν
1626 306 1727 348 ὅντα.
1784 304 1877 347 Ἐάν

370 378 411 418 δὲ
434 379 618 427 εἴπωμεν,
655 371 697 412 Ο
717 370 830 421 θεὸς,
873 373 989 423 δῆλον
1012 388 1065 418 ως
1091 368 1168 411 ἀπὸ
1189 374 1258 411 τοῦ
1287 368 1330 410 O
1354 361 1508 425 ἄρθρου
1529 373 1596 414 τὸν
1625 373 1717 415 ὄντα
1740 375 1875 425 σημαί-

370 460 505 496 νομεν,
536 440 662 492 αληθῆ
687 455 726 479 τε
749 439 814 479 καὶ
837 436 1133 492 γινωσκόμενον·
1177 455 1230 485 ως
1254 438 1319 478 καὶ
1334 436 1591 491 ’Ἀνθρωπος,
1621 442 1705 492 καὶ,
1743 438 1785 480 O
1811 438 1875 480 ἅν-

369 517 543 563 θρωπος.
602 506 680 546 Καὶ
702 507 736 546 εἰ
756 505 823 557 μὲν
844 507 966 559 ἔλεγεν
989 502 1011 545 ἆ
1026 503 1165 557 νόμος,
1192 502 1282 544 Ἐὰν
1302 503 1462 556 ἅψησθε
1481 511 1632 559 νεκροῦ,
1661 507 1756 548 κατὰ
1778 505 1874 547 πάν-

370 592 446 616 των
466 575 622 628 ἐφέρετο
645 571 668 615 ὁ
689 577 848 625 ψῆφος,
877 573 944 613 καὶ
966 569 1095 619 ἁπλῶς
1119 569 1260 619 παντὸς
1284 576 1422 625 νεκροῦ
1446 566 1495 623 ἦν
1521 569 1545 624 ἦ
1567 574 1783 626 ἐπικειμένη
1808 578 1878 614 τοῦ

369 640 583 694 ζητήματος
607 641 713 690 λέξις.
768 637 904 680 Ὁπότε
926 639 966 679 δὲ
990 639 1108 692 λέγει,
1148 636 1248 678 Ἐάν
1271 637 1419 690 ἅψηταί
1449 656 1506 686 τις
1529 643 1598 679 τοῦ
1624 646 1782 693 νεκροῦ,
1814 641 1878 682 ἐπὶ

370 710 437 749 ἕνα
458 706 543 748 τινα
568 708 676 759 φέρει
696 705 765 759 τὴν
783 705 960 760 ἀγωγην,
991 707 1091 757 φημὶ
1113 705 1154 746 δὲ
1175 706 1237 746 ἐπὶ
1268 704 1336 747 τὸν
1357 704 1516 760 κύριον,
1548 703 1600 754 ὦς
1621 704 1700 747 ἅνω
1723 724 1788 759 μοι
1819 710 1878 748 δε-

371 773 547 828 δήλωται.
593 773 735 829 ”Ελεγε
757 774 798 814 δὲ
821 778 933 815 τοῦτο
955 775 1244 827 αἰνιγματωδῶς
1264 771 1286 814 ὁ
1306 772 1444 825 νόμος,
1477 771 1541 813 διὰ
1564 771 1655 820 τοῦς
1678 774 1880 825 μέλλοντας

368 848 496 896 χεῖρας
532 840 747 897 ἐπιβάλλειν
781 841 844 882 ἐπὶ
884 838 950 881 τόν
985 838 1172 895 Χριστόν,
1214 841 1279 881 καὶ
1314 845 1466 896 σταυρῷ
1500 841 1780 893 παραδιδόναι,
1819 840 1879 882 ὅτι

368 912 495 964 χρείαν
520 907 620 962 εἶχον
645 903 751 949 οῦτοι
776 913 1045 962 καθαρισμοῦ,
1087 908 1159 954 ἕως
1185 905 1284 964 δύνῃ
1318 905 1451 955 αὐτοῖς
1473 905 1497 959 ἡ
1519 906 1662 961 ἡμέρα,
1693 908 1758 948 καὶ
1788 905 1878 948 ἄνα·

368 980 469 1029 τείλη
494 975 626 1023 αὐτοῖς
649 974 738 1016 ἄλλο
759 979 863 1026 φῶς,
895 973 958 1014 διὰ
982 979 1050 1015 τοῦ
1079 977 1340 1027 βαπτίσματος
1357 979 1426 1016 τοῦ
1454 973 1597 1023 ὕδατος
1620 979 1689 1015 τοῦ
1716 978 1881 1028 λουτροῦ

368 1049 437 1096 τῆς
462 1045 755 1097 παλιγγενεσίας.
811 1039 879 1089 Ὡς
910 1042 974 1081 καὶ
1002 1042 1256 1096 ἐπιμαρτυρεῖ
1286 1059 1351 1093 μοι
1381 1043 1553 1083 ἐνταῦθα
1587 1042 1736 1093 Πέτρος
1760 1042 1882 1095 λέγων

367 1117 450 1160 τοῖς
473 1109 729 1165 Ἰσραηλίταις
754 1110 794 1150 ἐν
814 1106 1114 1163 Ἱεροσολύμοις,
1155 1115 1235 1156 τοῖς
1266 1110 1442 1163 λέγουσιν
1474 1107 1598 1165 αὐτῷ,
1645 1112 1689 1149 Τί
1711 1107 1879 1162 ποιήσω-

371 1196 458 1233 μεν,-
500 1176 565 1219 δια
599 1175 640 1218 τό
675 1176 866 1230 εἰρηκέναι
898 1174 1017 1216 αὐτὸν
1052 1173 1184 1224 αὐτοῖς
1218 1175 1297 1226 ὅτι,
1343 1180 1492 1217 Τοῦτον
1522 1174 1589 1216 τὸν
1619 1173 1794 1228 Ἰησοῦν,
1833 1175 1882 1217 ὃν

368 1244 479 1299 ’ὑμεῖς
511 1243 782 1297 ἐσταυρώσατε.
844 1244 921 1283 Καὶ
955 1250 1200 1297 κατανυγεῐσι
1234 1241 1304 1295 τὴν
1334 1245 1498 1296 καρδίαν
1533 1240 1633 1292 εἶπε,
1674 1242 1878 1295 Μετανοή-

371 1328 478 1363 σατε,
507 1313 571 1353 καὶ
597 1309 849 1365 βαπτισθήτω
873 1311 1030 1357 ἕκαστος
1053 1311 1093 1350 ἐν
1112 1315 1164 1366 τῷ
1190 1309 1352 1362 ὀνόματι
1371 1307 1505 1361 Ἰησοῦ
1532 1313 1699 1363 Χριστοῦ
1721 1314 1789 1351 τοῦ
1811 1327 1878 1350 κυ-

370 1384 457 1434 ρίου
477 1378 605 1432 ἦμῶν,
635 1380 701 1419 καὶ
717 1377 983 1430 ἄφεθήσονται
1013 1375 1102 1429 ύμῖν
1130 1379 1172 1417 αἱ
1194 1375 1396 1429 ἁμαρτίαι,
1426 1378 1490 1417 καὶ
1517 1375 1689 1429 λήψεσθε
1711 1375 1782 1429 τὴν
1808 1379 1878 1417 δω-

371 1447 460 1502 ρεάν
481 1451 550 1488 τοῦ
576 1443 687 1500 ἁγίου
712 1444 937 1497 πνεύματος.
999 1442 1057 1484 On}
1076 1445 1164 1497 περὶ
1185 1447 1324 1497 νεκροῦ
1343 1446 1474 1484 τοίνυν
1497 1444 1592 1498 λέγει
1615 1441 1638 1484 ὁ
1658 1443 1784 1496 νόμος.
1826 1445 1882 1484 Εἰ

371 1515 411 1556 δὲ
437 1515 503 1555 καὶ
530 1514 620 1567 περὶ
644 1517 783 1566 νεκροῦ
817 1510 931 1552 ἄλλου
955 1509 1180 1564 ὁριζομένου
1203 1511 1300 1565 λέγει
1323 1508 1345 1552 ὁ
1366 1509 1504 1563 νόμος,
1535 1510 1655 1559 ἄλλως
1677 1513 1878 1552 ἐκδίδοται.

369 1583 486 1636 Λέγει
515 1579 586 1635 γαρ
609 1580 688 1630 ὅτι,
730 1577 829 1620 Ἐάν
860 1579 1038 1635 παρέλθῃ
1072 1577 1228 1632 νεκρὸς,
1269 1581 1434 1618 κλείσατε
1463 1576 1532 1626 τοὶς
1556 1577 1684 1631 θύρας
1717 1579 1783 1619 καὶ
1811 1576 1881 1626 τας

369 1651 538 1702 θυρίδας
560 1646 690 1700 ὑμῶν,
719 1648 784 1688 ἰ’να
803 1644 855 1699 μὴ
877 1650 1055 1702 μολυνθῇ
1080 1643 1102 1686 ὁ
1121 1643 1245 1693 οἶκος·
1278 1643 1362 1693 ὦςεὶ
1382 1646 1480 1699 ἔλεγε
1502 1647 1589 1699 περὶ
1615 1644 1736 1698 ἆκοῆς
1758 1643 1878 1699 ἆμαρ·

369 1720 473 1765 τίας,
504 1715 562 1756 ὅτι
584 1713 650 1756 ἐαν
674 1713 844 1770 ἀκούσῃς
871 1730 1008 1792 φωνηγ
1029 1717 1099 1765 τῆς
1132 1710 1339 1765 αμαρτίας,
1378 1711 1403 1766 ἡ
1426 1710 1526 1760 εἶδος
1553 1712 1878 1767 παραπτώματος,

368 1789 518 1824 κλεῖσον
546 1799 613 1822 τον
636 1779 845 1833 ὀφθαλμόν
869 1795 940 1821 σου
971 1778 1046 1820 απὸ
1073 1781 1308 1832 ἐπιθυμίας,
1351 1781 1417 1821 καὶ
1447 1797 1489 1820 το
1512 1779 1634 1832 στόιια
1659 1779 1736 1822 απὸ
1764 1798 1881 1822 κακο-

369 1853 519 1905 λογίας,
549 1850 615 1889 καὶ
642 1847 683 1888 τὸ
710 1865 778 1895 ους
808 1865 884 1888 απο
909 1846 1119 1900 ἐνηχησεως
1147 1852 1342 1902 πονηρᾶς,
1372 1849 1435 1888 ι’να
1467 1845 1519 1900 μή
1544 1853 1722 1905 νεκρωθῆ
1747 1847 1836 1896 όλος
1858 1865 1877 1889 ο

370 1916 495 1967 οἶκος,
524 1917 717 1957 τουτέστιν
753 1933 778 1967 η
800 1913 907 1967 ψυχὴ
941 1932 1008 1955 και
1040 1913 1082 1955 τό
1111 1919 1231 1967 σῶμα.
1290 1913 1363 1956 Διὸ
1386 1915 1452 1956 καὶ
1475 1933 1494 1956 ο
1515 1915 1722 1969 προφήτης
1745 1917 1878 1970 ε’λεγεν,

369 1983 468 2026 Ἐαν
490 1981 614 2040 αναβῇ
636 1981 812 2030 θανατος
838 1980 902 2022 δια
934 1986 1009 2022 τῶν
1030 1985 1225 2035 θυρίδων
1262 2001 1330 2024 και
1351 1980 1398 2023 οὕ
1419 1980 1572 2030 πάντως
1594 1984 1682 2037 περὶ
1705 1988 1782 2024 τῶν
1805 1989 1878 2023 θυ-

372 2055 490 2108 ρίδων
522 2049 670 2092 τούτων
690 2050 797 2104 λέγει.
846 2047 903 2088 ”H
928 2047 1000 2103 γάρ
1033 2052 1243 2097 κλείσαντες
1277 2048 1345 2098 τοὶς
1374 2051 1539 2103 θυρίδας
1563 2048 1763 2091 οὐδέποτε
1785 2047 1881 2091 dno-

370 2124 506 2161 θανεῖν
527 2120 687 2171 εἴχομεν.
748 2119 910 2170 Θυρίδες
932 2116 973 2157 δὲ
993 2114 1086 2168 ἡμῖν
1106 2114 1325 2170 ὑπάρχουσι
1342 2115 1388 2158 τοὶ
1407 2121 1474 2158 τοῦ
1495 2115 1670 2168 σώματος
1693 2115 1878 2170 αἰσθητή-

372 2205 458 2241 ρια,
489 2186 655 2238 βλέμμα,
687 2182 802 2236 οἷκοή,
831 2184 898 2224 καὶ
925 2181 971 2224 τὰ
995 2182 1106 2233 ἄλλα,
1137 2182 1182 2224 δι’
1206 2180 1259 2225 ὧν
1277 2183 1450 2232 θάνατος
1473 2185 1526 2232 εἰς
1547 2182 1648 2236 ἡμᾶς
1669 2183 1881 2239 εἰςπορεύε-

371 2272 452 2304 ται,
495 2255 529 2294 εἰ
562 2250 608 2293 δι’
643 2249 770 2292 αὐτῶν
809 2248 1098 2303 ἁμαρτήσωμεν.
1164 2250 1417 2303 Ἐνεταφίασε
1453 2255 1548 2306 γοῦν
1580 2248 1603 2292 ὁ
1640 2249 1782 2303 Ἰωσὴφ
1814 2250 1882 2292 τόν

371 2318 549 2374 Ἰσραὴλ,
580 2320 646 2360 καὶ
669 2317 740 2360 οὐκ
770 2316 1015 2371 ἐβδελύξατο,
1052 2320 1118 2358 καὶ
1144 2318 1235 2371 μετὰ
1260 2318 1434 2361 θάνατον
1462 2316 1653 2360 ἐπιπεσών
1677 2319 1741 2359 ἐπὶ
1763 2317 1880 2373 πρός-

374 2404 482 2428 ωπον
511 2389 758 2438 κατεφίλησε,
797 2386 863 2426 καὶ
898 2383 945 2426 οὗ
977 2385 1186 2439 γέγραπται
1215 2387 1273 2428 ὅτι
1304 2386 1504 2437 ἐλούσατο,
1543 2387 1608 2426 ἵνα
1638 2390 1881 2443 καθαρισθῇ.

371 2452 655 2505 Ἐνεταφίασαν
679 2455 720 2494 οἱ
748 2451 920 2507 ἄγγελοι,
962 2450 1015 2500 αἶς
1039 2450 1065 2504 ἦ
1087 2454 1140 2501 εἰς
1164 2451 1266 2505 ἡμᾶς
1290 2455 1459 2495 ἐλθοῦσα
1481 2451 1693 2507 παράδοσις
1715 2454 1806 2505 ἔχει,
1837 2451 1880 2494 τὸ

373 2526 484 2574 σῶμα
504 2521 709 2569 Μωϋσέως
729 2524 798 2561 τοῦ
823 2517 948 2574 ἁγίου,
979 2520 1044 2560 καὶ
1069 2518 1140 2560 οὐκ
1167 2525 1187 2548 4
1202 2520 1418 2572 ἐλούσαντο,
1455 2518 1529 2561 ἀλλ’
1553 2518 1640 2561 οὔτε
1666 2518 1880 2572 ἐκοινώθη-

373 2591 445 2629 σαν
474 2590 513 2629 οἷ
540 2586 689 2643 ἄγγελοι
718 2585 795 2628 ἀπὸ
825 2591 895 2628 τοῦ
925 2585 1038 2641 ἆγίου
1068 2585 1254 2639 σώματος.

500 2656 579 2696 Καὶ
622 2655 730 2695 δέδια
768 2653 883 2695 πάλιν
921 2653 974 2707 μὴ
1020 2647 1074 2702 εἰς
1125 2655 1229 2703 τέλος
1274 2655 1394 2697 ἐλάσω
1444 2653 1512 2708 τὴν
1552 2657 1620 2695 τοῦ
1670 2651 1882 2705 ζητήματος

373 2723 556 2763 ἐπίλυσιν.
625 2719 710 2773 Ἀφ’
750 2721 836 2770 ἓνός
877 2721 918 2762 δὲ
962 2720 989 2774 ἢ
1034 2722 1216 2775 δευτέρου
1254 2722 1372 2778 λόγου
1414 2720 1623 2775 δοθήσεται
1664 2724 1716 2777 τῷ
1765 2725 1881 2776 σοφῷ

963 2787 970 2801 l

374 2793 612 2841 σοφισθῆναι
651 2790 692 2830 ἐν
727 2792 849 2846 κυρίῳ
876 2805 972 2830 κατα
1009 2786 1104 2830 ιτόν
1133 2788 1180 2830 δι’
1209 2791 1390 2838 ἐναντίας.
1449 2791 1505 2830 Εἰ
1530 2788 1571 2830 δὲ
1596 2788 1662 2829 καὶ
1694 2788 1783 2841 περὶ
1812 2791 1882 2828 τοῦ

417 2909 448 2944 4.
473 2910 647 2946 ἐλούσαντο
669 2915 877 2954 cod.Rhedi9.
920 2915 1015 2954 Vulgo
1032 2911 1104 2946 ἐλύ-
1149 2917 1250 2946 iuvius
1275 2917 1447 2955 suspicatus
1477 2917 1519 2946 est
1538 2914 1613 2946 τῶν.
1660 2914 1726 2944 Non
1749 2913 1882 2943 absimili

374 2967 480 2990 σαντα.
1150 2961 1238 2990 modo
1265 2961 1517 2999 praepositionem
1550 2955 1634 2990 κατὰ
1657 2967 1726 2989 cum
1754 2966 1883 2988 accusa-

420 3001 494 3033 CAP.
517 3003 556 3035 V.
581 3020 622 3027 -—-
659 3001 686 3034 1.
708 3001 762 3036 τὸν
786 3005 877 3035 intell.
899 3000 1002 3045 λόγον.
1044 3005 1100 3035 Pe·
1146 3006 1206 3035 tivo
1227 3014 1302 3036 casu
1322 3007 1501 3043 usurparant
1523 3003 1775 3043 deprehendimus
1798 3002 1880 3032 haer.
