2034 3267
548 189 605 219 Ao
632 189 881 220 EPISTOLAM
905 188 1048 220 AcAcu
1073 190 1130 221 ΕΤ
1152 190 1294 220 PAULI.
1622 183 1668 222 21

160 285 387 328 seruerunt,
428 277 499 317 diis
530 277 591 331 qui
614 278 728 330 vulgo
754 277 941 317 habentur
973 278 1214 329 sacrificare,
1256 280 1432 320 animatis
1455 280 1582 330 vesci,
1625 295 1669 320 ac

155 346 247 385 vino
276 345 328 385 uti
363 344 552 398 probibuit
572 343 830 398 Pythagoras·
890 344 995 385 ldem
1020 360 1115 399 quae
1147 346 1193 386 ab
1224 346 1311 386 luna
1338 360 1487 387 sursum
1520 355 1665 401 patent,

157 413 410 461 immortalia,
444 425 540 465 qnae
566 411 747 450 inferiora
770 418 878 460 sunt,
911 412 1087 451 mortalia
1109 413 1272 453 dicebat.
1333 413 1495 454 Animas
1530 428 1551 454 e
1584 429 1668 454 cor-

154 480 310 534 poribus
342 480 380 519 in
404 479 475 518 alia
500 492 683 532 corpora,
727 477 841 516 etiam
867 478 1082 518 animalium
1106 493 1150 519 ac
1173 479 1404 532 bestiarum,
1437 483 1666 524 transfundi.

154 547 215 586 Ad
250 547 343 587 haec
387 545 665 600 quinquennale
704 544 856 583 interim
898 545 1090 585 silentium
1131 546 1330 587 observari
1363 549 1580 604 praecepit,
1624 564 1666 590 ac

155 621 349 668 postremo
382 615 490 653 demn
525 611 652 652 haberi
684 623 725 651 se
750 611 886 650 voluit.

268 679 338 721 Vl.
384 679 573 720 Platonici
605 679 740 727 deum,
775 684 814 717 et
846 677 1067 728 materiam,
1110 693 1154 719 ac
1181 681 1338 720 sormam
1367 684 1661 725 constituerunt.

156 747 341 788 illundum
380 747 547 802 genitum
582 759 626 784 ac
657 744 892 799 corruptioni
926 745 1160 795 obnoxium,
1201 747 1364 787 animam
1392 749 1596 803 ingenitam
1629 760 1668 792 et

156 815 431 863 immortalem,
473 827 517 852 ac
546 811 713 852 divinam
748 811 925 852 arbitrati
958 819 1061 852 sunt,
1122 812 1248 853 Huius
1285 821 1364 854 tres
1396 829 1483 856 esse
1519 818 1662 871 partes,

154 897 266 923 unam
289 882 436 922 ratione
461 879 692 934 praeditam,
726 879 884 918 alteram
910 893 982 932 qua
1004 879 1224 931 irascimur,
1258 882 1409 922 tertiam
1432 898 1504 937 qua
1526 899 1664 927 concu-

155 949 350 1004 piscimus.
409 944 644 987 Communes
677 946 852 986 omnibus
880 960 1026 986 uxores
1053 961 1139 987 esse
1165 948 1306 999 voluit,
1340 964 1453 990 nemo
1477 958 1514 991 ut
1538 954 1664 1006 priva-

156 1024 228 1056 tam
254 1015 444 1056 obtineret
471 1027 515 1053 ac
550 1013 813 1067 praecipuam,
855 1014 921 1053 sed
949 1021 990 1054 ut
1014 1014 1171 1068 quilibet
1192 1030 1351 1069 quarum
1374 1017 1491 1058 vellet
1519 1020 1664 1074 copiam

156 1084 323 1123 baberet.
367 1079 485 1121 lidem
510 1080 722 1120 animarum
751 1081 788 1121 in
810 1081 916 1121 varia
940 1095 1119 1136 corpora,
1146 1082 1260 1123 etiam
1283 1084 1508 1135 bestiarum,
1538 1093 1664 1128 trans-

153 1151 224 1190 itus
247 1148 470 1189 affirmabat.
531 1147 638 1188 Deos
664 1148 826 1202 denique
851 1149 1066 1203 complures
1089 1149 1135 1190 ab
1162 1164 1236 1190 uno
1257 1164 1346 1191 esse
1374 1152 1594 1206 productos.

260 1224 354 1268 Vll.
399 1224 520 1267 Stoici
550 1241 689 1281 corpus
720 1226 944 1267 universum
970 1241 1058 1268 esse
1088 1228 1291 1280 definiunt,
1325 1236 1363 1269 et
1393 1231 1663 1285 aspectabilem

153 1295 250 1334 hunc
274 1294 453 1334 mundum
478 1295 587 1334 deum
615 1307 702 1335 esse
722 1300 908 1334 statuunt.
954 1293 1141 1335 Nonnulli
1169 1296 1280 1337 etiam
1307 1310 1357 1336 ex
1380 1297 1470 1350 igne
1492 1306 1663 1340 naturam

148 1362 249 1402 illius
270 1368 447 1401 constare
472 1361 695 1401 defendunt.
741 1360 868 1402 Deum
892 1362 1028 1416 quippe
1052 1369 1217 1402 mentem
1240 1377 1327 1404 esse
1349 1372 1497 1418 putant,
1531 1380 1576 1406 ac
1598 1381 1664 1407 va-

149 1428 342 1469 stissimae
377 1429 493 1468 totins
518 1428 651 1479 molis,
695 1429 792 1468 coeli
826 1436 1029 1483 terraeque
1061 1429 1264 1481 videlicet,
1297 1431 1479 1472 animam.
1542 1431 1663 1474 Cuius

151 1511 305 1550 corpus,
331 1503 371 1535 ut
387 1495 482 1546 dixi,
505 1503 622 1535 totum
645 1496 715 1535 boc
740 1497 785 1535 sit
810 1497 1047 1547 universum,
1076 1498 1173 1537 oculi
1194 1512 1288 1538 vero
1306 1499 1446 1539 sidera.
1482 1498 1661 1541 Omnium

151 1564 309 1603 interire
337 1577 517 1613 carnem,
561 1570 599 1603 et
629 1563 792 1603 animam
829 1564 868 1603 in
907 1564 1057 1604 diversa
1093 1566 1257 1605 transire
1286 1580 1447 1620 corpora
1483 1568 1554 1607 sibi
1579 1583 1663 1622 per-

150 1631 327 1671 suadent.

262 1696 376 1738 Vlll.
410 1697 591 1752 Epicurei
614 1705 762 1737 atomos
785 1705 823 1737 et
844 1698 1036 1739 individua
1056 1713 1215 1753 corpora
1237 1699 1423 1740 similibus
1448 1703 1662 1742 constantia

150 1766 336 1821 partibus,
370 1772 404 1804 et
424 1766 586 1815 infinita,
615 1780 742 1805 rerum
766 1765 931 1805 omnium
957 1766 1180 1821 principium
1206 1781 1250 1806 ac
1274 1767 1386 1807 finem
1411 1782 1499 1809 esse
1526 1770 1664 1810 docue-

149 1840 253 1874 runt.
317 1830 515 1873 Summum
538 1833 676 1873 bonum
704 1834 740 1872 in
768 1833 960 1887 voluptate
986 1841 1219 1887 posuerunt,
1254 1835 1363 1874 deum
1388 1850 1432 1875 ac
1460 1837 1664 1890 providen-

151 1902 239 1941 tiam
271 1900 317 1940 ab
341 1914 469 1940 rerum
501 1900 832 1940 administratione
862 1901 1115 1941 sustulerunt.

263 1977 338 2019 lX.
371 1976 659 2019 Samaritismus
690 1985 727 2018 et
749 1976 980 2019 Samaritae.
1028 1978 1153 2020 Huius
1178 1981 1224 2021 ab
1249 1979 1442 2023 ludaismo
1467 1984 1577 2037 origo
1598 1985 1662 2025 de-

149 2046 323 2095 ducitur,
357 2060 453 2100 quae
476 2053 666 2086 sectarum
691 2046 786 2101 apud
813 2044 985 2087 Graecos
1008 2046 1182 2088 divortiis
1204 2055 1243 2089 et
1267 2063 1397 2090 earum
1422 2051 1587 2092 decretis
1618 2067 1663 2092 ao

150 2114 387 2168 dogmatibus
408 2114 600 2168 antiquior
617 2120 690 2153 est.
726 2112 961 2153 Graecorum
984 2128 1098 2168 porro
1111 2116 1422 2170 superstitionem
1442 2119 1659 2172 complexa,

150 2189 188 2222 et
211 2195 296 2221 cum
320 2179 484 2221 Iudaicis
509 2180 748 2235 dogmatibus
777 2181 900 2235 aliqua
929 2195 979 2221 ex
1004 2189 1112 2236 parte
1143 2183 1309 2224 miscens
1334 2184 1399 2225 illa
1423 2193 1528 2226 secta
1560 2186 1662 2227 eirca

148 2248 529 2290 Nabuchodonozori
556 2255 594 2288 et.
617 2246 794 2289 Iudaicae
816 2249 1047 2303 captivitatis
1071 2257 1242 2304 tempora
1268 2252 1421 2305 prodiit.
1454 2251 1575 2293 Primi
1599 2268 1661 2293 se-

151 2324 235 2357 ctae
258 2316 478 2356 conditores
504 2330 555 2355 ex
572 2315 748 2370 Assyriis
775 2315 812 2355 in
834 2314 1013 2357 Iudaeam
1050 2320 1297 2372 transportati
1330 2319 1496 2374 quinque
1527 2321 1663 2361 dunta-

149 2391 220 2424 xat
239 2382 391 2438 Moysis
415 2383 533 2423 libros
568 2390 819 2437 acceperunt,
852 2398 948 2438 quos
973 2398 1041 2439 per
1064 2383 1227 2425 Esdram
1253 2387 1491 2427 sacerdotem
1517 2402 1590 2428 rex
1616 2390 1663 2429 ad

150 2452 236 2492 illos
260 2449 458 2506 Babylone
483 2450 728 2491 submiserat.
777 2449 911 2505 ltaque
937 2459 1089 2492 caetera
1112 2452 1252 2492 babent
1276 2467 1360 2493 oum
1386 2452 1537 2496 Iudaeis
1560 2471 1663 2497 com-

151 2519 305 2569 munia,
346 2519 377 2558 si
411 2519 483 2558 hoc
514 2532 626 2557 unum
653 2518 823 2572 excipias
855 2520 954 2573 quod
984 2527 1022 2559 et
1052 2527 1188 2574 gentes
1221 2520 1505 2572 abominentur,
1540 2537 1664 2577 neque

153 2600 376 2640 quemquam
400 2586 625 2638 contingere
646 2585 780 2636 velint,
807 2587 981 2641 quodque
1004 2595 1239 2628 mortuorum
1264 2590 1603 2640 resurrectionem,
1620 2605 1664 2632 ac

153 2661 326 2694 caeteras
345 2660 432 2706 post
450 2651 617 2707 Moysen
640 2653 856 2707 prophetias
876 2654 1067 2694 reiiciunt.
1113 2653 1444 2697 Samaritanorum
1469 2665 1528 2698 est
1551 2659 1664 2699 factio

152 2720 274 2762 divisa
304 2721 342 2760 in
375 2727 501 2775 partes
531 2727 707 2774 quatuor.

154 2833 222 2864 dem
244 2838 375 2872 tempore
398 2836 495 2864 ortum
515 2843 576 2863 esse
596 2842 654 2872 quo
665 2833 788 2864 deorum
804 2836 890 2874 apud
980 2835 1032 2869 72.
1056 2835 1113 2868 ἴσα
1123 2838 1240 2867 restitui
1254 2838 1569 2877 exAnacephalaeosi.
1593 2840 1664 2869 Γαῖ-

156 2880 285 2909 Graecos
305 2880 402 2909 cultus
423 2880 539 2909 institui
560 2880 598 2909 sit
611 2881 742 2916 coeptus,
765 2888 802 2910 ex
822 2882 889 2911 sinu
936 2891 973 2921 9⁰
997 2885 1078 2912 extat
1102 2880 1199 2917 εἰσιν,
1224 2883 1324 2913 minus
1347 2885 1512 2914 commode.

153 2924 248 2960 ipsius
266 2924 416 2954 Iudaismi
437 2927 554 2961 ortum,
575 2924 613 2953 ab
634 2932 708 2954 aevo
727 2925 885 2956 Nabucho-
975 2924 1027 2957 73.
1052 2925 1169 2967 μωσέα
1193 2928 1259 2957 cod.
1285 2929 1383 2958 Venet.

155 2967 297 2998 donozori
318 2971 345 2998 et
365 2969 510 2999 Iudaicae
531 2969 731 3007 captivitatis
975 2968 1027 3002 74.
1053 2968 1091 3004 δὲ
1110 2980 1169 3002 om.
1191 2972 1256 3003 cod.
1273 2973 1370 3004 Venet.
1382 2996 1392 3012 ,
1414 2975 1442 3004 et
1460 2974 1641 3012 Anacephal.
