2034 3267
451 174 625 206 PANARH
650 174 748 206 ADV.
774 173 993 206 HAERESES
1018 173 1097 206 Lis.
1118 175 1143 206 Ι.
1169 174 1275 207 ΤοΜ.
1295 176 1316 206 ι.
1586 166 1635 204 93

510 343 839 392 ADVERSUS
875 344 1260 392 NAZARAEOS.

287 421 403 482 Quae
439 428 505 469 est
539 422 747 469 Iudaismi
783 421 974 468 haeresis
1011 422 1089 481 V.,
1135 424 1286 470 ordine
1321 424 1490 471 XVIII.

240 520 358 562 Nunc
380 522 451 561 alia
475 522 565 561 mihi
586 527 671 575 post
692 519 1047 574 Hemerobaptistas
1072 521 1243 562 haeresis
1264 524 1506 577 exponenda,
1539 538 1635 578 quae
1663 535 1738 577 Cap.
1764 536 1784 565 t.

130 587 424 629 Nazaraeorum
460 589 610 629 dicitur.
672 585 747 638 Qui
780 587 954 639 quidem,
988 594 1029 626 ut
1061 588 1300 641 accepimus,
1334 604 1476 643 genere
1508 589 1637 632 ludaei

131 664 242 706 sunt,
276 670 296 696 e
318 655 518 696 Galaatide
544 662 581 694 et
601 653 819 694 Basanitide
853 667 898 692 ac
925 653 1081 706 reliquis
1109 655 1210 694 ultra
1235 654 1437 697 lordanem
1468 659 1638 712 regioni-

130 723 201 763 bus
222 724 385 763 oriundi.
448 721 703 775 Quamobrem
733 733 816 759 cum
844 719 935 759 baec
956 727 1062 760 secta
1086 719 1298 762 israelitica
1331 737 1380 763 ex
1405 733 1518 778 gente
1550 741 1637 781 pro-

131 790 230 830 fecta
255 791 325 839 sit,
360 788 582 830 ludaeorum
617 787 654 826 in
684 787 859 826 omnibus
887 787 1062 839 dogmata
1094 789 1378 842 complectitur,
1413 806 1482 831 nec
1513 793 1557 832 ab
1590 794 1636 834 iis

131 872 226 910 quos
250 864 359 897 antea
391 854 682 895 commemoravi
711 855 790 893 sere
814 854 889 894 ulla
916 854 955 893 in
979 868 1020 894 re
1042 854 1216 895 dissidet.
1275 855 1375 896 Nam
1409 865 1447 897 et
1476 859 1636 900 circum-

131 924 312 964 cisionem
335 922 489 977 perinde
514 928 625 975 atque
649 920 713 960 alii
737 921 899 971 retinet,
934 928 971 961 et
992 922 1091 962 idem
1116 922 1312 962 sabbatum
1338 924 1540 976 observat,
1573 941 1635 967 ea-

129 991 287 1044 demque
315 991 408 1030 festa
437 988 628 1037 celebrat,
662 988 728 1028 sed
763 1002 884 1042 neque
910 989 1026 1028 fatum
1052 1003 1175 1042 neque
1202 992 1475 1032 astronomiam
1502 993 1636 1034 admit-

129 1058 187 1098 tit.
247 1058 306 1097 Ac
338 1069 421 1095 cum
453 1062 607 1095 veteres
638 1055 724 1095 illos
759 1056 1017 1109 patriarchas,
1060 1057 1106 1096 de
1140 1057 1275 1110 quibus
1309 1058 1347 1098 in
1371 1057 1634 1100 Pentateucho

128 1124 267 1166 mentio
290 1130 368 1172 est,
400 1123 605 1176 approbet,
639 1122 703 1176 qui
727 1123 772 1163 ab
796 1122 947 1163 Adamo
978 1123 1023 1163 ad
1045 1122 1213 1178 Moysen
1244 1138 1366 1178 usque
1392 1126 1531 1179 insigni
1557 1128 1635 1180 pie-

126 1200 202 1233 tate
223 1192 455 1240 floruerunt,
488 1190 664 1230 nimirum
686 1190 832 1241 Adam,
869 1188 986 1241 Seth,
1019 1190 1177 1241 Enoch,
1209 1190 1493 1244 Mathusalam,
1526 1193 1632 1244 Noc,

123 1259 312 1308 Abraam,
346 1256 470 1307 Isaac,
506 1255 644 1308 Iacob,
677 1256 792 1308 Levi,
824 1257 976 1309 Aaron,
1009 1273 1053 1299 ac
1079 1257 1206 1299 lesuin
1231 1258 1346 1300 Nave
1369 1260 1500 1311 filium,
1533 1259 1635 1301 Pen-

122 1325 336 1367 tateuchum
358 1324 602 1365 nihilominus
624 1325 742 1379 ipsam
767 1325 955 1379 repudiat.
1014 1324 1102 1366 Nec
1123 1325 1290 1381 Moysen
1313 1328 1464 1381 quidem
1488 1328 1632 1379 abiicit,

121 1406 244 1447 neque
270 1392 433 1432 oblatam
457 1391 542 1432 huic
565 1406 586 1432 a
610 1393 681 1432 deo
703 1393 826 1446 legem
851 1406 938 1433 esse
961 1393 1164 1443 diffitetur,
1197 1394 1263 1434 sed
1290 1394 1401 1434 aliam
1430 1395 1549 1435 fuisse
1580 1396 1634 1436 di-

121 1460 172 1500 cit
198 1474 307 1514 quam
335 1473 429 1513 quae
453 1459 568 1512 vulgo
601 1459 884 1500 circumfertur.
946 1459 1013 1500 Ex
1042 1475 1115 1514 quo
1147 1462 1286 1501 factum
1313 1469 1372 1502 est
1403 1469 1444 1502 ut
1471 1461 1634 1503 Iudaeo-

119 1541 202 1567 rum
228 1527 468 1567 ceremonias
497 1527 664 1581 reliquas
695 1527 926 1578 observent,
960 1534 1090 1581 utpote
1112 1526 1264 1578 ludaei,
1299 1543 1320 1568 a
1343 1530 1543 1570 sacrificiis
1569 1530 1634 1570 ab-

118 1593 315 1645 horreant,
347 1608 470 1648 neque
491 1594 657 1634 animata
680 1608 720 1634 re
748 1594 820 1634 ulla
842 1601 1063 1635 vescantur.
1128 1594 1261 1649 ltaque
1285 1610 1422 1637 carnes
1446 1597 1484 1637 in
1509 1598 1632 1638 cibum

118 1662 299 1702 adbibere
331 1661 392 1702 vel
421 1662 636 1702 sacrificare
671 1663 780 1702 nefas
813 1675 900 1701 esse
935 1662 1138 1702 ducebant.
1202 1660 1376 1703 Conticta
1408 1664 1508 1704 enim
1540 1665 1633 1705 haee

119 1742 207 1770 esse
227 1729 438 1778 volumina,
466 1743 590 1782 neque
610 1743 741 1769 eorum
763 1730 962 1783 quicquam
984 1743 1003 1769 a
1023 1730 1232 1770 maioribus
1254 1731 1484 1784 profectum.
1517 1731 1633 1772 Eius-

118 1796 220 1836 modi
249 1795 541 1836 Nazaraeorum
577 1797 780 1836 discrimen
809 1811 831 1836 a
864 1796 1021 1850 reliquis
1054 1797 1139 1837 fuit.
1199 1795 1311 1838 Unde
1344 1805 1381 1838 et
1417 1798 1528 1840 facile
1555 1814 1632 1840 non

118 1877 195 1905 uno
225 1864 410 1904 duntaxat
439 1864 478 1903 in
509 1864 616 1913 loco,
651 1864 717 1904 sed
748 1863 786 1903 in
817 1864 985 1918 pluribus
1017 1864 1177 1904 refutari
1208 1872 1382 1919 possunt.

226 1931 288 1972 Ac
307 1931 466 1986 primum
487 1931 584 1985 quod
609 1938 761 1971 veteres
782 1932 1015 1985 patriarchas
1036 1938 1074 1971 et
1093 1929 1261 1986 Moysen
1282 1933 1458 1986 probant,
1488 1948 1631 1988 quaero
1656 1939 1734 1983 Cap.
1760 1944 1797 1975 Π.

115 1998 162 2039 ab
190 1998 287 2048 illis,
330 2013 415 2038 cum
446 1999 547 2038 nulla
579 1999 623 2038 de
656 1998 703 2038 iis
734 1999 807 2038 alia
837 1999 1024 2053 scriptura
1054 1999 1249 2049 meminit,
1294 2001 1392 2040 unde
1426 2008 1463 2041 et
1497 2001 1632 2042 borum

116 2066 319 2120 appellatio
354 2075 391 2106 et
422 2066 579 2119 egregia
608 2066 731 2105 virtus
765 2066 836 2106 nisi
876 2080 926 2106 ex
956 2065 1030 2106 illis
1065 2066 1322 2107 voluminibus
1356 2068 1510 2122 cognita
1543 2083 1630 2110 esse

115 2133 307 2188 potuerit?
367 2132 443 2187 Qui
470 2147 583 2188 porro
607 2132 787 2172 convenit
809 2133 1010 2173 veritatem
1036 2134 1074 2173 in
1100 2149 1215 2174 unum
1240 2148 1323 2174 cum
1352 2135 1516 2176 falsitate
1540 2151 1630 2176 con-

115 2202 298 2241 currere?
336 2201 572 2254 eandemque
600 2200 823 2254 scripturam
850 2201 985 2255 partim
1016 2215 1132 2251 vera,
1177 2202 1311 2255 partim
1341 2203 1435 2242 falsa
1461 2203 1630 2243 iactare?

115 2282 198 2308 cum
223 2268 392 2308 salvator
414 2268 577 2318 dixerit,
620 2267 701 2307 Aut
731 2267 841 2308 facite
868 2268 1043 2309 arborem
1074 2269 1213 2308 bonam
1244 2277 1281 2308 et
1308 2270 1455 2309 fructus
1485 2270 1623 2320 bonos,
1646 2288 1717 2318 Luc.
1731 2291 1756 2325 ⁶,
1770 2292 1809 2319 43,

113 2342 178 2375 aut
213 2335 388 2376 arborem
422 2336 557 2376 malam
593 2341 631 2374 et
667 2335 810 2375 fructus
843 2335 977 2375 malos.
1042 2334 1182 2389 Neque
1218 2336 1316 2376 enim
1354 2343 1480 2389 potest
1513 2338 1629 2378 arbor

112 2402 213 2442 bona
242 2403 360 2442 malos
391 2403 535 2442 fructus
560 2402 708 2451 facere,
749 2416 872 2456 neque
897 2403 1012 2444 arbor
1037 2404 1136 2443 mala
1159 2404 1281 2443 bonos
1306 2404 1452 2444 fructus
1479 2405 1622 2445 facere.

113 2468 306 2522 Quocirca
336 2470 584 2515 vanissimum
626 2469 758 2508 borum
792 2469 985 2511 hominum
1018 2470 1214 2524 ingenium
1253 2477 1332 2518 est,
1377 2471 1626 2526 doctrinaque

110 2536 192 2591 ipsa
218 2537 347 2577 multis
377 2551 426 2577 ex
457 2536 641 2590 capitibus
673 2537 794 2576 everti
824 2552 868 2578 ac
893 2539 1052 2578 refutari
1081 2545 1220 2592 potest.
1279 2537 1514 2578 Praesertim
1540 2554 1625 2579 cum

110 2603 148 2644 in
181 2603 403 2644 hodiernum
438 2617 556 2657 usque
588 2610 733 2656 tempus
766 2619 841 2644 nou
875 2607 987 2645 modo
1018 2606 1261 2646 celebrentur
1294 2619 1339 2645 ea
1374 2619 1469 2660 quae
1504 2606 1552 2646 iis
1584 2607 1623 2646 in

108 2670 216 2711 libris
240 2678 349 2725 gesta
378 2677 660 2721 memorantur,
704 2672 770 2711 sed
801 2679 838 2712 et
861 2672 1023 2727 ipsamet
1049 2674 1132 2713 loca
1156 2680 1517 2727 repraesententur,
1560 2673 1624 2714 ubi

111 2738 331 2778 admiranda
350 2738 413 2778 illa
435 2738 605 2792 prodigia
631 2739 886 2791 contigerunt.
937 2738 1128 2794 imprimis
1148 2754 1257 2780 mons
1281 2738 1391 2790 Sion,
1426 2740 1488 2780 ubi
1510 2755 1621 2783 ovem

111 2803 181 2844 deo
214 2805 455 2846 Abrahamus
489 2805 720 2855 immolavit,
766 2805 863 2846 idem
897 2807 942 2847 ad
984 2808 1054 2848 hoc
1090 2815 1235 2862 tempus
1270 2822 1407 2848 nomen
1442 2808 1618 2848 obtinuit.

114 2868 214 2911 Tum
239 2872 302 2912 ubi
328 2887 490 2927 quercus
516 2873 580 2913 illa
603 2871 778 2913 Mambre
804 2875 893 2925 fuit,
936 2890 1009 2929 quo
1031 2875 1069 2915 in
1094 2876 1176 2916 loco
1201 2875 1359 2916 vitulum
1385 2876 1531 2929 angelis
1554 2890 1619 2931 ap-
