2034 3267
194 1218 281 1259 Κεφ.
307 1212 343 1247 ε’.

219 1425 285 1453 pag.
303 1416 345 1442 87.

371 117 447 154 176
924 117 1083 148 SANCTt
1109 116 1329 147 EPJPHANH

367 215 519 248 νονται,
559 199 623 238 ἴνα
649 193 746 236 κατὰ
780 190 906 232 πάντα
935 189 1082 243 τρόπον
1110 192 1240 243 φρίξιν
1266 189 1483 244 ἐργάσωμαι
1510 196 1593 238 τοῖς
1621 187 1809 231 άκούουσι
1839 187 1886 230 τοὶ

367 264 456 320 παρ’
476 263 601 305 αὐτῶν
621 259 805 315 γενόμενα
827 256 1180 311 αἰσχρουργήματα·
1206 254 1298 309 μετὰ
1317 254 1389 310 γάρ
1409 255 1450 298 τὸ
1472 263 1629 313 μιγῆναι
1649 255 1769 297 πάθει
1788 272 1885 309 πορ-

367 336 470 379 νείας
492 325 807 384 προςεπιτούτοις
833 323 1089 372 ἀνατείνοντες
1111 322 1181 376 τήν
1206 324 1350 363 ε”αυτῶν
1374 325 1618 376 βλασφημίαν
1640 326 1693 372 εἰς
1715 320 1885 377 οὐρανόν

369 401 514 450 δέχεται
535 395 602 447 μὲν
631 392 672 434 τὸ
695 391 855 448 γύναιον
877 393 943 433 καὶ
973 389 995 433 ὁ
1022 389 1119 445 άνήρ
1139 389 1210 443 τὴν
1230 389 1342 443 ῥύσιν
1362 387 1433 442 τὴν
1455 388 1531 431 άπὸ
1554 396 1625 431 τοῦ
1651 390 1809 445 ἄρρενος
1831 390 1886 437 εἰς

370 466 469 511 ἰδίας
493 460 620 503 αὐτῶν
642 466 784 514 χεῖρας,
815 461 881 500 καὶ
901 461 1073 500 ἵστανται
1095 460 1148 506 εἰς
1169 455 1339 512 ούρανὸν
1361 454 1645 507 ἀναπνεύσαντες,
1676 459 1739 499 ἐπὶ
1759 463 1886 511 χεῖρας

367 531 408 572 δὲ
433 531 579 582 ἔχοντες
600 527 671 581 τὴν
696 526 964 581 άκαθαρσίαν,
994 527 1060 567 καὶ
1082 524 1256 579 εὔχονται
1278 527 1423 576 δῆθεν,
1455 525 1495 564 οἷ
1518 524 1585 576 μὲν
1608 525 1886 578 Στρατιωτικοὶ

366 596 597 649 καλούμενοι
616 597 683 637 καὶ
704 595 917 636 Γνωστικοὶ
938 596 990 650 τῷ
1017 596 1143 647 Πατρί
1162 606 1259 644 φασι
1280 596 1356 632 τῶν
1376 590 1489 642 ὅλων,
1520 593 1799 646 προςφὲροντες
1817 589 1884 632 αὖ·

367 664 409 706 τὸ
435 662 478 705 ‘cd
506 665 570 705 ἐπὶ
593 669 676 711 ταῖς
699 663 823 716 χερσὶ,
863 662 930 702 καὶ
952 661 1146 715 λέγουσιν,
1185 658 1448 713 Ἁναφέρομὲν
1470 672 1530 699 σοι
1554 662 1667 699 τοῦτο
1690 660 1816 713 δῶρον
1840 657 1883 700 τό

368 735 476 785 σῶμα
504 736 574 773 τοῦ
603 734 794 784 Χριστοῦ·
839 729 905 769 καὶ
935 727 1059 776 οὕτως
1083 725 1174 768 adn}
1202 729 1399 776 ἐσθίουσι,
1440 724 1790 778 μεταλαμβάνοντες
1816 724 1885 778 τὴν

367 801 515 841 ἑαυτῶν
538 797 799 852 ἀκαθαρσίαν,
831 798 896 837 καί
919 810 1029 846 φασι,
1067 793 1190 835 Τοῦτό
1214 795 1290 835 ἐστι
1311 792 1353 834 τό
1379 796 1488 845 σῶμα
1512 797 1582 833 τοῦ
1606 796 1790 846 Χριστοῦ,
1819 794 1884 834 καὶ

367 865 482 908 τοῦτό
508 867 585 907 ἐστι
606 864 649 906 τό
674 863 826 917 Πάσχα,
858 862 918 904 διό
942 862 1074 915 πάσχει
1095 860 1141 902 τά
1163 859 1325 914 ἡμέτερα
1349 859 1518 912 σώματα,
1550 860 1616 901 καὶ
1640 858 1887 914 ἀναγκάζεται

370 932 570 988 ὁμολογεῖν
591 931 633 974 τὸ
654 931 787 980 πάθος
809 935 878 972 τοῦ
904 935 1087 985 Χριστοῦ.
1143 927 1339 977 Ώςαύτως
1361 928 1401 968 δὲ
1421 929 1485 969 καὶ
1508 926 1549 969 τό
1574 925 1650 968 davd
1672 932 1740 979 τῆς
1757 944 1885 982 γυναι-

367 1000 451 1051 κός,
482 1002 574 1042 ὅταν
591 1001 746 1055 γένηται
766 997 887 1051 αὐτὴν
908 999 1087 1052 γενέσθαι
1109 998 1150 1038 ἐν
1169 995 1277 1049 ῥύσει
1295 999 1364 1037 τοῦ
1382 997 1556 1046 αἵματος,
1586 993 1628 1036 τὸ
1650 992 1888 1046 καταμήνιον

370 1069 562 1121 συναχθὲν
582 1066 679 1125 αὐτῇ
699 1065 794 1119 αἷμα
814 1071 882 1118 τῆς
899 1063 1145 1119 άκαθαρσίας
1168 1062 1347 1112 ῶςαύτως
1367 1061 1548 1115 λαβόντες
1565 1066 1675 1119 κοινῇ
1697 1063 1885 1112 ἐσθίουσι,

370 1137 457 1186 καὶ,
495 1140 638 1185 Τοῦτο,
669 1136 811 1186 φασὶν,
842 1134 920 1174 ἐστὶ
948 1131 990 1174 τὸ
1022 1130 1117 1185 αἷμα
1144 1136 1214 1172 τοῦ
1248 1134 1429 1184 Χριστοῦ.

480 1201 554 1244 Διό
574 1204 640 1243 καὶ
661 1204 700 1243 ἐν
719 1200 967 1254 άποκρύφοις
985 1197 1312 1253 άναγινώσκοντες
1331 1196 1403 1246 ὅτι,
1434 1194 1560 1238 Εἶδον
1581 1197 1742 1249 δένδρον
1764 1196 1886 1250 φέρον

369 1270 519 1312 δώδεκα
539 1267 716 1323 καρπούς
737 1273 806 1309 τοῦ
829 1269 1031 1315 ἐνιαυτοῦ,
1062 1266 1127 1305 καὶ
1150 1263 1232 1304 εἶπέ
1255 1280 1334 1315 μοι,
1371 1263 1495 1304 Τοῦτό
1520 1266 1597 1305 ἐστι
1618 1262 1660 1305 τό
1687 1263 1797 1312 ξύλον
1817 1267 1886 1315 τῆς

368 1343 485 1390 ζωῆς,
527 1337 548 1378 ὃ
578 1335 688 1376 αὐτοὶ
712 1334 987 1388 άλληγοροῦσιν
1021 1333 1074 1379 εἰς
1098 1330 1168 1383 τὴν
1192 1329 1288 1371 κατά
1315 1335 1416 1382 μῆνα
1434 1332 1639 1384 γινομένην
1665 1333 1886 1385 γυναικείαν

369 1405 490 1458 ῥύσιν.
550 1401 794 1457 ,Μισγόμενοι
821 1401 861 1441 δὲ
887 1397 962 1452 μετ’
990 1397 1161 1450 α’λλήλων
1183 1401 1425 1438 τεκνοποιίαν
1449 1396 1765 1452 άπαγορεύουσιν.
1827 1395 1886 1437 Οὔ

367 1471 438 1528 γάρ
462 1473 515 1519 εἰς
538 1470 580 1512 τὸ
604 1473 876 1520 τεκνοποιῆσαι
898 1465 986 1520 παρ’
1013 1464 1144 1514 αὐτοῖς
1167 1463 1192 1518 ἡ
1217 1464 1353 1519 φθορά
1377 1465 1657 1515 ἐσπούδασται,
1698 1463 1772 1504 ἀλλ’
1795 1462 1885 1517 ἦδο-

366 1545 437 1592 νῆς
463 1538 596 1593 χάριν,
636 1541 707 1578 τοῦ
734 1534 920 1588 διαβόλου
945 1536 1196 1586 ἐμπαίζοντος
1220 1538 1299 1581 τοῖς
1321 1531 1533 1582 τοιούτοις,
1571 1534 1636 1573 καὶ
1659 1530 1885 1584 καταχλευά·

366 1613 497 1658 ζοντος
517 1604 558 1646 td
584 1607 624 1646 ἐκ
642 1609 739 1645 θεοῦ
763 1602 919 1654 πλάσμα
936 1602 1238 1653 πεπλανημένον.
1286 1598 1395 1641 'AM
1415 1598 1484 1652 τὴν
1507 1600 1574 1652 μὲν
1594 1598 1743 1652 ἡδονὴν
1765 1600 1883 1640 ἐπιτε-

365 1680 511 1724 λοῦσιν,
542 1675 594 1721 εἷς
615 1669 775 1719 ἑαυτούς
795 1671 835 1711 δὲ
858 1669 1179 1722 άπολαμβάνουσι
1201 1686 1247 1709 τα
1266 1672 1335 1720 τῆς
1356 1666 1600 1721 άκαθαρσίας
1622 1666 1751 1708 αυτῶν
1772 1667 1883 1718 σπέρ-

368 1760 487 1796 ματα,
527 1758 579 1793 μη
602 1742 656 1788 εἰς
678 1740 922 1792 τεκνογονίαν
945 1735 1288 1789 καταβαλλόιιενοι,
1325 1733 1416 1775 ἄλλα
1441 1733 1553 1775 αὐτοὶ
1577 1733 1619 1775 τὸ
1645 1739 1713 1787 τῆς
1735 1732 1886 1787 αἰσχρό-

366 1826 480 1862 τητος
505 1810 712 1855 ἐσθίοντες.
766 1804 858 1846 Έαν
885 1806 924 1846 δὲ
942 1806 1004 1845 καὶ
1029 1808 1245 1860 προληφθῃ
1268 1820 1325 1850 τις
1347 1800 1474 1843 αυτῶν
1498 1803 1791 1881 ἐγκατασπεῖραι
1814 1800 1885 1853 τήν

366 1874 583 1929 καταβολὴν
606 1879 674 1927 τῆς
695 1891 793 1914 κατα
814 1872 931 1923 φύσιν
952 1871 1080 1913 αυτῶν
1104 1870 1340 1925 ἀπορροίας,
1369 1871 1436 1911 καὶ
1457 1868 1700 1926 ἐγκυμονησῃ
1722 1887 1745 1921 η
1770 1867 1882 1922 γυνή,

366 1946 402 1985 τί
424 1942 638 1996 δεινότερον
660 1945 848 1993 τολμῶσιν
874 1942 912 1981 οἵ
930 1944 1097 1980 τοιοῦτοι
1119 1937 1248 1979 ἄκουε.
1308 1936 1634 1984 Κατασπάσαντες
1656 1935 1727 1992 γάρ
1751 1935 1793 1977 τὸ
1819 1937 1884 1988 ἔμ-

368 2014 504 2066 βρυον,
532 2014 656 2066 καιρῷ
677 2011 745 2065 οἵῳ
769 2007 801 2049 δ’
823 2007 871 2048 ἂν
895 2005 1175 2060 ἐπιχειρήσωσι,
1205 2004 1466 2058 λαμβάνουσιν
1487 2004 1682 2058 ἐκτρωθὲν
1704 2008 1818 2044 τοῦτο
1839 2001 1882 2044 τὸ

367 2080 533 2133 βρέφος,
565 2079 604 2118 ἐν
632 2081 646 2105 ¹
662 2075 765 2132 ὅλμῳ
789 2076 863 2116 τινὶ
884 2073 1095 2115 κόπτουσιν
1118 2072 1264 2130 ὑπέρῳ,
1295 2074 1360 2114 καὶ
1382 2074 1693 2127 ἐγκαταμίξαντες
1715 2071 1796 2123 μέλι
1818 2071 1885 2112 καὶ

367 2147 502 2199 πέπερι
525 2145 591 2185 καὶ
616 2143 706 2184 ἅλλα
728 2141 812 2184 τινα
835 2141 1018 2196 ἀρώματα
1041 2142 1105 2182 καὶ
1131 2147 1254 2195 μῦρα,
1285 2139 1385 2195 πρός
1404 2138 1446 2181 τὸ
1472 2138 1524 2192 μὴ
1547 2143 1706 2179 ναυτιᾶν
1727 2136 1883 2188 αὐτούς,

369 2212 493 2260 οὕτως
518 2212 770 2264 συναχθέντες
794 2208 932 2257 πάντες
963 2211 1035 2249 2οί
1055 2214 1202 2261 τελετῆς
1229 2213 1305 2249 τῶν
1329 2210 1468 2261 χοίρων
1489 2205 1635 2248 τούτων
1664 2206 1730 2246 καὶ
1754 2209 1883 2246 κυνῶν

367 2285 558 2322 θιασῶται
581 2276 936 2333 μεταλαμβάνουσιν
953 2277 1111 2323 ἕκαστος
1132 2281 1183 2332 τῷ
1206 2274 1381 2332 δακτύλῳ
1407 2273 1482 2315 (ind
1507 2278 1576 2315 τοῦ
1599 2273 1884 2321 κατακοπέντος

369 2350 544 2389 παιδίου.
609 2347 686 2386 Καὶ
709 2344 831 2392 οὕτως
850 2343 919 2396 τήν
937 2341 1262 2398 άνθρωποβορίαν
1284 2340 1594 2397 ἀπεργασάμενοι
1614 2339 1786 2392 εὔχονται
1806 2345 1881 2381 λοι-

369 2414 446 2456 πόν
469 2419 520 2471 τῷ
541 2417 642 2470 θεῷ,
681 2412 760 2463 ὅτι,
803 2410 885 2452 Οὐκ
909 2413 1208 2463 ἐνεπαίχθημεν,
1239 2412 1378 2462 φασὶν,
1409 2408 1485 2450 άπὸ
1509 2413 1576 2450 τοῦ
1587 2407 1797 2462 ’Ἀρχοντος
1816 2412 1882 2460 τῆς

370 2484 601 2534 ἐπιθυμίας,
632 2478 723 2520 ἄλλα
748 2480 992 2531 συνελέξαμεν
1016 2477 1058 2518 τὸ
1083 2477 1328 2531 παράπτωμα
1352 2482 1422 2518 τοῦ
1448 2475 1633 2528 άδελφοῦ·
1671 2476 1737 2516 καὶ
1760 2478 1882 2527 δῆθεν

368 2554 480 2590 τοῦτο
505 2546 548 2589 τὸ
572 2548 710 2588 τέλειον
733 2546 871 2599 Πάσχα
894 2544 1089 2600 ἡγοῦνται.
1136 2544 1253 2586 ’Ἀλλα
1273 2546 1314 2586 δὲ
1335 2544 1406 2586 ὅσα
1426 2542 1532 2585 δεινά
1554 2541 1685 2590 αύτοῖς
1705 2541 1881 2594 τετόλμη-

369 2634 441 2657 ται.
488 2615 613 2656 ’Όταν
635 2614 706 2669 γάρ
728 2613 843 2655 πάλιν
864 2615 1045 2666 ἐμμανεῖς
1067 2613 1107 2653 ἐν
1127 2613 1276 2661 ἑαυτοῖς
1296 2613 1500 2667 γένωνται,
1531 2609 1719 2664 φύραντες
1737 2610 1883 2650 ἑαυτῶν

369 2682 437 2730 τάς
464 2689 590 2737 χεῖρας
616 2687 682 2735 τῆς
710 2684 860 2723 ἑαυτῶν
889 2679 1135 2734 αἰσχρότητος
1164 2685 1209 2737 τῇ
1234 2678 1427 2735 άπορροίᾳ
1451 2681 1676 2734 ἐγείρονται,
1715 2677 1782 2717 καὶ
1813 2674 1882 2724 τοὶς

370 2750 518 2790 ἑαυτῶν
544 2750 826 2803 μεμολυσμένας
851 2755 978 2803 χεῖρας
1000 2748 1148 2800 ἔχοντες
1172 2746 1347 2800 εὔχονται
1371 2747 1509 2802 γυμνοὶ
1538 2745 1613 2802 ὅλῳ
1644 2748 1694 2800 τῷ
1719 2742 1880 2795 σώματι,

416 2852 491 2882 CAP.
516 2852 554 2882 V.
581 2872 619 2876 —
658 2853 685 2885 1.
713 2850 805 2896 ὄλμῷ
836 2853 900 2884 cod.
924 2852 1049 2891 Rhedz'y.
1075 2853 1101 2882 et
1190 2850 1221 2881 ἱ).
1246 2850 1275 2883 οἱ
1299 2850 1437 2890 τελετῆς
1457 2849 1521 2881 τῶν
1545 2857 1613 2878 mea
1635 2851 1676 2878 est,
1696 2848 1878 2878 emendatio.

369 2899 438 2928 edit.
458 2899 555 2936 princ.
1145 2897 1229 2926 Libri
1251 2897 1360 2927 habent
1383 2894 1412 2927 οἱ
1434 2894 1498 2935 τῆς
1515 2894 1590 2925 τῶν.
1637 2894 1781 2924 petavius
1800 2892 1879 2922 illud
