2034 3267
514 131 691 163 PANAnn
716 132 799 164 Lm.
816 133 838 164 1.
866 132 972 165 ToM.
996 133 1036 163 n.
1061 132 1188 163 HAER.
1210 131 1342 164 xxix.
1595 123 1676 163 239

158 211 224 252 sed
265 217 303 250 et
339 210 459 250 veteri
497 217 726 251 testamento
753 209 980 251 Iudaeorum
1015 211 1138 250 instar
1172 217 1344 250 utuntur.
1403 208 1543 264 Neque
1574 212 1674 252 enim

159 278 255 332 apud
283 277 369 317 illos
396 276 492 331 legis
515 276 617 327 libri,
652 278 876 332 prophetae,
908 285 972 317 aut
999 277 1255 332 hagiographa
1281 277 1544 331 prohibentur,
1577 293 1675 332 quae

159 343 291 385 ludaei
317 343 439 384 Biblia
465 352 704 399 nuncupant,
739 352 838 385 utet
864 359 882 383 a
908 343 1059 384 ludaeis
1082 345 1362 398 approbantnr3
1395 359 1417 385 a
1437 346 1570 398 quibus
1592 345 1675 385 Na-

158 412 287 452 zaraei
323 412 423 451 nulla
447 411 483 451 in
511 425 551 451 re
582 411 835 458 dissentiunt,
870 411 931 463 qui
956 412 1000 450 ad
1032 412 1127 464 legis
1152 412 1424 465 praescriptum
1450 427 1494 451 ae
1518 411 1675 452 ludaeo-

157 493 240 518 rum
280 493 384 519 more
415 480 541 518 omnia
575 493 644 518 sua
680 479 856 531 dogmata
890 478 1138 531 profitentur,
1172 479 1243 518 nisi
1279 479 1376 531 quod
1412 479 1448 518 in
1480 477 1674 520 Christum

159 546 336 585 credunt.
397 545 498 585 Nam
525 553 564 585 et
593 552 762 584 mortuos
789 543 953 583 excitari
985 551 1139 598 putant,
1174 551 1212 584 et
1235 559 1254 584 a
1280 546 1351 584 deo
1375 546 1558 587 universa
1590 562 1676 601 pro-

157 613 283 652 ducta.
330 611 454 653 Unum
478 626 564 652 csse
589 612 714 660 deum,
748 611 906 663 eiusque
928 610 1041 650 fitium
1069 610 1194 650 lesum
1217 610 1411 651 Christum
1438 614 1672 667 praedicant.

162 679 380 720 Hebraieae
403 693 496 719 vero
518 679 669 731 linguae
691 677 938 716 scientissimi
963 685 1074 727 sunt,
1109 691 1153 716 ac
1179 692 1264 717 cum
1291 679 1468 719 universa
1491 681 1556 721 lex
1579 682 1675 735 apud

160 748 268 796 illos,
302 754 378 786 tum
408 746 612 800 prophetae
638 751 676 783 et
699 744 979 798 hagiographa,
1014 745 1085 784 hoc
1115 752 1174 784 est
1205 745 1291 784 libri
1322 746 1374 785 illi
1407 747 1469 798 qni
1500 749 1676 789 versibus

162 814 329 854 distincti
361 821 469 861 sunt,
503 818 542 851 et
567 811 798 864 prophetae,
830 809 1148 864 Paralipomena‚
1183 810 1347 862 Esther,
1381 821 1610 868 caeteraque
1639 816 1676 855 id

160 895 282 934 genus
307 879 496 920 Hebraice
525 885 563 917 ut
587 885 626 917 et
648 892 668 917 a
691 876 843 917 ludaeis
866 878 1058 931 leguntur.
1121 878 1206 918 Hoc
1228 879 1345 933 igitur
1367 894 1443 919 uno
1468 887 1542 920 tam
1573 896 1594 921 a
1614 880 1676 922 Iu-

161 949 266 987 daeis
288 961 397 1001 quam
420 960 440 986 a
458 943 690 985 Christianis
714 945 917 995 differunt3
945 946 990 984 ab
1013 946 1086 986 illis
1108 946 1275 1000 quidem,
1302 948 1400 999 quod
1422 946 1461 986 in
1479 944 1675 988 Christum

163 1016 333 1063 credant,
366 1026 386 1052 a
409 1010 641 1052 Christianis
666 1026 777 1062 vero,
812 1013 909 1066 quod
933 1011 1096 1053 Iudaicis
1117 1014 1238 1053 adhuc
1261 1013 1396 1053 ritibus
1416 1013 1675 1068 implicentur,

166 1082 270 1122 velut
294 1079 601 1129 circumcisione,
634 1079 810 1130 sabbato,
842 1080 1002 1133 aliisque
1026 1080 1271 1120 ceremoniis.
1321 1079 1381 1120 De
1403 1079 1560 1121 Christo
1583 1096 1678 1122 vero

165 1155 270 1188 certo
300 1146 388 1185 illud
415 1146 603 1186 affirmare
630 1160 802 1200 nequeo,
836 1154 961 1187 utrum
986 1145 1161 1188 Cerinthi
1191 1148 1252 1187 vel
1274 1146 1459 1188 Merinthi
1487 1149 1678 1203 impietate

163 1216 223 1255 illa
249 1212 419 1267 decepti,
454 1212 664 1267 simplicem
692 1214 796 1254 illum
829 1214 1022 1254 hominem
1053 1222 1301 1266 asseverent,
1334 1230 1381 1255 an
1413 1216 1464 1255 uti
1497 1230 1585 1257 sese
1615 1231 1679 1257 res

162 1281 294 1330 habet,
329 1294 396 1334 per
419 1280 592 1334 spiritum
620 1289 794 1321 sanctum
826 1281 872 1321 de
895 1280 1022 1322 Maria
1046 1282 1196 1335 virgine
1223 1283 1393 1336 genitum
1420 1297 1506 1323 esse
1534 1284 1680 1324 fatean-

160 1356 233 1389 tur.
289 1345 496 1388 Caeterum
521 1348 615 1388 haec
636 1347 929 1388 Nazaraeorum
954 1356 1059 1388 secta
1085 1350 1123 1388 in
1148 1347 1360 1389 Beroeensi
1385 1350 1541 1397 civitate
1563 1350 1680 1405 potis-

161 1415 298 1456 simum
323 1414 444 1468 viget,
477 1429 521 1454 ae
543 1413 690 1456 Coelen
712 1414 882 1470 Syriam,
915 1423 1028 1469 atque
1053 1416 1166 1456 etiam
1190 1417 1227 1456 in
1248 1415 1435 1471 Decapoli
1460 1418 1570 1458 iuxta
1591 1416 1681 1458 Pel-

159 1483 250 1533 lam,
284 1489 323 1522 et
341 1481 378 1522 in
397 1480 634 1533 Basanitide,
667 1483 705 1522 in
727 1497 771 1522 ea
792 1497 888 1537 quae
909 1484 1024 1537 vulgo
1043 1480 1214 1533 Combe,
1243 1483 1435 1524 Hebraice
1455 1482 1677 1536 ehoe-habe,

159 1550 312 1590 dicitur.
359 1549 460 1589 Hinc
487 1550 586 1589 enim
610 1551 816 1604 postillam
843 1551 889 1590 ab
911 1550 1195 1605 Hierosolymis
1217 1553 1494 1602 secessionem,
1528 1553 1678 1593 illorum

160 1617 269 1658 initia
291 1618 461 1671 profecta
483 1625 587 1667 sunt,
616 1633 698 1657 cum
720 1616 851 1658 Pellae
874 1617 1046 1672 discipuli
1071 1632 1204 1658 omnes
1227 1619 1458 1668 habitarent,
1483 1634 1505 1659 a
1523 1618 1680 1660 Christo

162 1685 209 1724 de
234 1684 484 1738 relinquenda
509 1684 868 1739 Hierosolymorum
889 1685 983 1725 urbe
1007 1686 1280 1739 migrandoque
1304 1687 1547 1740 praemoniti,
1581 1689 1679 1741 quod

163 1753 246 1792 eius
274 1752 491 1792 immineret
522 1752 686 1792 obsidio.
749 1751 835 1805 Qua
865 1753 1014 1806 quidem
1045 1754 1250 1793 occasione
1285 1755 1424 1793 factum
1457 1761 1537 1804 est,
1572 1763 1613 1794 ut
1641 1754 1680 1794 in

162 1817 312 1860 Peraea
345 1819 391 1859 iis
424 1820 560 1873 quibus
596 1820 762 1859 diximus
797 1820 892 1860 locis
925 1820 1126 1874 degerent.
1183 1819 1355 1875 'indeque
1383 1820 1680 1863 Nazaraeorum

164 1886 337 1927 haeresis
368 1894 458 1927 suut
487 1887 648 1927 deducta
679 1887 900 1942 primordia.

274 2088 424 2130 Verum
450 2097 489 2130 et
514 2090 576 2131 isti
603 2089 848 2130 nihilominus
872 2090 1074 2141 aberrant,
1109 2105 1192 2132 cum
1216 2092 1262 2131 de
1287 2092 1581 2134 circumcisione
1598 2094 1679 2148 glo-

164 2157 336 2209 riantur3
368 2164 407 2197 et
431 2158 681 2198 execratione
706 2158 816 2197 etiam
845 2172 944 2198 nunc
965 2158 1141 2199 obstricti
1164 2167 1268 2209 sunt,
1302 2161 1401 2213 quod
1425 2160 1547 2214 legem
1574 2161 1680 2216 peni-

165 2231 226 2264 tus
254 2225 466 2266 observare
490 2232 696 2279 nequeant.
759 2223 960 2277 Quomodo
984 2226 1084 2266 enim
1108 2226 1203 2280 legis
1227 2227 1438 2267 observare
1462 2228 1678 2268 mandatum

1706 2105 1878 2148 Cap.V111.

166 2291 265 2332 istud
298 2299 498 2346 poterunt:
546 2295 615 2331 Ter
647 2296 841 2343 quotannis
870 2295 1062 2345 apparebis
1095 2308 1217 2332 coram
1249 2297 1392 2333 domino
1426 2298 1491 2334 deo
1522 2303 1583 2334 tuo
1607 2305 1768 2348 per-Exod.
1780 2307 1822 2341 23,
1838 2309 1876 2336 17.

165 2373 380 2410 azymorum
411 2363 508 2406 dies,
551 2368 588 2398 et
615 2363 886 2411 scenopegiam,
928 2369 963 2400 et
988 2369 1244 2413 pentecosten,
1285 2365 1321 2401 in
1346 2365 1678 2414 Hz‘erosolymz‘tano

172 2429 283 2465 loco?
342 2424 439 2468 Cum
469 2426 569 2466 enim
599 2427 664 2466 lex
696 2426 901 2468 interclusa
927 2429 997 2478 sit,
1032 2435 1069 2468 et
1094 2442 1191 2482 quae
1221 2429 1267 2468 ab
1297 2442 1342 2469 ea
1369 2430 1680 2483 praescribuntur

169 2494 300 2548 perfici
327 2495 485 2549 amplius
512 2507 586 2533 non
615 2494 783 2547 possint,
817 2495 972 2535 cuilibet
999 2496 1174 2549 prudenti
1200 2496 1441 2550 perspicuum
1475 2504 1535 2537 est
1563 2499 1679 2538 adve-

169 2561 276 2601 nisse
296 2559 508 2609 Christum,
542 2575 617 2600 non
637 2567 676 2600 ut
699 2561 820 2614 legem
843 2569 1052 2613 everteret,
1085 2564 1151 2602 sed
1175 2570 1214 2602 ut
1236 2577 1319 2603 eam
1342 2563 1461 2618 ipsam
1486 2565 1675 2619 impleret,

170 2635 209 2668 et
243 2643 325 2668 eam
359 2627 644 2668 execrationem
677 2627 868 2680 solveret,
909 2644 1005 2683 quae
1043 2637 1174 2670 contra
1208 2630 1373 2671 violatae
1405 2631 1501 2684 legis
1534 2632 1677 2673 crimen

169 2696 295 2736 fuerat
318 2696 539 2736 constituta.
600 2693 853 2748 Posteaquam
886 2697 984 2736 enim
1008 2695 1170 2752 Moyses
1196 2697 1411 2738 universam
1443 2699 1567 2752 legem
1592 2714 1678 2755 pro-

170 2763 367 2816 mulgavit,
401 2763 446 2803 ad
466 2763 578 2803 finem
599 2762 803 2803 voluminis
823 2764 1012 2817 pervenit,
1046 2778 1090 2804 ae
1112 2764 1181 2805 sub
1204 2765 1405 2805 maledicto
1426 2773 1560 2806 cuncta
1585 2782 1675 2808 con-

173 2828 304 2870 clusit:
338 2833 559 2869 Maledietns
584 2833 698 2869 omnis
725 2833 792 2882 que·
816 2845 886 2870 non
907 2836 1155 2882 permanserit
1174 2836 1210 2871 in
1235 2834 1398 2872 omnibus
1423 2848 1515 2885 qnae
1537 2838 1675 2887 serzpta
1689 2845 1874 2885 Deut.²7,2e.
