2034 3267
481 188 658 220 ΡΑΝΑΒΠ
682 189 762 222 Lm.
780 189 803 220 ῐ.
832 189 938 221 Toni.
956 190 996 221 n.
1020 189 1149 221 mea.
1170 190 1304 221 xxxi.
1571 181 1650 221 355

130 268 219 308 lium
255 268 375 318 festa,
418 281 515 321 quae
547 268 592 307 ad
622 268 808 308 idolorum
835 269 975 309 cultum
1001 269 1173 309 instituta
1196 276 1307 319 sunt,
1351 268 1460 323 primi
1484 269 1649 309 omnium

130 342 357 385 accurrunt,
401 343 441 375 ut
473 349 595 389 neque
623 336 669 375 ab
694 350 824 377 eorum
849 336 911 390 qui
935 351 1019 376 cum
1042 336 1175 376 bestiis
1201 337 1441 391 depugnant,
1481 343 1547 376 aut
1569 337 1649 390 gla-

129 403 316 443 diatorum
342 403 463 442 l'oedis
487 404 560 443 illis
583 418 627 443 ac
649 404 719 444 deo
743 404 886 458 pariter
904 411 1016 457 atque
1041 404 1254 444 homiuibus
1276 404 1504 445 execrandis
1528 405 1648 459 parri—

131 471 294 525 cidiique
325 470 447 525 plenis
477 472 706 525 spectaculis
733 472 881 524 quidam
909 471 1059 510 illorum
1090 471 1321 511 abstineant.
1383 472 1461 512 Alii
1492 473 1578 512 dum
1609 472 1646 512 in

127 538 385 593 voluptatibus
417 540 589 593 corporis
621 553 664 578 ac
692 538 909 578 libidinibus
940 538 1093 578 assidue
1118 539 1363 590 volutantur,
1407 540 1574 580 carnalia
1604 554 1646 580 se

127 607 360 656 carnalibus,
389 621 432 646 ac
455 606 688 661 spiritalibus
712 604 898 659 spiritalia
921 605 1082 644 reddere
1105 606 1344 658 profitentur.
1388 606 1645 659 Quamobrem

127 675 297 714 nonnulli
325 675 418 714 clam
446 681 576 728 stupra
609 688 691 713 cum
720 672 954 711 mulierculis
980 671 1201 726 disciplinae
1231 673 1340 713 huius
1367 688 1458 713 suae
1485 675 1645 715 alumnis

129 749 337 791 exercent,
372 743 406 782 id
433 742 530 796 quod
557 741 759 795 pleraeque
789 739 877 779 olim
903 739 948 778 ab
975 739 1048 779 illis
1073 740 1276 794 deceptae,
1311 755 1354 780 ae
1382 748 1573 795 postremo
1600 743 1646 783 ad

126 810 327 850 ecclesiam
359 810 417 849 dei
452 822 633 849 reversae
662 808 764 846 inter
796 807 890 846 alios
923 820 1077 846 errores
1104 821 1286 861 persaepe
1312 810 1513 849 confessae
1539 817 1642 850 sunt.

127 875 227 917 Sunt
249 885 285 918 et
307 877 369 931 qui
392 877 534 932 pudore
555 874 657 915 omni
681 875 821 928 posito,
845 888 1104 928 quascumque
1128 875 1308 915 mulieres
1328 876 1554 927 adamarint,
1583 891 1646 932 pa—

128 945 198 985 lam
231 959 251 984 a
282 945 375 985 viris
400 944 579 984 abductas
612 956 679 996 pro
709 941 889 995 legitimis
921 942 1106 982 uxoribus
1132 942 1286 982 habent.
1349 941 1426 983 Sed
1453 943 1537 994 alii,
1582 945 1645 998 qui

126 1026 167 1051 se
194 1012 375 1066 principio
401 1025 575 1051 sororum
603 1010 686 1049 illas
713 1009 797 1049 loco
826 1010 1022 1050 honestius
1048 1010 1188 1050 habere
1215 1010 1509 1062 simulaverant,
1554 1026 1645 1066 pau-

127 1080 226 1120 latim
252 1079 389 1120 detecti
414 1084 517 1128 sunt,
551 1092 595 1117 ac
617 1091 832 1132 praegnans
853 1078 1014 1132 denique
1037 1092 1149 1118 soror
1169 1092 1217 1118 ex
1243 1078 1495 1120 contubernio
1516 1080 1644 1120 fratris

126 1148 294 1188 inventa.
349 1145 432 1186 Dici
456 1160 530 1185 non
556 1153 681 1200 potest
704 1160 813 1200 quam
838 1146 949 1200 impia
972 1160 1015 1186 ac
1037 1147 1261 1187 detestanda
1282 1147 1356 1187 alia
1378 1148 1519 1201 flagitia
1542 1162 1644 1188 com-

126 1216 295 1266 mittant3
329 1227 426 1268 quae
450 1214 536 1253 dum
564 1213 728 1263 faciunt,
763 1228 832 1254 nos
854 1213 1024 1264 scilicet,
1059 1215 1122 1268 qui
1148 1229 1238 1268 prae
1264 1215 1323 1255 dei
1350 1214 1485 1255 timore
1507 1229 1555 1256 ne
1579 1230 1643 1256 co-

123 1283 303 1337 gitatione
330 1282 392 1321 vel
416 1295 594 1322 sermone
621 1281 769 1335 quidem
795 1283 921 1322 scelus
945 1282 1057 1322 ullum
1081 1282 1281 1322 admittere
1308 1283 1527 1334 studemus,
1563 1291 1644 1324 tan-

123 1364 230 1404 quam
264 1349 402 1389 idiotas
436 1356 548 1402 atque
580 1349 777 1403 imperitos
808 1350 1004 1399 derident,
1047 1364 1089 1390 se
1118 1364 1212 1390 vero
1239 1350 1397 1390 mirifice
1423 1351 1644 1405 praedicant

123 1432 167 1458 ac
191 1418 382 1472 perfectos
404 1417 578 1457 homines
599 1417 834 1471 electamque
856 1418 1013 1472 stirpem
1037 1417 1248 1458 nominant.
1309 1417 1395 1458 Nos
1419 1418 1520 1459 enim
1537 1420 1644 1461 velut

122 1492 251 1525 mutuo
282 1485 442 1539 gratiam
476 1485 521 1525 ad
549 1499 657 1525 usum
687 1486 884 1539 accipere,
929 1499 1049 1540 eaque
1071 1494 1273 1540 propterea
1302 1486 1521 1541 spoliandos
1546 1488 1643 1528 affir-

122 1560 240 1602 mant,
275 1553 347 1593 sibi
372 1553 476 1594 velut
500 1553 729 1606 peculiarem
752 1553 937 1593 accidisse
965 1554 1265 1608 possessionem,
1299 1568 1395 1608 quae
1418 1555 1464 1595 de
1485 1555 1645 1596 coelesti

121 1620 321 1675 coniugio,
356 1622 454 1675 quod
479 1635 602 1675 neque
627 1621 755 1661 verbis
779 1621 942 1675 exprimi
966 1635 1091 1674 neque
1112 1622 1299 1662 nominari
1323 1629 1471 1676 potest,
1505 1637 1581 1663 una
1604 1622 1642 1663 in

118 1703 160 1729 se
184 1689 448 1740 descenderit3
493 1689 580 1729 ideo
604 1703 740 1729 novam
767 1689 880 1729 etiam
904 1690 947 1729 ad
971 1703 1053 1729 eam
1080 1704 1190 1743 quam
1214 1689 1354 1729 habeut
1377 1690 1639 1731 accessionem

120 1758 298 1798 futuram.
361 1755 557 1797 Interesse
580 1757 695 1811 igitur
719 1771 788 1797 sua
812 1756 1028 1811 plurimum,
1062 1765 1102 1797 ut
1123 1771 1358 1811 quac-umque
1382 1757 1531 1799 ratione
1553 1773 1641 1814 pos-

119 1832 207 1865 sunt
227 1824 392 1879 coniugii
416 1825 640 1880 mysterium
665 1825 754 1865 illud
779 1832 1004 1875 exerceant,
1038 1825 1150 1879 idque
1171 1826 1292 1880 ipsum
1313 1826 1461 1866 stolidis
1479 1826 1640 1867 homini-

120 1893 189 1933 bus
210 1893 268 1933 his
290 1894 368 1933 sere
391 1893 520 1933 verbis
544 1893 788 1947 persuadent.
846 1891 1085 1946 Quicumque
1109 1908 1192 1933 cum
1215 1893 1253 1933 in
1273 1894 1413 1934 mundo
1435 1901 1540 1935 esset
1559 1909 1641 1935 mu-

118 1961 253 2001 lierem
275 1975 350 2001 non
375 1961 585 2010 amaverit,
621 1968 660 2000 ut
682 1974 764 2001 eam
789 1961 833 2000 ad
857 1974 1024 2000 amorem
1047 1975 1155 2001 suum
1180 1961 1397 2016 pelliceret,
1431 1977 1451 2002 a
1475 1962 1639 2004 veritate

119 2030 266 2070 alienus
297 2036 377 2079 est,
423 2043 493 2069 nec
525 2029 569 2068 ad
605 2042 686 2068 eam
721 2027 936 2082 perveniet.
1000 2027 1077 2069 Sed
1108 2029 1278 2084 quisquis
1309 2037 1416 2070 ortus
1448 2044 1468 2071 e
1499 2031 1638 2072 mundo

119 2097 295 2137 muliebri
317 2111 393 2137 non
419 2104 479 2137 est
503 2110 633 2135 amore
658 2103 880 2149 correptus,
915 2110 962 2136 ne
981 2096 1062 2150 ipse
1085 2097 1234 2151 quidem
1259 2098 1303 2138 ad
1328 2098 1530 2139 veritatem
1554 2112 1639 2154 per-

118 2165 270 2215 veniet,
316 2165 415 2219 quod
447 2179 523 2205 non
552 2164 723 2204 mulieris
751 2164 955 2218 cupiditate
983 2166 1217 2218 flagraverit.
1278 2164 1364 2206 Nos
1390 2166 1516 2220 itaque
1544 2181 1638 2220 quos

119 2232 303 2273 animales
328 2232 548 2281 nominant,
583 2245 746 2285 esseque
773 2233 817 2272 dc
843 2233 982 2272 mundo
1008 2239 1202 2283 statuunt,
1237 2234 1486 2287 temperantia
1511 2240 1550 2273 et
1571 2234 1638 2274 ho-

118 2301 238 2342 nestis
262 2300 477 2341 actionibus
498 2300 688 2353 indigere,
715 2299 850 2352 quibus
874 2300 1104 2341 mediocrem
1124 2300 1172 2340 ad
1197 2300 1392 2354 regionem
1417 2301 1636 2353 efferamur,

118 2383 201 2408 cum
232 2369 406 2423 ipsimet,
451 2374 581 2421 utpote
612 2366 805 2421 spiritales
836 2382 881 2408 ac
911 2369 1094 2422 perfecti,
1137 2367 1230 2407 nihil
1261 2367 1392 2408 horum
1423 2368 1634 2422 requirant.

118 2434 208 2476 Non
234 2437 334 2476 enim
358 2436 548 2477 actionem
575 2436 619 2475 ad
644 2433 820 2475 Pleroma
845 2437 1082 2490 provehere,
1116 2436 1181 2476 sed
1206 2449 1336 2476 semen
1360 2436 1504 2490 ipsum,
1538 2437 1638 2491 quod

119 2503 223 2544 illine
250 2511 422 2545 tenerum
447 2518 490 2544 ac
513 2503 619 2543 velut
641 2503 767 2543 infans
792 2503 995 2544 demissum
1020 2504 1079 2544 hic
1102 2504 1198 2558 apud
1223 2518 1292 2544 nos
1314 2503 1527 2544 absolutum
1550 2504 1637 2544 red-

118 2571 232 2612 ditur.
293 2573 423 2626 Atque
451 2571 513 2611 ubi
541 2585 672 2611 semen
701 2585 812 2611 omne
839 2573 1045 2626 perlectum
1072 2572 1207 2621 suerit,
1258 2578 1334 2611 tum
1358 2571 1527 2625 ipsorum
1549 2569 1636 2612 Ma-

119 2645 212 2679 trem
237 2639 453 2680 Achamoth
477 2653 527 2679 ex
552 2638 675 2678 media
699 2638 762 2678 illa
783 2640 874 2679 sede
895 2640 1112 2689 transferri,
1138 2646 1176 2679 et
1197 2639 1294 2679 intra
1318 2637 1493 2679 Pleroma
1514 2639 1633 2694 recipi

119 2714 317 2759 oportere,
361 2721 431 2748 nec
456 2721 531 2747 non
555 2713 594 2746 et
614 2720 794 2761 sponsum
819 2720 929 2747 suum
950 2721 1203 2762 recuperare,
1249 2705 1488 2748 Salvatorem
1512 2707 1631 2760 illum,

163 2851 194 2885 9.
218 2851 406 2896 ἐγκόσμους
429 2855 496 2886 cod.
519 2856 587 2886 Ven.
899 2857 979 2887 didit
1001 2857 1061 2887 Vel.
1085 2857 1252 2894 Interpres,
1283 2856 1336 2894 qui
1359 2851 1439 2888 ἕνῇα
1459 2851 1496 2889 δὲ
1516 2856 1636 2888 videtur

165 2898 214 2930 10.
236 2895 272 2932 ου’
290 2897 423 2940 πράξεις
437 2897 501 2942 γὰρ
521 2899 568 2937 εἰς
581 2896 769 2941 πληρώσεις
782 2894 856 2941 ἄγει
900 2902 1015 2940 legisse.

121 2942 186 2973 cod.
207 2944 277 2975 Ven.
949 2945 997 2977 12.
1019 2947 1066 2976 Ita
1079 2946 1168 2977 codd.
1185 2947 1255 2976 Veri.
1272 2945 1398 2985 Rhediy.
1411 2947 1513 2977 Paris.
1537 2956 1634 2987 μετα-

168 2988 216 3019 11.
240 2987 292 3020 hic
315 2996 422 3021 autem
442 2989 624 3032 perfectum
646 2988 769 3021 sactum
790 2990 857 3021 red·
904 2991 1001 3033 βῆναι
1024 2991 1070 3022 ed.
1091 2991 1220 3023 Petavii.
1267 2990 1452 3032 μεταὶῒῆναι
1474 2991 1520 3024 ed.
1536 2993 1634 3030 princ.

1279 3046 1370 3088 23*
