2034 3267
129 1099 216 1143 Κεφ.
250 1099 302 1142 ιγ’.

170 2121 236 2148 pag.
255 2113 313 2140 138.

322 206 401 246 252
881 204 1038 236 SANCTI
1062 204 1286 236 EP1PHAN11

320 291 504 340 λεσθῆναι
524 284 590 326 τόν
612 281 720 324 οἶκον
739 282 890 334 κυρίου.
951 281 1030 320 Καὶ
1052 279 1177 327 οὕτως
1196 279 1383 332 λαμβάνει
1402 281 1445 322 τὸ
1471 283 1576 337 ὕδωρ
1600 284 1641 324 ἐν
1659 285 1705 340 τῇ
1725 282 1833 335 χειρὶ,

320 357 387 397 καὶ
406 356 527 407 ῥαίνει
547 348 691 405 ἑκάστῳ
718 353 736 376 ⁵
750 346 918 401 φόρνακι
939 348 982 388 ἐκ
1002 351 1074 388 τοῦ
1092 346 1247 394 ὕδατος.
1292 348 1372 387 Καὶ
1391 346 1563 390 ἀνελύετο
1583 350 1651 402 μὲν
1670 348 1716 389 τά
1737 347 1836 402 φάρ-

323 438 438 474 μακα,
468 417 510 459 τὸ
529 421 608 470 πῦρ
627 416 667 457 δὲ
688 414 857 456 ἐνώπιον
875 413 1031 455 πάντων
1050 412 1336 466 ἀνεβλύστανεν.
1399 416 1449 454 Οἱ
1467 415 1508 455 δὲ
1526 415 1713 468 παρόντες
1734 415 1836 468 ὄχλοι

322 485 619 541 κραυγάσαντες,
643 480 716 530 Εἷς
732 481 827 529 θεὸς
844 479 867 522 ὁ
884 484 1047 533 βοηθῶν
1061 486 1141 528 τοῖς
1159 485 1420 534 Χριστιανοῖς,
1439 479 1694 535 ἀνεχώρησαν.
1733 487 1837 523 Πολ-

323 553 432 601 λάκις
451 553 492 593 δὲ
513 549 739 592 κακούντων
758 547 824 590 τὸν
845 547 967 603 ἄνδρα
992 550 1167 596 ἐκείνων,
1199 549 1252 595 εἰς
1273 546 1434 601 ὕστερον
1456 549 1570 601 μέρος
1591 566 1626 589 τι
1648 554 1717 591 τοῦ
1739 553 1837 590 ναοῦ

324 622 365 662 ἐν
388 617 584 674 Τιβεριάδι
613 615 895 669 οἰκοδομήσας,
936 616 1002 656 καὶ
1031 613 1172 669 μικράν
1197 616 1399 667 ἐκκλησίαν
1423 612 1671 665 ἀποτελέσας,
1713 615 1839 664 οὕτως

324 689 475 729 ἐκεῖθεν
492 683 748 738 ἀνεχώρησεν,
778 685 819 724 ἐν
838 681 1090 724 Σκυθοπόλει
1110 682 1151 723 δὲ
1171 680 1297 723 ἐλθών
1315 682 1544 733 κατέμεινεν.
1599 679 1664 721 Ἐν
1684 688 1840 724 Διοκαι-

325 757 458 810 σαρεία
483 753 544 803 δὲ,
584 753 650 794 καὶ
674 750 804 798 ἄλλαις
822 751 1065 797 τισὶτελείως
1090 747 1326 806 ᾠκοδόμησε.
1390 753 1519 788 Ταῦτα
1542 748 1583 789 δὲ
1604 750 1839 802 πραχθέντα,

324 822 391 863 καὶ
414 819 586 862 ἐνταῦθά
607 836 673 872 μοι
693 818 980 870 ἐπιμνησθέντα
1002 818 1129 858 ἕνεκεν
1151 820 1218 869 τῆς
1241 820 1317 856 τῶν
1341 818 1484 868 βίβλων
1508 817 1730 870 ἑρμηνείας,
1759 821 1843 864 πῶς

325 886 403 929 ἀπὸ
421 886 640 940 Ἑλληνίδος
660 884 702 927 td
721 884 819 926 κατά
838 883 1020 936 Ἰωάννην
1039 882 1255 938 εὐαγγέλιον
1276 885 1330 931 εἷς
1349 881 1533 936 Ἑβραΐδα
1556 883 1745 935 μετέπεσε,
1775 885 1842 924 καὶ

326 958 370 997 αἱ
391 954 559 1009 Πράξεις
579 958 656 995 τῶν
676 951 942 1002 Ἀποστόλων,
981 953 1053 999 ἕως
1078 946 1152 992 ὦδε
1172 949 1218 991 τά
1242 955 1311 1003 τῆς
1335 953 1503 1004 ἱστορίας
1526 951 1590 991 καὶ
1613 948 1844 1005 ὕφηγήσεως

326 1023 450 1076 ἐχέτω.

436 1087 638 1140 Ἐπάνειμι
656 1087 696 1128 δὲ
718 1085 789 1139 τήν
809 1084 907 1127 κατα
925 1084 1109 1138 Ἐβίωνος
1129 1083 1361 1136 ποιούμενος
1380 1082 1629 1125 ἀκολουθίαν.
1674 1082 1752 1125 Διά
1772 1082 1843 1138 γάρ

325 1157 368 1199 τὸ
391 1156 490 1198 κατά
513 1160 729 1196 Ματθαῖον
751 1153 969 1208 εὐαγγέλιον
992 1151 1142 1206 προϊών
1177 1150 1199 1193 ὅ
1226 1151 1338 1205 λόγος
1366 1149 1435 1203 τὴν
1468 1149 1709 1192 ἀκολουθίαν
1743 1157 1758 1180 1
1774 1156 1844 1204 τῆς

328 1227 383 1273 εἰς
402 1222 505 1277 ἡμᾶς
526 1221 716 1274 ἐλθούσης
737 1220 912 1275 γνώσεως
932 1220 1187 1274 παραθέσθαι
1212 1217 1438 1272 ἠνάγκασεν.
1475 1216 1541 1258 Ἐν
1562 1223 1613 1275 τῷ
1636 1222 1729 1273 γοῦν
1753 1216 1842 1272 παρ’

330 1290 461 1339 αὐτοῖς
482 1288 684 1345 εὐαγγελίῳ
708 1286 808 1328 κατά
833 1292 1049 1327 Ματθαῖον
1073 1283 1363 1341 ὀνομαζομένῳ,
1406 1283 1476 1337 οὐχ
1511 1284 1616 1339 2ὅλῳ
1642 1286 1682 1326 δὲ
1706 1291 1844 1340 πληρε-

329 1358 475 1414 στάτῳ,
506 1355 598 1397 ἀλλά
627 1355 893 1409 νενοθευμένῳ
925 1354 991 1394 καὶ
1014 1350 1363 1407 ἠκρωτηριασμένῳ
1396 1349 1623 1406 (Ἑβραϊκὸν
1656 1353 1698 1394 δὲ
1726 1358 1841 1394 τοῦτο

329 1428 547 1479 καλοῦσιν),
590 1423 814 1475 ἐμφέρεται,
855 1419 933 1469 ὅτι,
973 1418 1143 1474 Ἐγένετό
1177 1436 1235 1467 τις
1265 1417 1362 1473 ἀνὴρ
1395 1417 1556 1471 ὀνόματι
1581 1418 1751 1472 Ἰησοῦς,
1779 1422 1846 1461 καὶ

329 1490 445 1539 αὐτὸς
462 1489 513 1538 ώς
536 1491 631 1531 ἐτῶν
656 1487 875 1543 τριάκοντα,
905 1487 949 1535 ὂς
973 1487 1161 1536 ἐξελέξατο
1183 1484 1295 1539 ήμᾶς.
1356 1487 1435 1526 Καὶ
1461 1484 1588 1527 ἐλθών
1608 1489 1662 1535 εἰς
1681 1491 1843 1541 Καφαρ-

327 1558 455 1611 ναούμ
478 1559 651 1610 εἰςῆλθεν
669 1558 723 1604 εἰς
743 1554 813 1608 τὴν
840 1557 966 1596 οἰκίαν
991 1557 1171 1606 Σίμωνος
1191 1558 1260 1595 τοῦ
1287 1554 1560 1605 ἐπικληθέντος
1583 1555 1749 1608 Πέτρου,
1780 1556 1846 1595 καὶ

329 1625 483 1675 ἀνοίξας
512 1624 554 1666 τὸ
577 1623 698 1677 στόμα
728 1621 848 1664 αὐτοῦ
874 1620 974 1672 εἶπε,
1017 1619 1315 1675 Παρερχόμ-ενος
1346 1618 1452 1675 παρά
1480 1619 1549 1673 τήν
1572 1624 1707 1674 λίμνην
1738 1624 1844 1674 Τιβε-

330 1693 463 1747 ριάδος
489 1691 709 1744 ἐξελεξάμην
727 1689 909 1742 Ἰωάννην
934 1690 999 1730 καὶ
1020 1687 1205 1740 Ἰάκωβον
1223 1686 1335 1736 υἱούς
1362 1690 1595 1740 Ζεβεδαίου,
1625 1690 1692 1729 καὶ
1717 1691 1846 1742 Σίμω-

331 1778 400 1810 να,
439 1761 506 1801 καὶ
537 1758 741 1813 Ἀνδρέαν,
780 1758 845 1798 καὶ
876 1759 1093 1805 Θαδδαῖον,
1135 1756 1201 1796 καὶ
1233 1758 1394 1808 Σίμωνα
1429 1754 1496 1796 τόν
1534 1754 1741 1809 Ζηλωτὴν,
1779 1757 1846 1797 καὶ

330 1826 479 1869 Ἰούδαν
498 1826 566 1868 τὸν
589 1824 854 1880 Ἰσκαριώτην,
884 1825 950 1864 καὶ
970 1824 1022 1871 σὲ,
1052 1822 1119 1864 τόν
1140 1828 1378 1873 Ματθαῖον,
1408 1822 1669 1875 καθεζόμενον
1693 1825 1757 1864 ἐπὶ
1777 1828 1848 1864 τοῦ

332 1898 515 1936 τελωνίου
540 1892 716 1942 ἐκάλεσα,
746 1893 809 1933 καὶ
832 1889 1105 1943 ήκολούθησάς
1139 1908 1216 1943 μοι.
1274 1888 1398 1943 ‘Ty-&9
1429 1885 1500 1930 οῦν
1529 1889 1720 1943 βούλομαι
1750 1888 1847 1932 εἶναι

333 1961 499 2003 δεκαδύο
532 1959 793 2008 ἀποστόλους,
825 1959 877 2006 εἷς
899 1957 1108 2012 μαρτύριον
1133 1963 1203 1999 τοῦ
1226 1956 1385 2011 Ἰσραήλ.
1445 1958 1524 1997 Καὶ
1553 1959 1698 2011 ἐγένετο
1720 1956 1845 1999 Ἰωάν-

333 2046 402 2082 νης
425 2031 630 2082 βαπτίζων,
659 2028 726 2068 καὶ
749 2028 912 2078 ἐξῆλθον
937 2024 1036 2078 πρός
1058 2023 1177 2066 αὐτόν
1203 2029 1425 2080 Φαρισαῖοι,
1454 2025 1520 2065 καὶ
1541 2025 1846 2077 ἐβαπτίσθησαν,

335 2098 403 2138 καὶ
426 2102 531 2136 πᾶσα
550 2093 804 2148 Ἱεροσόλυμα.
864 2093 943 2132 Καὶ
970 2090 1065 2145 εἶχεν
1095 2091 1118 2133 ὁ
1143 2091 1324 2145 Ἰωάννης
1347 2093 1493 2144 ἔνδυμα
1515 2089 1591 2132 ἀπὸ
1615 2097 1753 2145 τριχῶν
1779 2110 1847 2133 κα-

336 2163 479 2217 μήλου,
517 2164 582 2204 καὶ
609 2160 732 2214 ζώνην
753 2162 980 2214 δερματίνην
1009 2161 1098 2212 περὶ
1126 2158 1197 2212 τῆν
1220 2158 1348 2210 ὀσφῦν
1375 2158 1515 2209 αὑτοῦ,
1555 2160 1621 2199 καὶ
1643 2157 1685 2200 τό
1709 2162 1847 2213 βρῶμα

336 2229 478 2280 αὐτοῦ,
508 2230 627 2282 φησὶ,
665 2230 746 2281 μέλι
774 2226 926 2282 ἄγριον,
967 2222 1015 2268 οῦ
1048 2225 1073 2279 ἦ
1098 2232 1225 2281 γεῦσις
1248 2222 1296 2279 ῆν
1320 2231 1390 2269 τοῦ
1415 2225 1559 2279 μάννα,
1602 2224 1654 2274 ὦς
1689 2228 1848 2280 3ἐγκρὶς

337 2300 378 2341 ἐν
397 2300 526 2354 ἐλαίῳ·
556 2298 621 2338 ἵνα
645 2298 769 2347 δῆθεν
793 2295 1081 2348 μεταστρέψωσι
1100 2294 1166 2335 τὸν
1186 2299 1254 2347 τῆς
1279 2293 1461 2346 ἀληθείας
1482 2292 1594 2348 λόγον
1613 2295 1665 2341 εἰς
1684 2296 1846 2344 ψεῦδος,

336 2366 402 2406 καὶ
424 2364 510 2405 ἀντὶ
529 2363 719 2418 Ἀκρίδων
742 2362 953 2415 ποιήσωσιν
968 2360 1167 2415 Ἐγκρίδας
1189 2363 1229 2402 ἐν
1252 2362 1382 2414 μέλιτι.
1422 2359 1472 2401 Ἡ
1487 2362 1528 2402 δὲ
1550 2359 1646 2413 ἀρχὴ
1670 2365 1738 2401 τοῦ
1759 2359 1847 2415 παρ’

338 2431 471 2480 αὐτοῖς
494 2430 714 2485 εὐαγγελίου
738 2432 810 2482 ἔχει
830 2429 911 2479 ὅτι,
947 2426 1116 2483 Ἐγένετο
1143 2431 1185 2470 ἐν
1206 2435 1290 2477 ταῖς
1313 2427 1474 2481 ἡμέραις
1492 2426 1666 2482 Ἡρώδου
1687 2432 1758 2468 τοῦ
1778 2431 1848 2480 βα-

338 2501 468 2547 σιλέως
489 2502 556 2552 τῆς
571 2497 782 2548 Ἰουδαίας,
811 2492 931 2549 ῆλθεν
948 2494 1136 2548 Ἰωάννης
1155 2499 1346 2549 βαπτίζων
1366 2495 1563 2548 βάπτισμα
1585 2497 1786 2547 μετανοίας
1807 2496 1848 2536 ἐν

338 2572 390 2623 τῷ
415 2565 597 2622 Ἰορδάνῃ
620 2569 803 2620 ποταμῷ,
843 2563 887 2612 ὃς
912 2563 1055 2618 ἐλέγετο
1081 2561 1178 2605 εἶναι
1205 2566 1248 2606 ἐκ
1273 2565 1408 2618 γένους
1431 2561 1581 2616 Ἀαρών
1608 2566 1679 2602 τοῦ
1702 2562 1847 2615 ἱερέως,

340 2639 433 2681 παῖς
456 2637 651 2686 Ζαχαρίου
673 2633 740 2673 καὶ
758 2629 971 2683 Ἐλισάβετ,
1002 2632 1067 2671 καὶ
1090 2630 1291 2683 ἐξήρχοντο
1313 2630 1411 2684 πρὸς
1434 2628 1552 2670 αὐτὸν
1572 2628 1722 2676 πάντες.
1766 2630 1847 2669 Καὶ

341 2699 432 2751 μετά
450 2699 492 2741 τὸ
516 2702 636 2741 εἰπεῖν
658 2698 778 2740 πολλοὶ
803 2698 975 2750 ἐπιφέρει
997 2696 1078 2747 ὅτι,
1124 2703 1202 2739 Τοῦ
1230 2703 1327 2740 λαοῦ
1350 2697 1628 2750 βαπτισθέντος
1655 2691 1752 2749 ἦλθε
1781 2697 1848 2737 καὶ

338 2765 512 2819 Ἰησοῦς,
541 2768 608 2808 καὶ
629 2769 846 2819 ἐβαπτίσθη
871 2763 948 2805 ὑπὸ
969 2769 1037 2805 τοῦ
1061 2763 1263 2807 Ἰωάννου.
1314 2766 1394 2806 Καὶ
1417 2763 1468 2813 ὥς
1490 2762 1657 2816 ἀνῆλθεν
1679 2761 1755 2804 ἀπὸ
1777 2767 1848 2804 τοῦ

340 2832 501 2883 ὕδατος,
530 2832 740 2888 ἠνοίγησαν
763 2835 803 2874 οἱ
821 2831 995 2885 οὐρανοὶ,
1025 2833 1091 2872 καὶ
1117 2830 1192 2873 εἶδε
1212 2832 1254 2873 τὸ
1276 2837 1427 2885 πνεῦμα
1454 2834 1556 2872 4τοῦ
1576 2835 1677 2871 θεοῦ
1696 2831 1736 2871 ἐν
1758 2832 1849 2872 εἴδει

385 2937 416 2968 5.
441 2935 597 2977 φούρνακι
619 2938 685 2967 cod.
706 2938 833 2975 Rhediy.
1118 2939 1205 2966 ratur
1227 2938 1258 2967 in
1279 2938 1455 2973 ed.Petav.‚
1478 2935 1619 2966 revocavi
1638 2943 1676 2965 ea:
1694 2934 1759 2964 cod.
1773 2935 1848 2964 Rhe-

387 2981 463 3012 CAP.
483 2982 575 3011 XIII.
609 2999 648 3004 —
697 2982 724 3011 1.
749 2981 828 3020 τῆς,
854 2980 935 3020 quod
956 2980 1072 3010 deside·
1118 2981 1180 3019 dig.
1205 2984 1231 3012 et
1255 2982 1323 3012 edit.
1345 2982 1442 3019 princ.
