2034 3267
495 185 666 216 PANARH
691 185 770 217 Lll'».
790 187 809 217 Ῑ.
834 186 938 218 TOM.
969 188 1004 217 ll.
1032 187 1157 218 HAER.
1180 188 1311 218 XXXI.
1578 181 1656 218 {3²17

145 263 386 304 suetudinem
408 263 636 315 exarsisset,
671 265 715 304 ad
739 279 869 305 eorum
893 266 1092 320 exemplar
1114 267 1229 306 fetum
1254 266 1385 307 neseio
1411 280 1520 321 quem
1546 266 1658 320 spiri-

144 332 254 371 talem
280 331 476 385 parturiit,
511 332 571 385 qni
596 333 640 372 ad
664 333 887 387 stipatorum
914 331 1128 374 Salvatoris
1153 341 1257 374 esset
1280 334 1562 375 similitudinem
1588 347 1657 374 ex-

146 412 317 454 pressus.

255 464 514 519 Quamobrem
547 467 681 522 triplici
713 467 785 507 iam
817 467 1028 508 substantia
1057 469 1286 518 constituta,
1329 471 1448 524 prima
1479 485 1575 524 quae
1606 484 1656 510 ex
1677 475 1753 518 Cap·
1776 475 1855 506 XX·

144 534 429 588 perturbatione
461 535 619 588 prodiit,
666 548 761 588 quae
792 542 849 575 est
878 535 1060 586 materia,
1107 537 1271 576 secunda
1305 551 1353 577 ex
1383 538 1653 589 conversione,

141 603 238 656 quod
265 610 324 642 est
349 603 589 652 animalium,
629 603 738 642 tertia
764 602 944 656 spiritali,
979 617 1087 656 quam
1116 610 1345 657 postremam
1374 606 1543 659 peperit,
1579 614 1654 646 tum

142 684 184 710 se
210 671 370 724 denique
401 670 445 709 ad
473 671 603 709 eadem
629 670 836 722 effingenda
861 670 1034 709 eontulit.
1098 668 1335 724 Quamquam
1366 674 1462 725 quod
1486 673 1654 728 spiritale

142 744 237 787 erat,
265 745 393 791 utpote
417 737 584 777 eiusdem
606 751 688 776 cum
710 737 791 791 ipsa
815 743 986 786 naturae,
1018 738 1182 789 figurare
1205 738 1358 778 minime
1381 741 1522 793 potuit,
1555 741 1654 780 unde

141 818 184 844 se
217 806 417 845 animatam
451 805 496 844 ad
525 804 796 854 substantiam,
843 818 938 858 quae
971 818 1022 844 ex
1051 805 1170 859 ipsius
1198 807 1454 846 conversione
1484 810 1655 861 prosecta

144 874 287 923 l'nerat,
332 871 612 927 perpoliendam
643 872 856 922 convertit,
898 872 942 911 ad
975 872 1085 925 idque
1116 886 1212 926 quae
1241 887 1262 912 a
1286 872 1490 914 Salvatore
1517 876 1654 915 tradita

143 942 291 980 fuerant
319 941 541 980 documenta
568 939 774 979 transtulit.
836 940 896 979 Ac
924 940 1084 994 primum
1112 948 1270 980 narrant
1295 955 1344 981 ex
1372 942 1536 982 animata
1567 943 1655 982 sub-

142 1007 281 1047 stantia
305 1008 503 1047 formatum
528 1006 573 1045 ab
594 1005 658 1046 illa
681 1005 834 1046 Patrem
858 1021 901 1047 ac
924 1006 1072 1060 Regem
1102 1008 1292 1059 omnium,
1327 1016 1401 1050 tam
1426 1024 1557 1050 eorum
1582 1010 1655 1050 sci-

141 1076 230 1115 lieet
261 1088 355 1128 quae
389 1074 519 1114 eadem
553 1088 635 1113 eum
666 1074 748 1128 ipso
783 1081 917 1114 natura
950 1082 1148 1127 constant,
1197 1076 1266 1117 hoc
1297 1085 1356 1117 est
1386 1078 1654 1129 animatorum,

143 1157 239 1197 quae
266 1143 316 1182 illi
344 1143 480 1181 dextra
510 1149 750 1196 nuncupant,
797 1157 906 1196 quam
936 1157 1065 1183 eorum
1092 1158 1188 1198 quae
1211 1158 1260 1184 ex
1287 1145 1488 1185 affectione
1511 1159 1554 1185 ac
1577 1160 1655 1185 ma-

144 1211 237 1251 teria
261 1216 553 1264 componuntur,
582 1224 676 1263 quae
698 1209 854 1250 sinistra
880 1218 1036 1252 vorant.
1095 1210 1197 1251 Nam
1223 1213 1418 1263 universa,
1453 1227 1550 1266 quae
1571 1222 1656 1267 post

142 1279 260 1333 ipsum
285 1277 513 1327 extiterunt,
541 1277 585 1317 ab
607 1291 653 1317 eo
674 1278 804 1317 dieunt
826 1280 964 1329 efficta,
998 1293 1080 1319 eum
1102 1294 1121 1320 a
1143 1278 1272 1320 Matre
1293 1281 1408 1320 tacite
1429 1281 1473 1321 ad
1497 1281 1531 1320 id
1551 1288 1657 1321 esset

140 1345 345 1399 impulsus3
378 1359 422 1384 ac
445 1353 645 1399 propterea
668 1344 924 1400 Metropator,
959 1354 997 1386 et
1021 1347 1184 1401 Apator,
1218 1355 1256 1387 et
1280 1346 1482 1398 Conditor,
1515 1363 1557 1388 ac
1581 1347 1655 1388 Pa-

138 1426 227 1453 rens
258 1412 482 1467 appellatur.
544 1411 782 1453 Dextrorum
816 1414 1016 1464 videlieet,
1062 1415 1097 1454 id
1132 1422 1190 1454 est
1223 1415 1345 1455 anima
1379 1417 1651 1470 praeditorum,

138 1478 306 1530 Parens,
340 1479 594 1521 Sinistrorum
618 1495 727 1531 vero,
764 1481 833 1521 hoc
858 1489 916 1522 est
936 1490 1203 1523 concretorum
1227 1498 1308 1523 eum
1331 1481 1514 1534 Materia,
1549 1481 1653 1524 Con-

138 1548 258 1599 ditor,
303 1562 348 1588 ae
377 1546 468 1588 Rex
499 1549 647 1588 demum
680 1549 963 1590 universorum.
1027 1551 1222 1604 Siquidem
1260 1550 1514 1606 Enthymesin
1548 1552 1649 1592 illam

139 1616 320 1670 produnt,
355 1630 438 1656 cum
464 1616 509 1655 ad
531 1617 706 1656 Aeonum
729 1617 912 1657 honorem
937 1625 975 1657 et
996 1619 1154 1671 gloriam
1177 1619 1301 1659 moliri
1328 1619 1454 1659 omnia
1478 1627 1650 1674 cuperet,

138 1690 262 1724 certas
287 1697 418 1724 eorum
445 1684 630 1736 imagines
656 1684 844 1733 edidisse,
879 1685 938 1725 vel
962 1699 1031 1739 per
1053 1686 1174 1740 ipsam
1199 1687 1324 1741 potius
1351 1687 1386 1726 id
1413 1687 1540 1741 egisse
1567 1685 1653 1728 Sal-

137 1758 334 1801 vatorem,
368 1752 540 1805 adeoque
565 1752 664 1792 illam
687 1752 723 1791 in
749 1753 871 1806 effigie
895 1751 1023 1793 Patris
1048 1754 1109 1807 qui
1133 1755 1328 1794 oculorum
1356 1754 1478 1795 visum
1502 1755 1649 1808 effugit,

139 1819 361 1870 retinuisse,
388 1827 429 1859 ut
449 1833 533 1859 eam
554 1820 706 1859 minime
732 1817 921 1860 Conditor
940 1830 1217 1874 cognosceret,
1251 1824 1348 1863 hunc
1374 1837 1466 1862 vero
1492 1823 1535 1862 ad
1559 1821 1654 1863 Uni-

137 1900 260 1940 genae
283 1887 362 1936 filii,
397 1888 441 1927 ad
462 1894 676 1927 ceterorum
699 1887 874 1927 Aeonum
894 1888 1178 1930 similitudinem
1202 1892 1323 1930 factos
1346 1891 1390 1930 ab
1411 1890 1458 1930 iis
1478 1891 1654 1930 Archan-

137 1954 244 2008 gelos
278 1954 527 2009 Augelosque
562 1955 763 2009 prodiisse.
835 1955 1091 2009 Quamobrem
1125 1956 1280 1998 Patrem
1321 1959 1423 1998 illum
1465 1973 1509 1998 ac
1542 1959 1652 1998 deum

139 2021 304 2062 omnium
329 2022 566 2063 constituunt
589 2037 683 2076 quae
710 2031 819 2063 extra
841 2023 1018 2065 Pleroma
1040 2025 1291 2075 collocantur,
1326 2026 1568 2080 omniumque
1591 2026 1653 2066 iti-

138 2090 220 2130 dem
249 2089 373 2130 auima
403 2091 464 2130 vel
502 2092 660 2130 materia
694 2092 966 2145 praeditorum.
1028 2091 1102 2133 Ubi
1132 2094 1231 2133 enim
1264 2094 1357 2134 duas
1387 2094 1468 2134 illas
1496 2101 1651 2134 naturas

136 2156 237 2197 inter
264 2171 351 2197 sese
377 2160 555 2199 confusas
583 2173 626 2198 ac
652 2159 888 2213 promiscuas
914 2161 1158 2215 segregavit,
1193 2162 1492 2217 corporibusque
1519 2176 1652 2202 caren-

139 2232 195 2265 tes
219 2225 369 2280 redegit
390 2227 426 2265 in
450 2241 634 2280 corpora,
669 2234 745 2266 tum
771 2228 918 2267 demum
944 2229 1125 2269 eoelestia
1152 2230 1294 2284 pariter
1318 2244 1360 2269 ac
1385 2237 1535 2269 terrena
1561 2243 1652 2268 con-

139 2292 302 2343 didisse,
344 2308 387 2334 ae
414 2294 666 2334 materialium
694 2301 731 2334 et
755 2295 1028 2346 animatorum,
1072 2297 1294 2337 dextrorum
1320 2312 1364 2337 ac
1389 2297 1648 2346 sinistrorum,

136 2360 274 2419 levium
299 2375 344 2401 ae
365 2361 561 2415 gravium,
597 2375 726 2402 corum
753 2363 914 2417 denique
938 2378 1034 2418 quae
1058 2379 1207 2405 sursum
1232 2372 1296 2405 aut
1319 2366 1496 2404 deorsum
1521 2366 1647 2404 ferun-

137 2435 197 2468 tur
224 2429 394 2483 opificem
425 2429 618 2470 extitisse.
683 2428 873 2484 Septenos
904 2432 1038 2486 quippe
1066 2433 1253 2473 coelestes
1280 2433 1393 2472 orbes
1421 2432 1646 2482 fabricasse,

137 2510 251 2550 supra
283 2511 376 2550 quos
409 2494 657 2537 Conditorem
689 2497 898 2550 collocant,
944 2507 1056 2553 atque
1086 2501 1132 2540 ob
1165 2500 1259 2540 hanc
1290 2514 1462 2540 caussam
1496 2500 1649 2540 Hebdo-

137 2564 284 2604 madem
312 2578 397 2604 eum
427 2565 644 2615 nominant,
678 2565 729 2604 uti
753 2563 919 2606 Matrem
943 2567 1158 2608 Achamoth
1186 2566 1433 2622 Ogdoadem,
1476 2583 1549 2622 quo
1574 2569 1649 2622 pri-

136 2631 324 2685 migeniae
344 2646 387 2672 ac
410 2634 550 2687 primae
569 2633 614 2672 de
634 2631 851 2673 Pleromate
871 2632 1065 2688 Ogdoadis
1087 2650 1284 2676 numerum
1306 2635 1527 2676 observent.
1574 2634 1649 2678 Or-

136 2698 204 2739 bes
237 2699 321 2739 illos
352 2714 445 2741 vero
476 2707 620 2755 septem
652 2700 843 2754 spiritales
868 2716 955 2743 esse
981 2711 1215 2754 memorant,
1257 2704 1428 2757 adeoque
1453 2704 1644 2757 Angelos,

136 2790 199 2820 cod.
219 2792 320 2822 Paris.
344 2793 402 2822 nisi
421 2792 502 2831 quod
524 2792 555 2822 in
579 2800 611 2822 eo
634 2794 710 2822 recle
733 2788 866 2834 πρώτης
910 2795 1077 2834 Inter-pres,
1101 2796 1153 2834 qui
1176 2796 1262 2825 vernt
1282 2796 1414 2836 Septem
1438 2800 1545 2825 autem
1571 2807 1644 2826 cae-

139 2837 230 2866 extat.
911 2838 960 2869 los
985 2850 1064 2882 quos
1088 2838 1324 2870 intellectuales
1349 2850 1418 2869 esse
1443 2838 1555 2870 dicunt
1579 2845 1644 2872 cell.

184 2879 232 2911 11.
258 2877 413 2923 οὖρανούς
432 2878 512 2914 εἶναι
531 2879 660 2922 νοῑρούς
677 2884 785 2920 scripsi
799 2893 867 2914 cum
911 2886 974 2915 iam
999 2887 1110 2916 vitiosa
1138 2894 1210 2915 usus
1238 2888 1279 2915 est
1302 2887 1477 2924 scriptura,
1510 2887 1647 2917 videlicet

135 2924 304 2965 Massueco,
333 2930 451 2957 secutus
476 2929 596 2957 Tertull.
622 2928 692 2958 adv.
722 2928 866 2959 valentin.
912 2930 1070 2968 duplicata
1102 2932 1211 2960 ultima
1244 2932 1326 2961 vocis
1359 2925 1515 2970 ουοααούς
1534 2935 1645 2983 parte,

135 2970 266 3006 cap.20.
290 2972 375 3001 Libri
388 2975 450 3001 tam
462 2973 566 3010 scripti
579 2981 671 3011 quam
683 2973 755 3002 editi
768 2981 868 3004 omnes
913 2975 992 3005 unde
1010 2977 1146 3014 primum
1163 2975 1284 3014 quidem
1303 2976 1418 3014 factum
1440 2978 1482 3006 est
1503 2986 1570 3017 ους,
1594 2977 1645 3006 de-

137 3012 244 3045 habent
266 3011 420 3057 οὗρανούς
440 3012 500 3049 οὐκ
522 3014 602 3050 εἶναι
623 3013 767 3058 νοητούς.
808 3019 867 3049 Vet.
912 3020 981 3050 inde
1006 3016 1073 3052 οὖν.
