2034 3267
516 160 692 191 PANARH
717 160 798 192 ΜΒ.
817 161 840 193 t.
863 160 1043 192 TOM.111.
1068 159 1195 191 HAER.
1215 160 1290 191 XL.
1583 150 1656 189 541

148 244 297 276 tes-tates
317 245 416 284 sunt,
450 252 471 276 a
492 241 557 277 deo
578 242 769 279 ordinatae
789 248 888 288 sunt,
923 240 975 279 ait
995 239 1203 293 apostolus.
1264 242 1393 290 Itaque
1411 241 1477 290 qui
1488 241 1668 289 potestati

145 308 304 352 resistit,
351 308 413 344 det
433 309 660 347 ordinatim·
683 312 837 347 resistit.
903 311 998 346 Nam
1020 310 1208 359 principes
1236 321 1308 345 non
1331 314 1421 345 sunt
1444 314 1573 345 contra
1601 307 1661 344 bo-

144 388 250 421 nnm,
293 376 359 412 secl
384 388 454 425 pro
485 375 599 423 b01203
642 391 758 428 neque
788 384 877 415 semt
904 383 1034 414 contra
1059 378 1269 421 veritatem,
1312 377 1377 413 sed
1395 390 1465 426 pro
1490 377 1656 413 veritate.

146 444 209 480 Vis
237 450 357 480 autem
388 457 459 481 non
487 446 612 482 timere
628 449 876 495 potestatem?
931 446 1069 481 Bonum
1084 444 1177 495 sac,
1223 450 1258 481 et
1279 443 1427 481 habebis
1450 445 1591 481 laudem
1616 458 1663 480 ea·

145 510 224 547 illa.
286 511 370 548 Non
391 513 482 549 enim
505 514 585 550 sine
606 526 737 550 caussa
756 513 924 562 gladium
942 518 1083 561 portat.
1142 512 1212 548 Det
1228 513 1321 548 em'm
1342 513 1508 549 mimater
1529 513 1580 548 ad
1596 512 1663 548 hot.-

144 579 259 627 ipsum
285 579 459 617 adversus
481 581 658 618 scelerate
681 582 862 631 qmbpc‘am
882 585 1070 629 gerentone
1093 592 1115 615 a
1138 580 1203 616 deo
1227 581 1459 616 constitutus.
1524 576 1661 617 Vides—

144 657 192 684 ne
214 651 256 684 ut
277 645 370 685 haec
391 646 517 686 mundi
542 653 710 700 potestas
735 660 755 686 a
776 646 847 686 deo
868 644 1034 685 stabilita
1060 645 1130 694 sit,
1174 644 1365 698 gladiique
1389 645 1446 685 ins
1469 645 1662 685 obtineat?

142 710 282 766 Neque
314 727 407 753 vero
437 714 472 753 id
499 714 673 763 aliunde,
719 727 828 767 quam
859 726 878 752 a
911 713 981 752 deo
1010 712 1054 751 ad
1078 712 1344 752 vindic-andum
1375 713 1524 767 accipit.
1587 710 1663 753 Ce-

143 786 266 820 terum
291 782 388 835 quod
413 781 598 821 eiusmodi
625 781 702 821 sint
729 782 766 820 in
792 780 931 820 mundo
957 780 1190 835 principatus
1216 794 1259 820 ac
1284 786 1516 834 potestates,
1553 794 1662 820 nemo

143 847 292 888 illorum
323 862 451 902 regem
484 855 684 903 propterea
713 861 844 902 regem
877 862 963 888 esse
997 848 1218 901 negaverit,
1260 848 1327 888 sed
1352 848 1402 887 ita
1429 847 1661 902 principatus

143 915 228 957 illos
258 930 302 956 ac
327 923 534 971 potestates
564 917 602 956 in
632 916 771 956 mundo
797 929 883 956 esse
913 915 1114 966 fatebitur,
1157 923 1196 955 ut
1220 915 1371 956 interim
1398 915 1547 955 illorum
1576 929 1661 955 esso

142 997 272 1037 regem
297 991 496 1037 agnoscat.
558 981 678 1037 Igitur
702 984 772 1024 hoc
794 984 939 1038 ipsum,
983 984 1079 1037 quod
1102 983 1141 1023 in
1166 983 1279 1024 terris
1305 983 1463 1029 accidit,
1507 983 1663 1022 demon-

142 1052 361 1101 stravimus,
395 1066 471 1091 non
491 1065 577 1092 esse
599 1051 681 1105 regi
703 1051 937 1106 principatus
958 1051 1187 1102 contrarios,
1222 1052 1288 1092 sed
1309 1052 1355 1091 ad
1378 1050 1524 1104 imperii
1549 1051 1662 1090 totius

142 1119 508 1159 administrationem
538 1126 740 1173 terraeque
768 1119 1067 1159 moderationem
1096 1119 1311 1170 subiectos3
1354 1119 1416 1159 ubi
1443 1119 1580 1159 caedes
1605 1119 1662 1158 vi-

143 1187 280 1227 delicet
302 1201 345 1227 ac
367 1187 506 1241 praelia
527 1188 618 1237 sint,
643 1187 961 1241 ignorantiaeque
984 1202 1028 1227 ac
1053 1187 1289 1242 disciplinae,
1314 1187 1533 1227 observatio
1557 1187 1662 1226 deni-

143 1268 214 1309 que
246 1255 371 1309 legum
403 1269 446 1295 ac
478 1255 752 1309 transgressiO.
822 1253 943 1296 Cuius
977 1255 1032 1295 rei
1066 1256 1191 1309 gratia
1223 1262 1433 1310 potestates
1464 1255 1661 1295 institutae.

141 1330 250 1373 sunt,
293 1330 333 1363 ut
359 1323 403 1363 ad
433 1330 555 1377 aptam
586 1323 701 1363 totius
731 1323 834 1363 orbis
863 1323 1186 1377 compositamque
1212 1323 1528 1377 gubernationem
1555 1337 1663 1378 prar-

142 1391 242 1431 clare
275 1405 295 1430 a
327 1391 398 1431 deo
430 1391 713 1431 constituantur
745 1405 789 1431 ac
823 1398 1007 1444 regantur
1039 1391 1234 1431 universa.
1297 1389 1400 1430 Idem
1427 1391 1526 1431 etin
1554 1391 1661 1430 coelo

141 1472 289 1513 quoque
315 1459 539 1513 contingere
563 1473 725 1499 necesse
748 1467 829 1510 est,
873 1472 994 1512 eoque
1019 1459 1161 1513 magis,
1205 1459 1302 1512 quod
1325 1458 1401 1499 illic
1424 1472 1494 1499 nec
1517 1458 1660 1499 invidia

138 1540 210 1567 nec
232 1526 460 1577 aemulatio,
494 1541 618 1581 neque
643 1527 767 1581 legum
794 1526 953 1568 violatio
983 1541 1054 1567 nec
1081 1527 1217 1567 seditio
1243 1526 1314 1566 ulla
1339 1527 1409 1576 sit,
1442 1541 1517 1567 non
1542 1526 1661 1566 iusiu-

139 1595 321 1645 randum,
357 1609 433 1635 non
461 1595 617 1649 rapina,
651 1609 726 1635 non
752 1595 890 1649 aliquid
916 1594 1118 1635 eiusmodi.
1181 1592 1313 1647 Quare
1337 1593 1494 1634 alterius
1519 1594 1658 1648 negotii

139 1676 275 1703 caussa
302 1661 522 1703 Potestates
554 1663 743 1703 stabilitae
773 1670 876 1703 sunt.
940 1660 1148 1703 Cuiusnam
1177 1663 1296 1702 vero?
1353 1661 1545 1702 Nimirum
1574 1676 1659 1716 pro-

139 1737 224 1785 pter
248 1731 461 1771 divinarum
480 1731 629 1771 laudum
652 1738 879 1771 concentum
904 1737 942 1770 et
962 1730 1215 1770 immortalem
1235 1730 1338 1770 illam
1364 1730 1528 1769 numinis
1552 1743 1660 1784 prae-

140 1798 385 1839 dicationem.
447 1795 570 1839 Cuius
599 1799 722 1852 gratia
753 1813 923 1839 summus
953 1799 1017 1839 ille.
1048 1799 1141 1839 deus
1170 1813 1213 1838 ac
1238 1798 1415 1852 princeps
1441 1798 1564 1838 omnis
1592 1811 1661 1838 ex-

138 1880 226 1921 pers
255 1866 422 1906 invidiae
447 1881 555 1906 suum
582 1867 718 1920 cuique
742 1866 916 1917 illorum,
958 1881 1052 1920 quos
1078 1866 1282 1920 produxit,
1327 1872 1592 1906 ornamentum
1616 1879 1659 1905 ac

138 1934 254 1976 decus
286 1934 478 1985 attribuit,
528 1941 567 1974 ut
597 1934 746 1989 imperii
781 1935 838 1975 sui
872 1935 1053 1989 splendor
1085 1941 1198 1988 atque
1232 1934 1464 1988 sempiterna
1497 1934 1660 1988 dignitas

138 2009 321 2057 perpetuo
352 2002 582 2043 celebretur.
646 2001 839 2055 Quocirca
870 2003 1118 2043 vehementer
1146 2009 1276 2043 errant
1305 2002 1367 2043 isti
1396 2002 1458 2056 qui
1485 2002 1544 2042 dei
1571 2016 1657 2056 gra-

139 2071 228 2111 tiam
260 2070 453 2122 ignorant.

251 2137 345 2178 Illud
371 2152 466 2179 vero
493 2139 648 2193 insuper
669 2139 876 2189 affirmant,
911 2139 1009 2193 quod
1036 2153 1055 2179 a
1083 2152 1140 2178 me
1165 2144 1276 2178 antea
1301 2138 1440 2178 dictum
1466 2144 1547 2187 est,
1581 2136 1659 2177 dia-

137 2206 264 2246 bolum
294 2206 478 2261 septimae
507 2204 736 2256 Potestatis,
772 2207 841 2246 hoc
867 2214 925 2247 est
951 2206 1144 2255 Sabaoth,
1180 2220 1266 2246 esse
1296 2206 1424 2245 filium.
1489 2203 1656 2245 Sabaoth

138 2289 251 2329 porro
277 2273 503 2315 ludaeorum
529 2287 614 2314 csse
640 2275 773 2324 deum,
818 2274 924 2315 cuius
949 2275 1069 2315 malus
1097 2274 1192 2314 lilius
1219 2274 1268 2313 sit
1294 2273 1488 2313 diabolus:
1531 2273 1592 2326 qui
1619 2273 1655 2312 in

1692 2140 1769 2184 Cap.
1794 2143 1832 2174 V.

138 2350 240 2383 terra
266 2343 482 2383 consistens
506 2342 654 2396 parenti
679 2356 748 2382 suo
772 2343 994 2383 reluctetur.
1057 2341 1231 2382 Eundem
1257 2355 1349 2382 vero
1373 2348 1567 2395 parentem
1591 2354 1657 2380 ne·
1690 2382 1694 2388 ,

138 2425 210 2465 que
238 2410 446 2459 eiusmodi,
480 2410 550 2450 hoc
578 2417 636 2449 est
660 2410 821 2461 malum,
856 2425 966 2460 esse,
1002 2424 1124 2464 neque
1153 2410 1262 2449 deum
1289 2415 1413 2448 tamen
1440 2409 1542 2448 illum
1571 2422 1656 2448 esse

138 2479 200 2533 qui
233 2478 504 2533 comprehendi
540 2485 724 2532 nequeat,
772 2479 837 2518 sed
873 2479 917 2518 ad
952 2478 1144 2518 sinistram
1176 2475 1410 2516 Potestatem
1444 2476 1652 2531 pertinere.

137 2547 294 2587 Addunt
321 2554 358 2587 et
381 2546 492 2586 aliam
516 2546 727 2585 istiusmodi
754 2546 939 2586 fabulam:
975 2546 1163 2586 diabolum
1190 2546 1233 2584 ad
1262 2543 1384 2584 Evam
1409 2544 1653 2583 accedentem

137 2628 220 2654 cum
241 2629 283 2655 ca
307 2614 462 2669 perinde
485 2628 528 2653 ac
550 2614 610 2653 vir
631 2628 714 2653 cum
737 2614 893 2654 muliere
917 2614 1016 2654 solet
1035 2612 1349 2653 consuetudinem
1370 2611 1564 2662 habuisse,
1590 2612 1654 2652 (ie--

138 2697 210 2736 que
240 2696 284 2723 ea
308 2680 470 2724 Cainum
502 2689 540 2722 et
562 2680 725 2721 Abelum
753 2681 986 2736 suscepisse.
1048 2680 1111 2721 Ex
1139 2695 1212 2735 quo
1243 2681 1381 2720 factum
1406 2686 1586 2720 asserunt
1615 2686 1654 2719 ut

137 2748 176 2790 in
199 2750 359 2792 alterum
381 2765 480 2791 unus
502 2750 743 2803 insurgeret,
776 2763 843 2804 pro
869 2763 913 2791 ea
934 2748 1114 2790 videlicet
1135 2747 1278 2789 invidia
1301 2761 1375 2801 qua
1397 2746 1436 2787 in
1457 2760 1501 2788 se
1524 2754 1652 2788 mutuo

138 2876 249 2906 tavius.
917 2876 983 2907 cod.
1010 2876 1166 2907 Vaticano.

182 2919 258 2950 Car.
277 2920 316 2951 V.
343 2938 386 2943 —-
419 2920 448 2952 1.
475 2920 559 2962 γῆς,
583 2921 664 2960 quod
686 2920 875 2952 desideratur
963 2920 994 2952 2.
1021 2922 1115 2960 Vulyo
1141 2916 1252 2960 φησὶν.

136 2966 168 2995 in
189 2965 255 2996 cod.
273 2965 400 3006 Rhediy.
423 2968 449 2996 et
470 2966 558 2998 editis
580 2966 683 3005 libris,
717 2966 815 2997 adieci
838 2975 874 2997 ex
