2034 3267
453 143 630 176 PANARII
653 145 732 177 Lis.
752 146 777 178 1.
802 145 907 180 ToM.
928 147 983 178 111.
1007 146 1135 178 HAER.
1153 146 1319 179 xxxix.
1566 138 1644 178 523

127 229 294 277 nataque
312 222 462 263 illorum
486 223 662 276 dogmata
683 225 920 279 detegamus,
955 226 1015 279 qui
1038 225 1178 266 ceteris
1199 226 1236 266 in
1261 226 1377 266 sectis
1398 225 1534 266 callido
1558 226 1646 265 dae-

126 291 251 330 monis
272 290 455 330 instinctu
479 290 534 330 sic
559 298 733 346 tanquam
758 292 912 332 fulmine
937 294 1096 346 quodam
1121 293 1253 347 perciti
1277 301 1316 333 et
1337 307 1576 333 communem
1601 293 1644 333 ad

127 357 232 398 orbis
255 365 399 412 pestem
425 372 469 398 ac
492 359 698 413 perniciem
724 360 835 400 afflati
861 368 964 400 suut.
1026 359 1279 414 Posteaquam
1309 361 1409 400 euim
1434 361 1645 401 istiusmodi

125 425 318 466 hominum
351 426 411 479 qui
436 426 689 466 deterioribus
715 427 925 481 quibusque
954 427 1192 468 delectantur
1217 429 1456 482 opinionem,
1501 427 1647 483 Bupre-

125 500 268 533 starum
289 493 420 547 generi
443 493 604 534 similem
626 494 914 547 (scarabeorum
935 509 980 534 ea
1001 495 1150 548 species
1169 498 1261 547 est),
1290 497 1554 550 patefecimus,
1584 510 1647 550 pe·

125 560 302 614 nilusque
329 562 563 602 mortiferam
590 562 716 601 divina
743 575 813 616 ope
837 562 1149 612 comminuimus,
1191 564 1235 603 ad
1265 563 1513 617 inquirendas
1544 571 1646 603 cete·

125 642 188 668 ras
212 630 387 679 eandem,
422 644 443 669 o
466 627 610 670 Christi
631 629 711 679 filii,
742 629 906 669 numinis
930 643 1038 684 opem
1061 643 1106 669 ac
1129 629 1359 684 praesidium
1383 631 1643 686 imploremus.

494 786 788 836 CONTRA
839 786 1214 837 SETHIANO
1231 789 1278 848 S,

393 883 499 928 quae
540 871 606 913 est
641 867 835 914 haeresis
867 867 991 914 XIX.
1040 868 1132 916 sive
1167 868 1380 916 XXXIX.

236 967 324 1008 Alia
352 974 410 1007 est
432 965 701 1007 Sethianorum
729 966 923 1018 haeresis,
958 981 1053 1021 quae
1081 982 1156 1008 non
1182 968 1320 1022 ubique
1345 969 1558 1023 reperitur,
1591 970 1644 1009 uti

125 1050 196 1076 nec
222 1033 478 1085 Gaianorum,
512 1041 645 1074 contra
671 1050 779 1089 quam
805 1035 979 1089 proxime
1003 1036 1296 1090 disputavimus.
1360 1038 1418 1076 Ae
1443 1037 1574 1077 nescio
1600 1052 1647 1077 an

124 1118 201 1144 non
232 1103 436 1158 pleraeque
467 1109 656 1142 sectarum
685 1103 900 1143 istiusmodi
925 1104 1108 1144 radicitus
1136 1106 1351 1159 extirpatae
1376 1105 1467 1144 sint.
1530 1104 1647 1159 Quic-

125 1172 212 1226 quid
243 1170 342 1210 enim
369 1184 390 1210 a
414 1170 485 1209 deo
510 1184 585 1209 non
609 1177 692 1221 est,
735 1171 949 1211 consistere
975 1186 1049 1211 non
1072 1179 1219 1226 potest,
1263 1173 1329 1212 sed
1357 1173 1429 1212 etsi
1452 1173 1647 1227 aliquanto

125 1247 294 1293 tempore
317 1238 460 1292 vigeat,
495 1251 663 1292 perenne
685 1238 931 1279 nihilominus
955 1253 1041 1279 esse
1065 1240 1208 1293 nequit.
1273 1238 1384 1293 Quod
1407 1240 1480 1280 nisi
1502 1255 1560 1281 me
1582 1241 1648 1281 fat-

122 1306 164 1346 lit
188 1306 395 1356 memoria,
440 1313 529 1360 puto
554 1319 611 1345 me
638 1319 721 1345 cum
754 1306 790 1345 in
819 1306 997 1362 Aegypto
1025 1321 1148 1347 essem
1174 1309 1210 1347 iu
1239 1322 1322 1348 eam
1350 1308 1527 1349 haeresin
1553 1309 1648 1349 inci-

124 1373 247 1424 disse,
291 1388 414 1427 neque
446 1373 546 1413 enim
578 1374 728 1428 penitus
761 1374 833 1414 loci
869 1375 1054 1414 recordor
1086 1375 1148 1415 ubi
1182 1390 1264 1416 cum
1297 1376 1381 1416 istis
1414 1390 1646 1430 congressus

123 1455 222 1482 sum.
285 1440 542 1495 Quamobrem
567 1455 663 1494 quae
687 1441 731 1481 ad
758 1455 825 1482 eos
848 1443 1037 1496 pertinent
1062 1443 1198 1496 partim
1225 1444 1344 1484 oeulis
1371 1445 1462 1499 ipsis
1489 1458 1648 1499 usurpa-

124 1509 272 1560 vimus,
305 1509 443 1564 partim
475 1523 525 1549 ex
556 1508 704 1548 illorum
737 1511 994 1550 monumentis
1027 1512 1280 1566 percepimus.

236 1576 358 1631 Igitur
379 1575 555 1617 Sethiaui
578 1590 598 1616 a
623 1574 759 1627 Setho‚
793 1576 932 1617 Adami
956 1578 1047 1629 filio,
1080 1593 1201 1632 genus
1225 1594 1266 1620 se
1289 1581 1457 1622 traxisse
1479 1581 1647 1635 glorian-

123 1652 200 1685 tur.
264 1643 387 1697 Quem
415 1644 565 1697 quidem
592 1658 824 1699 magnopere
849 1646 1092 1699 praedicant,
1136 1647 1247 1701 eique
1274 1662 1370 1702 quae
1394 1649 1438 1688 ad
1466 1650 1645 1689 virtutem

125 1727 170 1752 ac
204 1712 386 1752 iustitiam
419 1711 613 1766 pertinent
646 1712 795 1762 omnia,
842 1727 1049 1768 earumque
1087 1715 1196 1769 sigua
1237 1729 1280 1755 ae
1322 1723 1450 1756 cetera
1491 1717 1646 1771 generis

123 1779 235 1820 huius
260 1779 486 1819 attribuunt.
546 1778 797 1834 Eundemque
822 1778 1016 1822 Christum
1046 1784 1265 1834 nominant,
1298 1791 1337 1824 et
1359 1785 1562 1838 ipsummet
1586 1783 1647 1825 Ie-

123 1861 206 1888 sum
230 1847 347 1888 fuisse
373 1847 614 1887 confirmant.
675 1847 803 1902 Atque
829 1848 926 1889 bunc
949 1851 985 1889 in
1007 1851 1158 1891 modum
1181 1865 1290 1891 suum
1311 1852 1400 1892 illud
1424 1852 1559 1906 dogma
1582 1853 1646 1892 de-

124 1915 286 1955 clarant.
350 1914 411 1954 Ab
439 1914 586 1968 angelis
617 1915 715 1955 enim
750 1930 824 1956 uon
856 1931 877 1957 a
904 1917 1103 1973 superiore
1136 1919 1170 1960 vi
1198 1920 1380 1974 producta
1406 1933 1493 1960 esse
1519 1920 1647 1961 dicunt

126 1983 270 2023 omnia.

234 2048 338 2090 Nam
367 2064 450 2090 cum
481 2050 680 2105 superiore
712 2049 944 2093 Gaianorum
975 2053 1126 2094 haeresi
1162 2055 1230 2096 bae
1263 2069 1315 2096 ex
1347 2064 1453 2111 parte
1481 2071 1644 2099 consen-

124 2117 244 2168 tiunt,
290 2118 388 2171 quod
422 2128 620 2168 asserunt,
663 2121 756 2159 duos
789 2120 835 2160 ab
867 2121 976 2161 initio
1008 2122 1180 2163 homines
1212 2124 1416 2174 extitisse,
1461 2139 1481 2165 a
1509 2125 1644 2179 quibus

125 2183 271 2227 Cainus
295 2193 331 2225 et
355 2185 502 2226 Abelus
526 2187 652 2226 exorti
674 2194 776 2228 sunt.
839 2186 898 2229 De
923 2190 1057 2243 quibus
1077 2190 1178 2230 iuter
1200 2205 1242 2231 se
1267 2192 1497 2233 dissidentes
1519 2195 1643 2246 angeli

123 2261 258 2294 eontra
289 2267 330 2293 se
361 2261 492 2293 mutuo
525 2262 736 2305 venerunt,
780 2256 891 2310 idque
919 2259 1185 2312 perfecerunt,
1229 2266 1270 2299 ut
1296 2260 1457 2299 Abelum
1488 2261 1642 2302 fratrem

124 2319 270 2362 Cainus
297 2321 504 2361 occideret.
568 2319 763 2375 Siquidem
795 2324 840 2363 de
867 2325 1064 2365 amborum
1090 2326 1239 2366 illorum
1265 2327 1456 2367 hominum
1482 2342 1644 2382 genera·

122 2389 311 2440 tionibus,
353 2403 374 2429 a
396 2389 530 2443 quibus
555 2386 701 2430 Caiuus
725 2397 761 2430 et
784 2391 928 2432 Abelus
953 2394 1123 2448 producti
1145 2402 1255 2445 sunt,
1296 2396 1551 2449 pugnantibus
1576 2411 1643 2436 au-

123 2457 235 2511 gelis,
264 2457 364 2497 aeris
387 2464 444 2497 est
467 2465 599 2497 coorta
622 2459 831 2500 eontentio.
887 2458 963 2501 Sed
986 2462 1084 2501 enim
1109 2463 1266 2503 victoria
1290 2477 1407 2517 penes
1432 2462 1517 2503 Vim
1539 2464 1640 2504 illam

122 2525 360 2580 superiorem
386 2525 468 2574 fuit,
503 2539 612 2578 quam
634 2524 801 2566 Matrem
823 2541 908 2568 esse
932 2526 1207 2584 Feminamque
1230 2530 1427 2571 definiunt.
1491 2529 1640 2587 Quippe

123 2599 264 2633 matres
289 2592 335 2632 ab
360 2592 416 2632 his
440 2592 478 2631 iu
502 2592 632 2643 coelo,
667 2600 706 2633 et
732 2594 894 2635 feminae
918 2611 1119 2652 maresque
1144 2598 1402 2649 collocantur,
1436 2613 1480 2639 ac
1506 2614 1640 2655 propc-

123 2660 272 2700 modum
304 2660 416 2700 etiam
448 2659 602 2713 generis
630 2662 958 2715 necessitudines,
999 2665 1248 2720 stirpiumque
1280 2667 1416 2721 capita.
1477 2666 1640 2709 Postea-

123 2741 233 2781 quam
256 2727 396 2781 igitur,
430 2735 470 2767 ut
490 2727 617 2778 aiunt,
651 2729 743 2769 vicit
763 2729 825 2770 illa
846 2729 975 2772 Mater
996 2747 1040 2772 ac
1061 2731 1243 2783 Femina,
1278 2741 1315 2774 et
1336 2735 1499 2775 Abelum
1523 2736 1641 2777 inter-

124 2795 262 2834 fectum
301 2809 388 2835 esse
426 2796 627 2849 coguovit,
678 2810 806 2838 seeum
845 2799 971 2840 animo
1005 2801 1179 2854 cogitans
1210 2799 1318 2842 Setbi
1349 2803 1636 2856 generationem

124 2898 195 2936 κεῖ,
218 2895 268 2926 vel
293 2894 364 2929 ἐστὶ
387 2895 476 2939 leg.“
949 2901 1023 2933 Cn.
1046 2904 1083 2934 Π.
1110 2922 1151 2927 —-
1178 2903 1205 2935 1.
1233 2903 1289 2937 καὶ
1309 2906 1420 2937 adiecit
1440 2907 1584 2938 Petavius
1602 2916 1640 2938 ex

166 2940 198 2972 2.
223 2942 318 2982 Vulyo
341 2941 436 2984 φησὶ.
903 2949 969 2979 cod.
991 2949 1085 2980 Vatic.

1673 977 1747 1020 Cap.
1772 978 1796 1008 1.

1673 2063 1748 2105 Cap.
1777 2062 1815 2092 ll.
