2034 3267
455 144 633 176 PANARII
656 144 738 176 Lm.
755 146 779 176 1.
804 145 908 178 ToM.
929 146 983 177 111.
1009 145 1259 177 HAER.XL11.
1540 139 1618 178 615

97 222 220 263 edicta
246 222 278 261 si
303 221 364 276 qui
390 236 635 278 eorrumpere
659 238 702 264 ac
725 224 935 279 depravare
962 231 1171 276 conentur,
1205 225 1350 280 prolata
1375 239 1426 265 cx
1451 225 1618 265 archivis

96 289 313 329 fidelissima
341 290 578 343 exemplaria
605 290 763 331 insanos
794 291 878 331 illos
908 292 1163 345 redarguunt,
1209 293 1264 333 sie
1291 306 1311 332 e
1339 292 1502 347 palatis),
1545 293 1616 332 1100

97 364 154 396 est
179 357 341 396 ecclesia
367 366 523 408 sancta,
566 359 827 413 depromptum
853 359 1094 412 evangelium
1121 360 1386 414 egregiarum,
1420 368 1460 401 ut
1486 361 1536 400 ita
1562 360 1616 400 di-

96 438 200 475 cam,
235 425 397 465 vestium
432 440 632 466 arrosores
664 440 793 466 mures
826 426 933 466 facile
966 427 1124 480 detegit.

208 489 340 532 Schol.
366 492 575 534 XXXIX.
621 497 727 533 Hane
765 502 885 533 antem
915 496 1042 546 sillam
1075 496 1250 543 Abraae,
1295 510 1402 547 qnam
1443 498 1615 547 allegavit
1632 509 1814 544 Lue.1.3,16.

93 563 267 599 Satanas.

203 626 338 668 Refut.
363 628 570 669 XXXIX.
620 626 718 668 Cum
745 627 906 669 veniens
938 628 1113 670 (lominus
1139 629 1322 670 Abraami
1358 631 1455 671 filiae
1487 645 1617 671 curam

92 694 297 750 suscipiat,
341 710 416 736 non
445 697 519 735 erit
546 696 592 736 ab
618 710 663 736 eo
691 696 839 736 alienus
864 695 1098 737 Abraamus.
1162 696 1288 750 Quem
1321 699 1389 738 1100
1420 699 1503 753 ipso
1538 699 1617 754 pla-

92 763 217 803 cuisse
249 763 321 803 sibi
352 763 544 814 declarat,
578 764 676 818 quod
709 763 790 804 eius
822 764 920 803 filiae
952 764 1216 805 misericordia
1249 773 1465 806 moveatur.

202 829 335 872 Schol.
359 831 450 871 XL.
496 829 590 871 Item
620 831 711 871 illud
743 831 904 871 ademit:
950 835 1050 871 Tune
1081 834 1247 873 videbitis
1271 835 1460 882 .·lbraam‚
1505 838 1613 874 Isaac
1632 843 1762 872 lbiu.2s.

91 906 126 937 et
147 900 277 947 Jacob,
312 906 351 938 et
368 913 489 938 omnes
505 901 706 950 prophetas
729 901 765 937 in
790 914 906 950 regno
929 902 999 938 del.
1063 899 1139 940 Pro
1168 915 1240 954 quo
1266 902 1489 956 rescripsit,
1526 905 1613 941 Cum

90 982 211 1005 omnes
236 970 351 1005 iustos
373 969 538 1005 videritis
563 970 600 1005 z'n
622 980 738 1017 regno
762 969 840 1014 clei,
886 982 948 1006 vos
971 976 1090 1007 antem
1114 971 1298 1008 exclusos.
1365 969 1612 1024 Adiecitque,

90 1038 262 1074 Detentos
287 1036 405 1086 foris,
441 1040 502 1085 et,
536 1036 621 1073 Ille‘e
650 1042 707 1073 est
722 1037 843 1088 fletus
873 1043 912 1073 et
936 1039 1078 1075 stridor
1108 1039 1282 1076 (lentium.

203 1168 333 1210 Refut.
358 1169 449 1210 XL.
496 1168 698 1222 Quomodo
721 1171 895 1211 veritatis
918 1172 1082 1226 vestigia
1106 1173 1337 1227 produntur!
1378 1172 1492 1214 Viam
1513 1173 1613 1213 enim

90 1238 282 1279 occultare
305 1252 416 1278 nemo
439 1245 580 1292 potest.
643 1238 702 1278 Ac
729 1238 817 1278 licet
838 1239 1010 1279 homines
1035 1240 1080 1280 ab
1106 1254 1151 1280 eo
1175 1254 1362 1281 revocare
1386 1248 1423 1281 et
1445 1242 1482 1281 in
1507 1255 1614 1282 erro-

87 1320 168 1346 rem
195 1307 315 1361 possit
341 1306 555 1356 abducere,
590 1313 654 1346 aut
678 1306 823 1360 ignaris
853 1306 1117 1359 dissimulare,
1151 1309 1250 1348 idem
1279 1316 1405 1348 tamen
1433 1309 1612 1350 itinerum

86 1373 221 1428 peritis
247 1374 327 1414 fieri
353 1374 504 1428 nequit,
540 1374 625 1427 quia
651 1381 775 1425 terra,
810 1375 848 1414 in
872 1389 945 1428 qua
968 1375 1017 1415 sit
1039 1375 1225 1430 impressa
1254 1378 1338 1427 via,
1381 1377 1462 1418 tolli
1489 1378 1612 1418 fundi-

87 1449 146 1482 tus
175 1456 195 1481 e
219 1441 344 1482 medio
374 1456 450 1481 non
478 1448 620 1496 potest.
680 1441 733 1482 Et
756 1443 928 1496 quamvis
956 1443 1043 1484 illud
1072 1443 1252 1484 obscuret
1274 1445 1482 1500 quispiam,
1526 1460 1611 1485 cum

84 1509 183 1550 idem
215 1517 339 1550 tamen
371 1509 482 1550 huius
510 1510 617 1550 locus
652 1517 871 1560 remaneat,
918 1511 980 1565 qui
1013 1526 1094 1551 eam
1124 1513 1394 1567 depravaverit
1425 1528 1444 1553 a
1477 1514 1610 1568 peritis

85 1578 182 1618 haud
208 1577 380 1628 difficile,
414 1577 650 1632 coarguitur.
714 1576 976 1631 Quamobrem
1000 1580 1185 1621 orationis
1209 1581 1328 1636 ipsius
1350 1581 1538 1635 vestigia,
1573 1588 1611 1622 et

85 1645 360 1699 consequentia
399 1646 563 1700 respice.
628 1644 738 1685 Illum
781 1646 880 1686 enim
919 1648 1041 1702 ipsum
1081 1662 1300 1688 sermonem
1330 1650 1375 1689 ad
1406 1663 1608 1703 quemnam

85 1713 197 1753 alium
225 1720 491 1768 praeterquam
517 1714 563 1753 ad
592 1712 756 1754 ludaeos
786 1714 937 1754 habuit?
997 1714 1109 1769 Quod
1136 1716 1167 1755 si
1200 1715 1363 1756 Iudaeos
1390 1717 1608 1771 alloqueba-

85 1788 168 1831 tur,
202 1781 276 1821 iam
302 1795 368 1821 eos
394 1781 495 1821 intus
522 1782 641 1822 fuisse
668 1782 977 1834 demonstrabat,
1011 1790 1048 1823 et
1072 1798 1092 1822 a
1114 1783 1301 1824 iustorum
1327 1785 1523 1825 consortio
1546 1800 1607 1826 se-

84 1856 279 1903 gregatos.
340 1848 394 1888 At
417 1863 511 1889 vero
534 1849 686 1904 quinam
708 1849 732 1889 ii
760 1857 872 1901 sunt,
915 1851 987 1890 nisi
1011 1851 1205 1902 Abraam,
1247 1850 1381 1904 Isaac,
1425 1851 1539 1893 Iacob
1569 1861 1607 1894 et

84 1916 319 1971 prophetae?
376 1915 466 1957 Non
495 1918 594 1957 enim
623 1916 697 1956 ait:
735 1919 1049 1958 l’itlebe'tzsz'nstos
1069 1923 1272 1968 intrantes,
1307 1936 1369 1975 vos
1392 1929 1511 1960 autem
1534 1937 1606 1961 non

84 1988 286 2032 intr-antes,
332 1985 422 2034 sed,
469 1989 489 2023 Ι
494 1986 644 2024 ἳιίεὐῖίῑὶς
676 1988 791 2024 iustos
823 1989 860 2026 in
888 2002 1025 2038 regno,
1072 2003 1134 2027 vos
1164 1997 1284 2028 antem
1312 1992 1458 2028 eiectos.
1528 1989 1604 2031 Ubi

84 2053 181 2107 quod
206 2052 350 2092 eiectos
376 2052 487 2104 dicit,
528 2053 634 2107 quasi
655 2054 820 2093 futurum
843 2054 1063 2107 denuntiat,
1103 2056 1224 2097 iustos
1248 2071 1342 2097 vero
1365 2057 1439 2097 iam
1464 2057 1602 2098 ibidem

82 2121 231 2161 versari
264 2120 475 2175 significat,
522 2121 582 2175 qui
615 2134 739 2175 neque
771 2135 886 2162 carne
916 2137 1038 2178 neque
1073 2125 1272 2165 vocatione
1303 2125 1349 2165 ab
1381 2124 1455 2165 illis
1489 2126 1604 2166 alieni

83 2196 195 2240 sunt,
237 2190 304 2229 sed
330 2189 584 2229 communiter
607 2189 731 2229 vocati
757 2196 844 2230 ante
869 2188 1014 2232 Christi
1037 2193 1242 2232 salvatoris
1265 2193 1467 2233 adventum
1494 2192 1603 2234 iusti-

83 2257 172 2297 tiam
206 2257 330 2312 adepti
361 2264 464 2297 sunt.
527 2255 604 2297 Sed
634 2257 686 2297 illi
718 2257 810 2298 foris
835 2266 989 2299 manent
1013 2259 1182 2311 scilicet,
1227 2261 1312 2300 dum
1337 2261 1441 2302 intus
1469 2275 1602 2302 eorum

81 2332 210 2380 patres
237 2325 422 2365 resident.
486 2322 596 2383 Quod
626 2324 698 2365 nisi
724 2326 850 2366 futura
875 2340 1077 2382 corporum
1104 2335 1162 2368 est
1185 2327 1442 2379 resurrectio,
1482 2330 1601 2370 unde-

82 2408 168 2434 nam
194 2394 361 2434 dcntium
392 2393 456 2433 ille
481 2393 624 2433 stridor
652 2391 691 2432 in
718 2392 855 2434 iudicio
887 2409 973 2438 esse
1002 2403 1150 2451 potest,
1184 2396 1296 2436 homo
1327 2397 1595 2438 stolidissime!

195 2461 328 2503 Schol.
355 2460 466 2501 XLI.
509 2459 605 2500 Illud
627 2460 716 2500 item
737 2462 910 2503 sustulit:
948 2467 1099 2503 Venient
1116 2466 1162 2503 ab
1183 2468 1322 2504 oriente
1339 2473 1377 2504 et
1395 2469 1592 2515 occzdente,
1617 2480 1689 2508 lbid.
1706 2482 1747 2509 29.

81 2538 120 2569 et
138 2532 351 2569 recumbent
370 2533 407 2568 in
429 2543 564 2580 regne,
611 2535 687 2568 tum
711 2528 824 2570 illud:
855 2533 983 2571 Erunt
1000 2535 1189 2572 novissimi
1204 2536 1340 2584 primi,
1374 2533 1486 2574 item:
1519 2538 1598 2574 Ae-

82 2607 274 2638 cesserant
299 2600 497 2637 Pharisaei
524 2599 705 2644 dieentes,
750 2600 832 2638 Exi
855 2607 893 2637 et
921 2602 1020 2648 vale,
1065 2604 1233 2652 qnoniam
1264 2604 1427 2641 Herodes
1456 2604 1537 2641 vult
1564 2611 1598 2642 te

82 2668 303 2719 enterfieere.
365 2663 452 2705 Nec
478 2678 553 2704 non
581 2671 618 2704 et
640 2664 762 2705 istud:
804 2668 992 2707 Abeuntes
1014 2670 1124 2707 dieite
1146 2671 1248 2720 υιιῐμί
1266 2671 1372 2716 huic,
1408 2684 1527 2724 usque
1550 2672 1595 2712 ad

126 2766 156 2800 6.
180 2768 236 2802 καὶ
257 2765 347 2810 ὑμᾶς
367 2765 412 2809 μὴ
435 2764 675 2809 εἰςερχομένους
697 2768 814 2800 deside·
903 2770 933 2803 ὅ.
959 2770 988 2803 οἱ
1012 2769 1187 2812 Φαρισαῖοι
1210 2774 1292 2802 extat
1314 2781 1419 2811 supra.

81 2817 168 2845 ratur
191 2816 223 2846 in
248 2815 319 2845 edit.
336 2814 435 2852 princ.
482 2813 531 2843 Eo:
555 2813 619 2843 cod.
640 2813 733 2844 Vatic.
757 2814 814 2845 ad·
903 2814 934 2848 9.
959 2817 1064 2855 Supra
1087 2813 1142 2854 τὸ,
1168 2811 1275 2857 „Et-ce,
1299 2816 1525 2860 Πορευθέντες
1548 2818 1593 2852 εἴ-

81 2860 148 2890 iecit
171 2868 207 2890 ea
229 2860 321 2890 verba
340 2859 494 2889 petavius.
859 2872 942 2894 πατε
964 2865 1028 2892 cett.

126 2902 156 2935 Τ.
182 2905 347 2936 Cor-narius
376 2905 480 2934 vertit:
519 2901 620 2933 futuri
652 2902 814 2945 significa-
907 2906 956 2938 10,
982 2901 1056 2940 ὅτου
1080 2915 1175 2945 supra
1198 2907 1316 2947 leyitur.

83 2947 171 2979 tione
195 2947 429 2991 pronuntIavit.
