2034 3267
191 552 256 580 pag.
277 543 333 569 104.

173 668 260 711 Κεφ.
285 664 326 710 γ’.

164 2493 250 2537 Κεφ.
298 2491 304 2499 ’

354 179 433 217 206
909 179 991 210 SAN
998 179 1067 210 CT1
1091 179 1312 210 EP1PHAN11

354 264 397 303 ἐκ
418 265 486 313 τῆς
509 257 628 308 αὐτῆς
650 258 867 307 περιφορᾶς
888 255 979 304 εἰσι,
1007 255 1074 294 καὶ
1098 251 1244 305 ὁμοίως
1263 253 1362 294 κατά
1380 255 1450 307 τὴν
1471 261 1541 297 τοῦ
1559 255 1686 309 Ἰησοῦ
1710 256 1866 298 πάντων

351 324 643 379 καταφρόνησιν
678 319 954 373 ποιησάμεναι·
994 321 1058 360 καὶ
1093 322 1137 360 αἱ
1168 324 1309 370 πᾶσαι,
1347 323 1463 372 φασὶ,
1497 325 1620 376 ψυχαὶ
1649 329 1718 376 τῆς
1746 321 1867 377 αὐτῆς

352 392 551 444 δυνάμεως
573 388 800 442 ἠξιώθησαν
823 382 870 440 ἧς
891 388 956 428 καὶ
979 392 1048 428 τοῦ
1067 385 1200 439 Ἰησοῦ
1221 384 1390 438 ἠξίωται.
1448 388 1520 429 Aa}
1541 392 1607 431 καὶ
1630 390 1750 432 ταῦτά
1770 405 1866 442 φασι

350 465 484 512 χωρεῖν
511 455 576 497 διά
605 455 732 508 πάσης
761 454 953 508 πράξεως,
983 453 1165 507 καθάπερ
1197 452 1325 506 άμέλει
1349 454 1415 494 καὶ
1444 453 1471 506 ’ἦ
1490 461 1558 496 τοῦ
1580 455 1712 510 Ἰησοῦ
1745 456 1866 510 διελή-

352 532 485 566 λυθεν.
544 525 599 563 Εἰ
621 523 662 564 δὲ
682 525 748 564 καί
771 540 828 570 τις
849 521 965 562 πάλιν
989 524 1180 574 δυνηθείη
1209 519 1307 575 ὑπὲρ
1341 520 1407 562 τόν
1437 519 1593 573 Ἰησοῦν
1623 529 1866 581 καταφρονῆ-

350 607 434 642 σαι,
466 589 755 645 διαφορώτερος
784 591 888 630 ἔσται
917 587 1051 629 αὐτοῦ.

458 656 714 711 Ἐπιχειροῦσι
738 657 779 698 δὲ
805 659 845 698 οἰ
866 661 935 709 τῆς
963 654 1153 708 άθεμίτου
1176 654 1318 707 ταύτης
1346 659 1480 708 σχολῆς
1509 658 1695 705 παντοίας
1728 660 1863 712 ἐπιχει-

349 725 479 780 ρήσεις
506 728 645 766 δεινῶν
670 726 793 779 ἔργων
820 725 887 764 καὶ
909 721 1123 777 ὄλετηρίων.
1189 725 1376 776 ιΜαγεία
1404 721 1476 776 γάρ
1507 720 1596 775 παρ’
1625 721 1757 772 αὐτοῖς
1785 728 1863 767 ἐπι-

348 792 546 846 νενόηται,
576 791 728 849 ἐπφδάς
753 808 792 832 τε
814 790 1033 844 διαφόρους
1060 788 1160 844 πρὸς
1182 795 1311 830 πᾶσαν
1336 788 1506 842 μηχανήν
1528 789 1748 844 ἐφηύραντο
1767 792 1866 846 πρὸς

349 864 489 914 φίλτρα
512 861 577 900 καὶ
601 858 819 914 ἳάγώγιμα.
884 856 942 899 Οὐ
965 857 1041 910 μὴν
1065 858 1106 898 δὲ
1131 855 1222 898 ἄλλα
1244 858 1311 898 καὶ
1333 858 1552 911 παρέδρους
1575 859 1760 910 δαίμονας
1779 859 1864 900 ἐαυ-

348 934 430 976 τοῖς
466 929 722 976 ἐπισπῶνται,
762 928 815 974 εἰς
848 924 890 966 τὸ
923 923 988 966 διά
1021 929 1163 976 πολλῆς
1197 926 1426 978 μαγγανείας
1458 926 1499 965 ἐν
1535 925 1689 981 ἐξουσίᾳ
1724 925 1866 984 μεγάλῃ

347 995 525 1045 πάντων,
561 999 576 1023 3
591 995 710 1046 φασὶ,
740 992 935 1047 κυριεύειν
958 987 1012 1033 ὧν
1035 1008 1074 1032 τε
1095 991 1143 1032 ἂν
1164 993 1293 1033 ἐθέλοι
1316 992 1475 1039 ἕκαστος
1498 993 1562 1032 καὶ
1587 987 1610 1049 ᾗ
1629 991 1765 1046 πράξει
1784 995 1865 1034 ἐπι-

346 1068 484 1117 χειρεῖν
500 1061 696 1114 τολμήσειε
715 1063 839 1113 δῆθεν
858 1058 1019 1107 ἓαυτοῦς
1039 1061 1300 1108 ἐξαπατῶντες
1318 1057 1416 1112 πρὸς
1432 1061 1701 1113 πληροφορίαν
1720 1064 1789 1113 τῆς
1807 1076 1864 1101 τε-

347 1130 600 1181 τυφλωμένης
623 1126 752 1169 αὐτῶν
776 1130 969 1177 διανοίας,
1000 1126 1059 1168 ὅτι
1083 1129 1127 1167 αἱ
1144 1131 1320 1167 τοιαῦται
1343 1125 1570 1180 ἐγχειρήσεις
1590 1126 1864 1180 κατισχύσασαι

347 1196 411 1238 διά
446 1201 524 1237 τῶν
559 1194 755 1237 τοσούτων
790 1194 987 1248 πράξεων,
1025 1195 1092 1235 καὶ
1129 1191 1473 1247 καταφρονήσασαι
1506 1197 1582 1234 τῶν
1615 1199 1865 1246 κοσμοποιῶν

345 1263 551 1319 Ἀγγέλων,
581 1264 647 1303 καὶ
671 1267 748 1302 τῶν
772 1264 810 1303 ἐν
832 1267 883 1318 τῷ
907 1261 1039 1318 κόσμῳ
1065 1259 1347 1314 ὑπερβαίνουσι
1374 1258 1442 1312 τὴν
1473 1264 1550 1301 τῶν
1579 1258 1706 1302 αὐτῶν
1736 1269 1862 1314 μυθο-

347 1336 470 1373 ποιῶν
499 1329 561 1382 (οὐ
592 1329 664 1384 γάρ
697 1328 745 1369 ἂν
775 1332 924 1381 εἴποιμι
953 1332 1216 1380 κοσμοποιῶν)
1247 1328 1441 1377 ἐξουσίαν,
1473 1326 1581 1376 ὅπως
1605 1327 1654 1369 ἂν
1680 1326 1750 1380 τήν
1781 1328 1861 1370 ἅνω

346 1400 570 1451 ἐλευθερίαν
594 1395 864 1446 ἀσπάσωνται,
894 1397 960 1436 καὶ
978 1393 1048 1447 τὴν
1071 1393 1150 1435 ἅνω
1172 1398 1311 1446 πτῆσιν
1334 1393 1581 1446 4κτήσαιντο.
1640 1396 1733 1436 Εἰσὶ
1755 1396 1796 1436 δὲ
1820 1398 1862 1438 ἐκ

344 1470 414 1506 τοῦ
436 1469 592 1505 Σατανᾶ
616 1463 966 1517 παρεσκευασμένοι
992 1463 1057 1503 καὶ
1081 1462 1385 1515 προβεβλημένοι
1413 1464 1466 1509 εἰς
1486 1461 1637 1511 ὄνειδος
1661 1464 1728 1503 καὶ
1749 1461 1862 1504 σκάν-

344 1535 460 1574 δαλον
487 1536 555 1584 τῆς
578 1536 649 1573 τοῦ
671 1535 772 1572 θεοῦ
803 1532 1013 1582 ἐκκλησίας.
1068 1527 1277 1570 Ἐπέθεντο
1303 1527 1374 1583 γάρ
1405 1530 1554 1577 ἑαυτοῖς
1581 1531 1737 1583 ἐπίκλην
1765 1534 1860 1583 Χρι·

343 1601 513 1649 στιανοὶ,
545 1598 645 1652 πρός
673 1598 714 1640 τὸ
748 1600 1064 1647 σκανδαλίζεσθαι
1087 1595 1134 1637 τά
1162 1598 1262 1648 ἔθνη
1296 1594 1344 1637 δι’
1369 1595 1496 1637 αὐτῶν
1524 1598 1590 1638 καὶ
1622 1596 1858 1652 άποστρέφε-

343 1675 438 1708 σθαι
465 1665 532 1719 τήν
555 1671 623 1719 τῆς
647 1664 757 1721 ἁγίας
783 1670 852 1707 τοῦ
876 1670 977 1706 θεοῦ
999 1667 1200 1716 ἐκκλησίας
1220 1662 1407 1714 ὠφέλειαν
1426 1665 1492 1705 καὶ
1514 1663 1555 1705 τό
1579 1663 1769 1717 άληθινόν
1790 1663 1858 1717 κή-

343 1752 470 1789 ρυγμα
500 1733 566 1775 διά
598 1738 667 1786 τῆς
698 1735 856 1774 ἐκείνων
889 1731 1191 1786 άθεμιτουργίας
1221 1732 1287 1772 καὶ
1320 1729 1543 1772 άνεικάστου
1575 1734 1857 1786 κακοπραγίας,

343 1804 396 1850 εἰς
417 1800 458 1843 τό
485 1800 531 1842 τά
557 1803 654 1853 ἔθνη
681 1805 944 1841 κατανοοῦντα
966 1797 1095 1839 αὐτῶν
1118 1798 1165 1840 τά
1193 1798 1380 1851 ἐπάλληλα
1408 1800 1499 1852 ἔργα
1524 1803 1602 1839 τῶν
1625 1797 1857 1853 άθεμιτουρ-

343 1874 458 1925 γιῶν,
490 1871 700 1920 νομίσαντα
721 1869 787 1908 καὶ
809 1867 900 1915 τούς
921 1871 990 1919 τῆς
1009 1865 1119 1921 άγίας
1141 1872 1211 1908 τοῦ
1237 1871 1335 1907 θεοῦ
1359 1868 1558 1918 ἐκκλησίας
1579 1865 1780 1914 τοιούτους
1806 1864 1854 1907 εἶ-

340 1955 425 1987 ναι,
457 1935 733 1989 άποστρέφειν,
773 1933 826 1983 ὥς
858 1935 921 1975 καὶ
945 1940 1156 1988 προεῖπον,
1196 1933 1266 1987 τήν
1296 1932 1416 1986 άκοήν
1448 1931 1523 1974 eiad
1559 1938 1628 1986 τῆς
1656 1938 1726 1974 τοῦ
1755 1938 1857 1975 θεοῦ

340 2003 440 2046 κατά
472 2001 657 2056 άλήθειαν
690 2004 954 2051 διδασκαλίας,
994 2000 1020 2054 η’
1052 2003 1119 2042 καὶ
1155 2000 1328 2055 ὁρῶντας
1358 2018 1461 2049 τινας
1494 2000 1678 2048 5πάντας
1711 1998 1856 2053 ὁμοίως

341 2076 592 2127 βλασφημεῖν.
652 2071 732 2110 Καὶ
756 2068 896 2110 τούτου
923 2070 1035 2110 ἕνεκα
1066 2071 1106 2110 οῖ
1134 2072 1289 2117 πλείους
1318 2073 1395 2109 τῶν
1425 2070 1553 2109 ἐθνῶν
1578 2072 1595 2094 ⁶
1613 2067 1714 2109 ὅπου
1744 2066 1776 2123 γ’
1806 2067 1856 2109 ὂίν

340 2142 454 2180 ἰ’δωσι
482 2137 701 2188 τοιούτους,
742 2135 829 2177 οὕτε
860 2137 922 2177 ἐπὶ
951 2139 1134 2192 κοινωνία
1170 2135 1262 2189 ἡμῖν
1289 2136 1572 2190 προςφέρονται
1600 2137 1853 2187 ληψοδοσίας,

340 2205 366 2259 ἢ
389 2205 563 2260 γνώμης,
593 2203 620 2245 ’ἢ
642 2203 763 2256 ἀκοῆς
786 2203 902 2258 λόγου
925 2207 1059 2253 θείου,
1091 2203 1176 2245 οὔτε
1204 2202 1274 2256 τήν
1297 2202 1420 2256 άκοήν
1448 2202 1684 2254 ἐντιθέασιν,
1715 2203 1852 2257 ἐπτυρ-

341 2275 451 2326 μένοι
480 2271 558 2314 άπὸ
588 2277 658 2325 τῆς
686 2276 762 2313 τῶν
792 2270 991 2324 ἀθεμίτων
1020 2269 1301 2326 ἀνοσιουργίας.

453 2477 546 2517 Εἰσὶ
578 2476 618 2518 δὲ
641 2477 682 2517 ἐν
710 2474 854 2531 άσωτίᾳ
885 2476 1142 2522 διατελοῦντες
1167 2469 1295 2525 οὗτοι,
1334 2475 1401 2515 καὶ
1428 2477 1507 2514 πᾶν
1538 2470 1670 2513 ὁτιοῦν
1699 2470 1850 2525 ἐργαζό-

342 2560 450 2597 μενοι
472 2542 570 2598 πρὸς
594 2542 808 2585 εὐπάθειαν
828 2541 1036 2594 σωμάτων,
1067 2539 1160 2594 ἡμῖν
1183 2543 1224 2583 δὲ
1253 2542 1352 2590 ὅλως
1384 2539 1455 2583 οὐκ
1485 2542 1710 2595 ἐγγίζοντες,
1742 2540 1776 2578 εἰ
1796 2537 1850 2591 μή

341 2629 376 2652 τι
404 2610 478 2665 ἄρα
505 2611 604 2665 πρὸς
628 2610 669 2653 vd
697 2609 867 2652 δελεάσαι
899 2607 1029 2661 ψυχάς
1059 2607 1310 2661 οἷστηρίκτους
1344 2611 1384 2650 ἐν
1414 2613 1461 2666 τῇ
1491 2606 1616 2649 αὐτῶν
1642 2608 1850 2646 κακοδιδα-

340 2681 486 2735 σκαλίᾳ.
546 2681 620 2727 Εἰς
640 2677 752 2720 οὐδὲν
775 2676 847 2732 γάρ
872 2674 966 2729 ἡμῖν
989 2674 1234 2727 ὁμοιοῦνται·
1265 2676 1291 2730 ἢ
1320 2675 1440 2729 μόνον
1464 2673 1623 2726 ὀνόματι
1646 2678 1850 2714 καλεῖσθαι

341 2745 610 2798 σεμνύνονται,
641 2747 750 2794 ὅπως
775 2744 840 2787 διὰ
862 2748 931 2785 τοῦ
956 2741 1146 2795 ὀνόματος
1175 2750 1245 2784 τοῦ
1268 2743 1502 2785 ἐπιπλάστου
1531 2740 1577 2782 τά
1606 2743 1674 2793 τῆς
1701 2741 1849 2781 ἑαυτῶν

183 2835 248 2863 pag.
268 2826 326 2854 105.
344 2816 481 2861 κακίας
503 2813 747 2868 ἐργάσωνται.
811 2811 862 2854 Τὸ
887 2811 928 2852 δὲ
948 2813 1065 2865 κρίμα
1095 2810 1243 2852 τούτων
1273 2809 1371 2852 κατά
1395 2809 1438 2851 τὸ
1463 2808 1726 2864 γεγραμμένον
1750 2808 1848 2848 ἔνδι-

387 2927 462 2958 cn.
486 2929 540 2958 ΙΙΙ.
565 2945 606 2951 -
657 2929 684 2959 1.
709 2927 849 2969 ,uzi-(am,
874 2927 920 2958 ed.
941 2927 1039 2965 princ.
1119 2927 1159 2957 ad
1183 2928 1347 2957 Arnobium
1372 2927 1421 2956 lib.
1443 2926 1487 2962 1.,
1508 2933 1541 2962 p.
1563 2919 1615 2954 42.

383 2973 416 3005 2².
445 2974 492 3012 Cf.
517 2974 553 3004 de
576 2974 630 3005 hoc
650 2974 798 3004 vocabulo
819 2972 921 3004 Desid.
945 2971 1070 3002 Herald.
1161 2971 1192 3004 ὃ.
1216 2981 1301 3013 φησι
1323 2971 1389 3002 cod.
1408 2969 1535 3008 Rhediy.
