2034 3267
477 194 654 226 PANARH
678 194 760 226 [ΑΒ.
780 197 805 227 J.
827 196 933 228 ToM.
954 197 994 228 11.
1019 196 1148 228 HAER.
1171 196 1318 228 xxxn.
1579 191 1656 229 393

133 290 196 317 res
220 275 379 326 habeat,
422 274 461 314 in
486 274 618 315 eodem
646 289 780 316 omnes
805 275 1026 316 consuendo
1052 276 1227 330 dogmate
1255 284 1474 318 versantur.
1534 276 1658 333 Inpri-

134 344 204 385 mis
225 342 446 398 Epiphanes
470 342 560 382 illud
584 357 669 382 cum
695 350 823 397 patre,
858 344 1067 397 eodemque
1092 343 1264 384 haeresis
1289 345 1488 387 conditore
1511 343 1658 401 Carpo-

133 419 236 452 crate
262 411 456 460 decrevit,
489 411 726 466 promiscuas
754 424 840 451 esse
866 410 1050 464 coniuges
1076 419 1280 465 oportere3
1320 413 1456 467 partim
1483 415 1582 468 quod
1607 415 1658 455 ita

132 478 242 520 Plato
268 479 305 518 in
332 478 438 519 libris
464 480 509 518 de
532 478 744 534 Republica
768 478 991 527 statuisset,
1026 480 1162 532 partim
1190 487 1226 519 ut
1254 481 1440 534 privatam
1465 481 1657 522 libidinem

132 547 321 602 expleret.
384 544 462 588 Sed
487 547 574 586 inde
596 546 808 600 disputandi
834 545 981 585 initium
1006 546 1110 585 facit.
1164 546 1258 586 Tria
1286 549 1545 590 eunuchorum
1570 564 1656 591 esse

131 629 297 670 genera,
343 615 440 668 quod
473 629 494 655 a
525 615 718 654 salvatore
748 613 888 653 dictum
918 614 1119 666 evangelia
1147 628 1257 654 saera
1285 622 1488 657 testantur.
1552 617 1651 658 Nam
1673 628 1783 655 ustauh.

131 683 225 723 alios
250 697 337 723 esse
363 683 424 736 qui
452 682 498 722 ab
524 681 739 722 hominibus
766 679 913 720 exsecti
941 687 1053 731 sunt,
1096 681 1191 721 alios
1220 682 1271 721 ita
1301 697 1322 722 a
1347 691 1484 724 natura
1513 686 1650 736 factos,

131 750 226 791 alios
258 751 321 805 qui
352 750 531 791 coelestis
563 749 670 802 regni
696 748 821 802 gratia
847 755 983 803 sponte
1012 762 1100 789 sese
1128 756 1361 790 castrarunt.
1424 750 1500 805 Qui
1525 753 1655 807 igitur,

131 819 260 869 aiunt,
307 819 402 858 tales
427 818 660 858 necessitate
683 823 771 856 sunt
799 816 911 865 facti,
950 830 1025 855 non
1052 815 1088 855 id
1116 824 1222 858 cerlo
1248 818 1410 858 consilio
1439 833 1482 859 ae
1506 821 1655 861 ratione

131 894 406 941 susceperunt:
446 886 508 940 qui
538 898 581 925 se
609 898 704 925 vero
732 890 887 938 propter
912 884 1082 924 coeleste
1108 899 1270 939 regnum
1296 893 1586 936 castraverunt,
1619 889 1654 928 id

132 956 177 996 ad
199 955 443 995 declinandas
464 952 630 1005 coniugii
654 951 851 991 molestias
874 958 1049 1005 egerunt,
1080 954 1179 1006 quod
1201 953 1290 993 illud
1314 955 1578 1008 procurandae
1601 957 1657 996 rei

132 1022 331 1063 familiaris
356 1035 451 1061 onus
482 1035 525 1060 ac
550 1019 843 1059 sollicitudinem
877 1020 1071 1060 timerent.
1133 1023 1270 1060 Melius
1300 1030 1356 1060 est
1382 1024 1520 1062 nubere
1549 1038 1655 1075 quam

131 1094 204 1130 uri.
251 1088 419 1130 Proinde
442 1102 536 1128 cave
558 1087 721 1128 animam
743 1095 844 1127 tuam
866 1087 904 1127 in
925 1088 1050 1141 ignem
1072 1088 1257 1129 immittas
1280 1089 1354 1142 (sic
1375 1090 1474 1130 enim
1497 1090 1544 1130 ab
1567 1105 1658 1145 apo-

131 1158 230 1198 stolo
254 1164 496 1212 praeceptum
522 1169 608 1196 esse
634 1155 804 1207 dicunt),
838 1156 923 1195 dum
948 1164 1081 1196 noctes
1106 1156 1263 1211 diesque
1287 1158 1463 1208 resistis,
1497 1172 1541 1198 ae
1566 1173 1613 1199 ne
1638 1174 1657 1199 a

131 1226 305 1266 castitate
333 1224 492 1264 excidas
520 1223 775 1278 pertimescis.
837 1221 1037 1277 Siquidem
1061 1223 1210 1265 animus
1235 1232 1389 1276 noster,
1425 1227 1511 1266 dum
1535 1227 1573 1267 in
1597 1241 1657 1267 re—

130 1293 332 1349 pugnando
359 1292 658 1346 obsistendoque
685 1298 786 1331 tolus
817 1298 875 1331 est
902 1305 923 1331 a
949 1305 1014 1347 spe
1041 1306 1108 1332 sua
1137 1292 1364 1347 dissipatus,
1407 1294 1655 1336 abstrahitur.

129 1364 316 1401 Patienter
337 1364 457 1412 igitur
480 1361 566 1407 tibi,
603 1368 643 1398 ut
661 1362 777 1412 paulo
801 1368 887 1399 ante
911 1362 1138 1400 cohortando
1161 1364 1288 1401 monui
1306 1361 1421 1413 (haec
1446 1361 1483 1402 in
1508 1361 1657 1403 Ethicis

128 1427 269 1469 Isidori
297 1429 412 1469 verba
439 1430 546 1480 sunt)
561 1460 570 1478 ‚
604 1431 829 1467 contumacis
854 1432 986 1467 umoris
1011 1444 1130 1468 mores
1152 1433 1362 1469 sustinendi
1382 1439 1490 1478 sunt,
1534 1446 1579 1470 ne
1600 1434 1662 1471 dei

123 1502 288 1551 gratiam
318 1501 488 1537 amittas:
534 1512 686 1549 cumque
717 1512 788 1535 una
820 1511 899 1535 cum
929 1500 1064 1536 semine
1088 1498 1251 1537 libidinis
1267 1501 1463 1551 flammam
1488 1502 1653 1547 eiecerz's‚

129 1575 202 1606 tum
225 1575 259 1605 te
279 1569 413 1618 optima
424 1567 555 1617 fretus
576 1568 798 1604 conscientia
820 1568 870 1603 cul
889 1568 1067 1604 orandum
1090 1576 1272 1606 converte.
1336 1570 1411 1606 Sed
1431 1582 1511 1606 cum
1536 1571 1573 1607 in
1589 1584 1657 1621 po-

126 1637 360 1674 stulationem
377 1637 589 1685 gratiarum
615 1637 711 1671 actio
735 1641 797 1671 tua
820 1635 969 1684 delapsa
979 1635 1125 1685 ficeret,
1160 1649 1204 1673 ac
1223 1637 1392 1686 deinceps
1413 1643 1514 1675 stare
1533 1651 1657 1689 coepe—

127 1706 204 1750 ris,
250 1717 365 1755 neque
395 1705 434 1740 id
463 1710 582 1741 tamen
609 1703 812 1740 obtinueris
839 1709 881 1739 ut
905 1702 984 1739 labi
998 1716 1158 1753 prorsus
1183 1717 1227 1741 ae
1253 1704 1413 1742 titubare
1439 1707 1585 1743 desinas
1611 1709 1660 1744 acl

126 1773 274 1822 nuptias
298 1772 502 1823 cotffugito.
565 1767 700 1822 Pergit
727 1769 884 1808 deinde:
931 1771 1007 1808 Sed
1029 1773 1169 1809 iewenis
1192 1778 1261 1809 aut
1274 1785 1420 1822 pauper
1445 1780 1500 1810 est
1520 1776 1657 1825 aliquis

128 1846 196 1877 aut
211 1840 432 1890 proclivior,
466 1840 534 1876 lzoe
557 1845 612 1876 est
634 1838 850 1884 imbecillus,
884 1852 1000 1889 neque
1024 1853 1072 1876 ex·
1090 1841 1291 1889 apostolico
1307 1848 1505 1891 praecepto
1524 1844 1658 1880 [lucere

126 1911 164 1945 ei
189 1908 279 1946 libet
306 1921 481 1953 uxorem,
527 1908 586 1944 hic
611 1919 633 1943 a
657 1906 781 1956 fratre
807 1908 951 1944 umetme
975 1908 1152 1944 discedat.
1215 1905 1315 1946 Tum
1347 1909 1656 1949 execrandorum

127 1974 357 2028 flagitiorum
385 1973 628 2028 excogitatas
656 1973 826 2013 rationes
853 1973 1020 2013 afferens
1051 1973 1167 2013 miras
1195 1973 1332 2014 infelix
1359 1977 1578 2030 tragoedias
1605 1979 1657 2017 fa-

128 2043 192 2082 cit.
248 2046 371 2089 Dicat,
406 2041 543 2095 inquit,
575 2044 774 2092 Ingressus
791 2055 869 2079 sum
893 2045 930 2081 in
952 2050 1094 2089 sancta,
1125 2046 1210 2094 pati
1227 2045 1497 2094 nilzilpossum.
1556 2048 1661 2095 Quod

125 2114 162 2149 si
181 2113 360 2162 cogitatio
381 2125 460 2148 eum
484 2112 610 2161 aliqua
632 2110 779 2156 subeat,
814 2112 926 2157 (licat,
961 2112 1110 2157 Frater,
1145 2113 1287 2163 impone
1308 2113 1401 2149 milei
1416 2126 1577 2160 manum,
1612 2129 1657 2152 ne

119 2193 289 2230 peccem‚·
333 2186 371 2217 et
397 2179 587 2231 confestim
612 2185 843 2228 praesentem
873 2193 953 2216 cum
985 2181 1021 2217 in
1046 2192 1200 2229 corpore
1225 2181 1324 2229 ipso,
1372 2186 1445 2218 tum
1479 2183 1516 2219 in
1540 2189 1656 2220 mente.

126 2261 225 2298 opem
249 2249 476 2298 eoeperietur.
543 2247 638 2284 l'elit
657 2248 760 2284 modo
784 2249 881 2298 quod
898 2248 1087 2285 honestam
1108 2255 1167 2285 est
1177 2248 1376 2298 perficere,
1410 2255 1447 2286 et
1467 2252 1544 2286 voti
1561 2263 1656 2288 com-

120 2329 190 2366 pos
213 2317 361 2353 existet.
410 2313 506 2354 Post
528 2314 622 2353 haec
644 2313 695 2353 ila
714 2313 940 2368 loquuntur:
971 2317 1243 2367 Nonnunquam
1268 2329 1331 2353 ore
1353 2323 1457 2354 tenus
1477 2319 1653 2356 decimus:

125 2385 284 2421 Peccare
304 2385 494 2430 nolumus,
528 2384 594 2420 sed
614 2385 758 2420 animus
781 2385 817 2421 in
838 2390 992 2434 peecata
1011 2386 1226 2435 propendet.
1292 2386 1366 2433 Qui
1383 2387 1565 2423 eiusmodi
1583 2393 1651 2433 est,

127 2453 225 2503 quod
247 2452 328 2489 vult
339 2458 496 2502 propter
518 2457 648 2488 metum
671 2464 742 2488 non
756 2452 871 2502 facit,
905 2466 950 2490 ne
972 2454 1010 2489 ei
1024 2466 1143 2503 poena
1163 2454 1424 2490 constituatur.
1467 2456 1526 2491 At
1541 2455 1655 2492 homi-

124 2533 208 2557 num
224 2521 360 2570 generi
375 2521 585 2557 necessaria
606 2521 781 2570 quaedam
799 2526 886 2558 sunt
904 2534 947 2558 ac
965 2522 1155 2558 naturalia
1176 2522 1372 2559 (lunula-at.
1430 2523 1526 2560 Nam
1548 2526 1654 2561 uesti-

126 2588 191 2626 bus
209 2590 268 2626 uti
279 2589 451 2625 naturale
468 2588 581 2625 simul
597 2600 641 2624 ac
657 2591 901 2626 necessarium
919 2596 995 2635 est;
1022 2591 1207 2627 naturalis
1226 2595 1284 2626 est
1299 2602 1452 2627 venerea
1470 2592 1650 2642 voluptas.

233 2653 341 2694 Haec
366 2655 516 2694 illorum
541 2654 578 2693 in
606 2653 769 2693 medium
794 2655 933 2696 afferre
958 2656 1076 2696 verba
1102 2670 1182 2696 sum
1210 2663 1388 2705 coactus,
1434 2664 1474 2696 ut
1496 2671 1563 2697 eos
1590 2671 1650 2697 re-

167 2743 197 2777 6.
222 2743 275 2778 ἐπὶ
299 2746 387 2776 habel
413 2747 557 2777 Clemens.
907 2742 1115 2790 Ἀναγκαίως
1137 2745 1174 2781 δὲ
1198 2744 1323 2784 ταύτας
1346 2746 1540 2789 παρεὲέμην
1561 2752 1625 2780 cett.

166 2789 196 2822 7.
219 2801 250 2822 τι
272 2787 448 2832 ἀναγκαῖον
472 2792 601 2829 correxi,
626 2799 696 2821 cum
716 2791 785 2821 libri
805 2791 860 2821 ha·
953 2792 1029 2825 cip.
1045 2794 1084 2823 V.
1100 2812 1142 2817 —
1166 2794 1192 2824 1.
1212 2791 1356 2835 ἐλέγχων
1378 2794 1425 2823 ed.
1438 2795 1536 2832 princ.
1562 2796 1655 2833 Apud

124 2837 221 2866 herent
242 2833 279 2868 τὸ
304 2832 490 2877 ἀναγκαῖον.
533 2836 668 2866 Clemens
686 2831 859 2877 ἀναγκαῖον
908 2839 1087 2870 Clementem
1115 2840 1189 2869 haec
1217 2839 1261 2868 ita
1289 2847 1319 2868 se
1349 2839 1480 2869 habent:
1516 2836 1654 2876 Ταύτας

122 2881 184 2910 st'ne
207 2882 335 2911 articulo
358 2884 466 2912 tuetur.
904 2883 1096 2925 παρεὲέμην
1127 2880 1187 2917 τὰς
1210 2880 1324 2924 φωνὰς
1351 2881 1398 2920 εἰς
1427 2881 1558 2926 ἔλεγχον
1588 2885 1654 2917 τῶν

165 2924 194 2956 8.
223 2924 280 2957 καὶ
302 2923 338 2958 τὸ
365 2929 455 2966 auget
478 2927 544 2957 cod.
567 2927 658 2956 Varie.
904 2926 950 2971 μή
984 2926 1137 2973 βιούντων
1167 2924 1277 2968 ὀρῧῶς
1300 2926 1570 2966 Βασιλιδιανῶν,
1607 2925 1654 2980 αἱς

164 2966 194 3000 9.
218 2970 264 3000 na
287 2971 467 3010 corri9enda
490 2974 577 3002 erant
605 2971 678 3001 haec
700 2971 792 3001 verba
820 2980 857 3002 ex
903 2969 978 3014 ἤτοι
997 2971 1140 3016 ἐχόντων
1161 2971 1310 3011 ἐξουσίαν
1337 2972 1396 3006 καὶ
1421 2974 1476 3007 τοῦ
1502 2971 1654 3016 ἁμαρτα-

124 3014 279 3046 Clcmente.
305 3016 400 3055 Vulgo
415 3013 546 3048 extoli-<¹2
561 3015 626 3048 τῶν
643 3011 855 3057 ἀφροδισίων.
901 3029 964 3052 νειν
988 3022 1054 3050 cett.

1675 663 1715 694 19,
1735 663 1774 689 12.

1678 1038 1699 1064 l.
1713 1037 1816 1067 Cor-7,
1834 1037 1857 1063 9.

1679 2665 1754 2708 Cap.
1783 2665 1822 2696 V.
