2034 3267
459 161 638 194 PANARH
661 162 743 194 Lm.
760 163 784 193 1.
809 162 989 195 ToM.111.
1014 162 1143 194 HAER.
1161 161 1324 194 XXXIX.
1572 153 1651 192 525

130 239 374 293 procuravit,
422 239 532 293 eique
570 241 648 281 vim
686 255 793 282 snam
831 241 979 282 indidit.
1051 239 1216 281 Proinde
1254 241 1314 281 vis
1346 240 1445 281 illius
1477 239 1651 294 superio-

128 307 183 347 ris
220 307 366 347 semina
400 308 582 361 quaedam
613 310 800 363 aspersit,
846 323 889 349 ac
922 308 1124 349 scintillam
1155 308 1333 359 immisit,
1376 321 1472 362 quae
1502 309 1546 347 ad
1576 307 1651 361 pri—

129 388 229 414 mam
257 375 358 415 illam
386 375 543 416 seminis
572 377 882 431 propagationem
910 376 1298 430 constitutionemque
1330 376 1436 431 lapsa
1466 376 1511 416 de
1542 375 1651 416 coelo

128 443 270 482 fuerat.
342 440 465 495 Quam
500 444 648 497 quidem
683 444 851 484 iustitiae
884 443 1195 483 constitutionem
1229 458 1272 483 ac
1305 443 1462 484 seminis
1495 443 1652 483 electio-

127 522 212 550 nem
241 509 361 550 fuisse
387 510 553 561 iactant,
596 526 669 565 quo
694 511 889 564 utriusque
913 511 1100 550 beneficio
1122 511 1345 563 angelorum
1372 511 1476 551 vires
1499 517 1651 551 everte-

125 584 281 628 rentur,
316 578 376 631 qui
401 586 438 618 et
463 580 638 619 mundum
662 579 968 628 fabricaverant,
1002 585 1041 617 et
1063 579 1157 617 duos
1182 578 1354 618 homines
1379 578 1487 618 initio
1512 579 1650 632 produ-

124 652 279 685 xerant.
343 644 450 699 Quas
481 646 527 686 ob
553 660 710 687 caussas
735 644 843 687 Setlii
870 659 992 699 genus
1016 645 1221 699 separatim
1249 645 1293 685 ab
1321 646 1384 685 illa
1409 645 1557 699 origine
1584 647 1649 686 de-

125 713 277 753 ductum
301 721 381 765 est,
415 722 546 769 utpote
569 715 729 754 electum
755 720 793 753 et
815 713 860 754 ab
884 713 1028 766 reliqua
1051 713 1169 767 stirpe
1190 714 1419 753 seiunctum.
1481 711 1649 767 Progre-

125 780 315 822 dientibus
344 782 523 837 deinceps
555 781 810 836 temporibus,
855 787 894 820 et
919 787 1080 834 utraque
1105 780 1237 821 sobole
1264 781 1300 821 in
1327 796 1441 821 unum
1466 781 1643 830 conflata,

124 848 195 888 boc
215 856 274 889 est
296 847 419 891 Caino
442 856 481 890 et
501 849 625 889 Abelo
647 847 966 889 convenientibus
985 848 1228 902 invicemque
1248 849 1454 902 permistis,
1479 849 1645 889 omnium

122 914 254 957 Mater
280 931 324 957 ea
350 931 392 958 re
421 917 686 958 animadversa
713 915 869 969 generis
898 915 1051 955 humani
1078 915 1222 956 semina
1250 916 1400 970 integra
1427 931 1470 956 ac
1496 916 1645 956 sincera

124 992 419 1039 repraesentare
443 984 663 1034 constituit,
698 998 804 1034 cum,
840 984 891 1023 uti
918 983 1100 1033 diximus,
1134 983 1235 1023 Abel
1259 991 1363 1024 esset
1386 984 1552 1024 occisus.
1604 982 1646 1023 ln

125 1049 285 1092 Sellium
310 1052 399 1092 illud
426 1051 589 1105 delegit,
634 1058 672 1091 et
697 1051 744 1091 ab
773 1050 876 1091 omni
901 1051 986 1091 labe
1014 1065 1145 1105 purum
1171 1052 1352 1092 ostendit.
1414 1051 1458 1092 In
1486 1066 1647 1106 eumque

125 1119 246 1160 solum
279 1120 458 1160 coelestis
488 1119 589 1159 illius
621 1119 680 1159 vis
711 1133 805 1159 suae
836 1133 880 1159 ac
911 1118 1145 1161 sinceritatis
1176 1133 1298 1173 genus
1327 1119 1498 1159 immisit.

230 1186 401 1228 Rursum
421 1201 515 1228 vero
539 1201 622 1227 eum
647 1187 902 1241 promiscuam
926 1186 1251 1241 perturbationem
1275 1194 1313 1227 et
1334 1188 1558 1240 angelorum
1582 1187 1645 1227 ho-

119 1255 338 1309 minumque
360 1255 588 1296 temerarios
609 1255 770 1310 impetus
792 1262 993 1305 cerneret,
1028 1255 1125 1309 quod
1150 1254 1348 1295 commista
1370 1255 1482 1296 simul
1503 1269 1645 1310 genera

117 1322 182 1363 illa
212 1323 285 1363 duo
319 1323 504 1374 fuissent,
547 1338 621 1377 qua
652 1337 705 1362 ex
735 1323 962 1362 confusione
993 1337 1092 1363 nova
1124 1323 1306 1376 quaedam
1340 1330 1473 1363 essent
1502 1337 1644 1378 genera

117 1390 345 1442 constituta,
389 1392 521 1431 eadem
546 1391 611 1431 illa
637 1389 785 1431 Parens
812 1390 952 1430 femina
977 1391 1228 1445 progrediens
1255 1405 1437 1444 aquarum
1467 1391 1644 1431 eluvione

117 1458 349 1499 contrariam
389 1469 540 1499 omnem
575 1458 780 1499 factionem
818 1458 987 1498 funditus
1025 1458 1218 1508 extinxit,
1267 1465 1307 1498 ut.
1342 1459 1562 1513 incorrupta
1600 1474 1644 1499 ac

116 1525 217 1567 iusta
247 1525 356 1567 Sethi
388 1526 503 1581 stirps
535 1527 579 1566 ad
612 1526 781 1566 coeleste
812 1539 934 1579 genus
964 1525 1245 1580 scintillamque
1276 1526 1444 1566 institiae
1476 1527 1644 1567 conflan-

117 1594 202 1634 dam
225 1594 261 1634 in
287 1593 401 1634 terris
425 1594 506 1634 sola
530 1594 778 1634 retineretur.
841 1591 986 1633 Verum
1015 1593 1109 1633 clam
1132 1593 1214 1648 ipsa
1234 1607 1370 1634 rursus
1390 1594 1515 1648 angeli
1543 1593 1644 1635 Cha-

118 1676 218 1701 mum
249 1675 269 1702 e
297 1675 440 1715 genere
469 1676 538 1702 suo
565 1668 789 1715 prognatum
815 1661 852 1700 in
879 1675 1006 1701 arcam
1034 1661 1295 1702 introducunt.
1357 1660 1458 1702 Nam
1484 1676 1536 1702 cx
1557 1670 1643 1702 octo

118 1729 304 1783 capitibus
338 1730 435 1780 illis,
481 1743 577 1783 quae
608 1730 647 1769 in
680 1728 822 1770 Noe‘mi
861 1743 950 1769 arca
985 1736 1138 1769 servata
1172 1729 1373 1784 leguntur,
1419 1730 1644 1770 sincerioris

115 1797 271 1851 generis
303 1804 460 1852 septena
490 1797 610 1837 suisse
640 1796 885 1851 praedicant,
931 1804 1107 1837 octavum
1141 1811 1235 1837 vero
1267 1799 1421 1838 nomine
1455 1795 1642 1839 Chamum

116 1864 162 1904 ab
188 1865 313 1905 aliena
342 1865 379 1906 vi
407 1864 630 1919 productum
656 1864 814 1905 latuisse
841 1864 1047 1905 coelestem
1071 1863 1265 1916 Matrem,
1313 1872 1351 1906 et
1374 1866 1412 1905 in
1438 1879 1565 1906 arcam
1592 1866 1642 1906 ir-

113 1932 305 1987 repsisse,
350 1939 388 1973 et
413 1933 450 1973 id
474 1932 596 1987 ipsum
626 1932 848 1986 angelorum
877 1933 1009 1973 sr'aude
1038 1947 1081 1973 ac
1109 1933 1271 1973 consilio
1296 1947 1383 1973 esse
1411 1934 1638 1988 perfectum.

117 1997 214 2041 Cum
237 2001 360 2050 enim,
402 2007 443 2040 ut
466 1999 593 2050 aiunt,
636 2000 859 2041 didicissent
882 2000 933 2041 illi
959 2015 1080 2054 genus
1103 2015 1216 2041 omne
1238 2015 1348 2041 suum
1371 2001 1503 2041 diluvii
1530 2001 1640 2055 aquis

115 2068 472 2117 exterminandum,
507 2067 602 2107 mira
629 2068 858 2119 calliditate,
892 2083 964 2122 qno
992 2069 1077 2108 mali
1103 2069 1284 2123 generis,
1328 2069 1436 2109 cuius
1461 2076 1639 2109 auctores

116 2142 249 2187 erant,
289 2136 471 2190 reliquias
499 2137 698 2185 foverent,
743 2134 927 2177 Chamum
953 2136 991 2176 in
1018 2150 1146 2177 arcam
1170 2136 1377 2176 inculcant.
1440 2137 1474 2176 Λ
1502 2151 1576 2190 quo
1600 2137 1637 2176 in

116 2203 319 2244 humanum
352 2218 474 2259 genus
503 2218 614 2244 error
643 2210 682 2243 et
708 2203 849 2244 oblivio
875 2211 987 2258 atque
1011 2204 1286 2244 inconsiderati
1312 2204 1540 2257 flagitiorum
1570 2204 1639 2244 im-

115 2278 225 2326 petus
247 2279 286 2312 et
306 2272 495 2312 scelerum
519 2271 688 2312 varietas
716 2271 913 2326 multiplex
937 2272 973 2312 in
999 2272 1130 2312 orbem
1154 2279 1339 2312 terrarum
1365 2272 1503 2325 erupit.
1565 2271 1637 2312 At-

115 2352 187 2393 que
209 2339 260 2379 ita
283 2340 443 2380 mundus
467 2339 512 2380 ad
536 2339 733 2394 pristinam
759 2340 1082 2394 perturbationem
1109 2341 1233 2380 denuo
1258 2339 1455 2379 revolutus
1480 2339 1636 2393 perinde

114 2414 228 2461 atque
257 2414 345 2447 autc
377 2407 556 2448 dilnvium
589 2406 774 2447 malornm
804 2407 911 2462 copia
944 2408 1187 2448 redundavit.
1251 2405 1432 2447 Ceterum
1464 2421 1485 2446 a
1515 2405 1636 2447 Setho

114 2474 336 2515 continuata
360 2475 514 2529 generis
539 2475 787 2515 successione
813 2473 921 2516 lesus
950 2474 1130 2516 Christus
1155 2475 1315 2530 prodiit,
1349 2489 1423 2514 non
1448 2474 1530 2528 ipse
1554 2474 1636 2528 qui-

115 2541 197 2582 dem
229 2543 384 2596 generis
417 2543 534 2597 stirpe
565 2549 815 2597 procreatus,
860 2544 925 2583 sed
957 2544 994 2583 in
1025 2543 1123 2584 hunc
1154 2543 1333 2583 mundum
1362 2542 1635 2582 admirabiliter

113 2608 368 2650 introductus.
423 2609 527 2650 ldem
552 2610 652 2650 enim
675 2610 737 2664 qui
757 2610 831 2650 illis
854 2611 1088 2666 temporibus
1112 2609 1254 2651 Sethus
1278 2610 1360 2660 fnit,
1386 2610 1497 2649 modo
1522 2607 1636 2650 Chri-

115 2683 196 2717 stus
215 2678 425 2733 appellatus
445 2692 466 2718 a
487 2677 644 2718 coelesti
665 2676 795 2718 Matre
814 2678 860 2719 dc
879 2679 987 2720 coelo
1006 2679 1144 2719 missus
1164 2679 1208 2718 ad
1226 2678 1399 2718 homines
1419 2677 1630 2718 descendit.

1676 1190 1752 1233 Cap.
1773 1192 1827 1224 111.

226 2811 310 2853 Hoc
335 2814 445 2854 modo
475 2814 525 2854 illi
553 2813 733 2854 universa
761 2819 946 2855 statuunt.
1009 2813 1154 2855 Verum
1183 2827 1293 2867 quam
1320 2813 1478 2863 stolida,
1523 2827 1631 2868 quam
1660 2822 1811 2866 Cap.1V.

113 2912 259 2954 supernis
279 2914 408 2946 missam
426 2915 460 2946 in
480 2914 617 2957 primam
635 2913 849 2946 deiectionem
940 2916 1016 2947 cip,
1041 2917 1097 2947 111.
1133 2934 1175 2939 -—
1212 2915 1240 2947 1.
1265 2913 1413 2957 γέννησιν
1446 2917 1512 2947 cod.
1538 2917 1632 2948 Valle.

113 2956 243 2990 seminis
267 2970 305 2991 ac
329 2960 582 2992 constitutionis.
895 2960 973 3004 γένη
997 2963 1125 3001 vul9ata
1148 2963 1300 3000 scriptura
1325 2964 1375 2993 est.
