2034 3267
428 252 605 284 PANARII
630 252 710 284 Ltss.
733 253 756 285 Ι.
781 253 885 285 ΤΟΜ.
905 253 942 285 ΙΙ.
979 252 1107 284 HAER.
1131 253 1265 284 XXXI.
1520 245 1598 283 315

90 334 250 374 aliarum
273 332 503 381 haereseon,
537 344 631 385 quae
655 331 726 371 sibi
750 331 930 383 tragicam
957 331 1170 372 istiusmodi
1194 346 1366 387 pompam
1389 331 1596 380 asciscunt,

90 400 353 456 propagandas
380 398 549 452 origines
574 413 673 438 nova
695 399 879 452 quaedam
906 399 1082 438 addidere
1107 400 1271 440 somnia.
1330 398 1483 439 Etenim
1516 405 1601 453 post

91 468 292 522 superiora
321 466 384 506 illa
414 465 566 506 nomina
590 465 807 514 Hesiodus,
842 462 1018 519 Orpheus
1044 473 1081 505 et
1103 465 1348 506 Stesichorus
1372 474 1482 507 natos
1514 480 1599 507 esse

91 535 221 576 dicunt
243 531 405 575 Coelum
436 540 474 573 et
495 533 726 583 Tartarum,
760 530 967 573 Saturnum
995 547 1038 573 ac
1061 532 1233 582 Rlieam,
1268 532 1421 584 lovem,
1454 533 1601 589 Apolli-

91 617 201 653 nem,
233 600 456 656 Neptunum
486 608 598 654 atque
617 599 844 649 Plutonem,
878 599 1070 653 aliosque,
1104 615 1199 653 quos
1223 601 1441 654 singillatim
1468 616 1601 642 recen-

91 677 199 720 sent,
232 669 466 709 innumeros.
527 666 733 708 Fecundus
767 666 868 706 enim
900 666 1049 706 illorum
1086 680 1196 707 error
1229 675 1287 707 est
1316 681 1360 707 ac
1385 669 1598 723 multiplex,

91 738 154 792 qui
179 737 342 777 absurda
370 735 500 776 nescio
526 749 621 789 quae
646 733 918 774 vocabulorum
945 740 1114 774 monstra
1143 734 1358 788 parturiens
1389 743 1502 788 atque
1533 750 1601 775 ex-

91 805 263 858 cogitans
287 805 470 844 infinitam
500 802 707 842 fabularum
731 808 901 855 segetem
929 801 1110 855 profudit.
1173 799 1283 854 Quae
1305 815 1380 841 una
1402 816 1465 842 res
1489 803 1601 843 mise-

93 887 222 913 rorum
256 872 403 912 illorum
438 871 584 910 animos
619 869 713 909 falsa
744 869 870 923 specie
896 869 1050 909 deludit.
1114 867 1191 909 Sed
1217 869 1262 909 iis
1289 883 1447 922 quorum
1475 870 1603 909 divina

92 940 177 980 luce
203 940 423 980 collustrata
454 951 561 977 mens
589 944 672 986 est,
704 936 831 991 inepta
863 936 956 976 haec
988 936 1115 976 statim
1151 950 1195 976 ae
1223 937 1381 976 ridicula
1407 936 1599 977 videntur.

93 1007 241 1060 Quibus
275 1007 386 1047 modo
408 1003 713 1060 praetermissis,
756 1017 851 1057 quae
880 1003 1031 1043 illorum
1058 1004 1165 1044 libris
1192 1004 1458 1055 continentur,
1492 1011 1604 1058 prout

92 1076 138 1115 ad
168 1075 325 1115 verbum
358 1073 498 1127 scripta
523 1073 726 1126 leguntur,
760 1071 937 1112 hocloco
967 1085 1189 1126 proponam.
1253 1070 1353 1113 Sunt
1378 1072 1471 1112 haec
1503 1072 1603 1112 eius-

94 1142 209 1182 modi.

203 1343 310 1384 Haec
332 1342 430 1398 apud
452 1342 667 1396 sapientes:
702 1343 768 1383 sed
793 1343 890 1398 apud
916 1343 1123 1395 animales,
1156 1345 1252 1399 apud
1276 1345 1474 1397 carnales,
1507 1346 1602 1401 apud
1631 1349 1709 1392 Cap.
1732 1349 1771 1381 V·

93 1412 325 1461 mundanos,
368 1411 466 1465 apud
496 1418 768 1464 exaggeratam
801 1411 917 1451 animi
947 1412 1045 1462 vim,
1089 1411 1175 1452 Nus
1203 1427 1393 1467 nunquam
1423 1414 1602 1454 desinens
1616 1404 1804 1466 ῗζαζξῖξξξῖ,

92 1480 285 1535 perpetuis
311 1492 354 1518 ac
379 1493 569 1533 nunquam
593 1478 875 1530 desinentibus,
908 1480 1084 1520 salutem.
1144 1479 1330 1535 Equidem
1354 1495 1486 1521 eorum
1511 1495 1606 1535 quae

94 1561 215 1601 neque
240 1545 428 1586 nominari
453 1560 523 1586 nec
545 1546 730 1601 explicari
756 1547 928 1587 oratione
954 1555 1135 1601 possunt,
1177 1562 1350 1602 quaeque
1374 1549 1604 1589 coelestibus

94 1615 186 1669 ipsis
217 1614 416 1668 superiora
445 1621 556 1664 sunt,
600 1615 831 1655 mentionem
862 1616 960 1669 apud
991 1630 1060 1656 vos
1091 1616 1309 1667 instituam3
1356 1631 1452 1670 quae
1482 1631 1606 1671 neque

91 1681 358 1736 Principatus,
391 1695 515 1736 neque
538 1680 780 1732 Potestates,
824 1696 896 1722 nec
919 1697 1014 1736 quae
1037 1683 1113 1724 illis
1135 1684 1304 1724 subiecta
1328 1692 1438 1735 sunt,
1482 1698 1605 1739 neque

94 1751 193 1791 aliud
224 1750 422 1804 quicquam
452 1750 704 1804 intelligentia
734 1757 859 1804 potest
885 1752 1090 1805 consequi,
1134 1751 1280 1806 solique
1307 1753 1412 1803 eius,
1458 1752 1520 1807 qui
1549 1758 1608 1792 est

96 1817 369 1867 immutabilis,
415 1825 502 1858 sunt
535 1817 743 1870 cognitioni
775 1819 978 1872 patefacta.
1038 1817 1232 1873 Principio
1261 1820 1446 1874 siquidem
1479 1834 1606 1860 rerum

96 1885 260 1926 omnium
284 1885 316 1924 is
341 1885 403 1939 qui
428 1899 495 1940 per
516 1899 558 1925 se
582 1886 702 1940 ipsum
726 1884 845 1926 Pater
867 1893 925 1926 est
948 1886 1130 1927 universa
1152 1887 1191 1927 in
1215 1888 1421 1942 semetipso
1444 1888 1608 1928 obscura

94 1953 300 2007 ignotaque
328 1953 568 2005 continebat3
613 1967 722 2007 quem
753 1954 924 1994 nonnulli
958 1955 1134 2003 Aeonem
1164 1957 1372 1996 senectutis
1407 1963 1605 2011 expertem

94 2034 321 2076 semperque
342 2021 557 2071 florentem,
592 2028 629 2060 et
649 2035 791 2061 marem
813 2021 1066 2076 feminamque
1087 2030 1241 2074 vocant,
1275 2024 1336 2077 qni
1358 2024 1483 2064 omnia
1505 2039 1607 2064 eom-

96 2089 232 2143 plexus
254 2089 354 2129 nulla
376 2102 418 2129 re
440 2089 520 2143 ipse
543 2088 892 2143 comprehenditur.
952 2089 1062 2131 Tunc
1083 2105 1179 2144 quae
1203 2091 1240 2131 in
1261 2092 1324 2132 illo
1350 2092 1472 2132 inerat
1492 2090 1606 2132 Mens

96 2156 166 2209 (ita
184 2156 282 2196 enim
300 2156 447 2210 quidam
467 2157 671 2211 appellant,
698 2156 760 2196 alii
781 2157 932 2212 proprio
953 2158 1106 2198 nomine
1126 2157 1314 2210 Gratiam,
1337 2160 1435 2214 quod
1452 2158 1607 2213 Magni-

96 2224 235 2264 tudinis
260 2223 460 2264 thesauros
484 2224 524 2264 in
549 2238 615 2264 eos
641 2224 702 2278 qui
727 2238 779 2264 ex
802 2223 1069 2279 Magnitudine
1095 2234 1203 2267 erant
1229 2227 1496 2282 insumpserit,
1539 2228 1606 2267 sed

95 2292 229 2332 melius
251 2291 297 2332 ab
313 2291 396 2332 aliis
418 2290 619 2332 Silentium
640 2299 812 2343 vocatur,
836 2294 1013 2347 quoniam
1032 2294 1126 2334 eitra
1145 2296 1333 2335 sermonis
1353 2309 1461 2335 usum
1481 2295 1607 2335 omnia

95 2358 321 2415 Magnitudo
346 2359 577 2413 cogitatione
604 2359 684 2399 sola
708 2360 909 2414 perfecit),
952 2362 1041 2411 sed,
1076 2369 1116 2402 ut
1142 2362 1244 2413 dixi,
1279 2378 1361 2402 eum
1388 2363 1606 2418 incorrupta

95 2427 187 2467 haec
207 2441 258 2467 ex
275 2428 453 2467 Aeonum
476 2441 633 2467 numero
657 2427 796 2468 femina
814 2429 975 2469 vinculis
996 2429 1178 2484 expedire
1197 2444 1283 2471 sese
1303 2431 1433 2481 vellet,
1454 2430 1607 2485 Magni-

96 2495 262 2535 tudinem
293 2495 458 2535 libidinis
487 2494 678 2535 illecebris
709 2495 755 2535 ad
785 2496 844 2536 sui
873 2497 1187 2538 consuetudinem
1219 2499 1381 2539 inflexit.
1441 2497 1506 2539 Ex
1532 2514 1605 2553 qua

94 2561 280 2603 Veritatis
302 2561 422 2603 Pater
451 2570 675 2617 procreatus
706 2570 787 2614 est,
833 2578 940 2618 quem
967 2565 1030 2620 qui
1054 2566 1212 2620 perfecti
1237 2574 1326 2606 sunt
1350 2566 1501 2621 proprie
1525 2567 1605 2607 Ho-

96 2631 232 2671 minem
260 2631 470 2685 appellant,
514 2630 611 2684 quod
639 2631 721 2670 eius
747 2631 810 2685 qui
834 2632 937 2686 prior
960 2640 1040 2683 est,
1086 2648 1156 2674 nec
1182 2633 1227 2674 ab
1251 2634 1325 2674 ullo
1351 2641 1409 2674 est
1432 2634 1601 2688 genitus,
1641 2663 1645 2667 -

97 2697 379 2739 similitudinem
400 2698 556 2739 reserat.
617 2697 768 2739 Deinde
791 2697 884 2753 Sige
905 2701 1114 2742 naturalem
1139 2701 1290 2742 luminis
1313 2702 1494 2742 unitatem
1520 2717 1604 2743 cum

140 2821 171 2855 8.
196 2825 336 2854 Fortasse
359 2820 468 2864 ἐκείνη
490 2824 706 2862 reponendum.
921 2824 969 2857 13.
990 2824 1105 2859 αἰωνία
1120 2826 1319 2869 βουληθεῖσα
1332 2829 1414 2857 extat
1426 2828 1526 2866 vulyo.
1544 2828 1605 2859 Sed

141 2865 172 2899 9.
197 2866 249 2900 ἕτε
235 2878 302 2909 ιρον
326 2879 401 2911 χαρι
404 2869 504 2905 οικῶς
528 2869 592 2899 cod.
616 2870 685 2899 len.
869 2871 947 2901 illud
968 2870 1084 2904 αἰωνία
1103 2872 1263 2902 delendum
1286 2874 1388 2902 censui
1411 2881 1448 2903 ex
1471 2875 1604 2904 auctori-

144 2912 193 2943 10.
162 2910 305 2944 Οέτῑικσ
293 2923 442 2956 εχωρηκε
435 2912 494 2945 ’ναι
517 2914 583 2944 cod.
606 2914 703 2943 tenet.
871 2918 930 2947 tate
949 2918 1103 2948 cod.1en.
1142 2918 1286 2947 Petavius
1305 2918 1437 2969 mqlebat
1455 2915 1534 2950 αἰών
1555 2927 1603 2949 re-

146 2957 193 2988 11.
202 2956 433 3008 ἓησαυρισμα
455 2955 496 2991 τὰ
519 2969 553 2990 τε
557 2970 575 2990 .›
610 2959 674 2989 cod.
700 2959 825 2999 Rhedi9
871 2963 1002 3014 stituere3
1025 2963 1148 3001 Μα9ἱε
1169 2957 1356 2999 placuisset’
1356 2957 1493 2994 Έννοια.

99 2999 315 3044 ξεησαᾶρισμα
337 3001 393 3035 τοῦ
416 3004 479 3033 cod.
503 3005 573 3034 len
918 3004 968 3038 14.
993 3001 1049 3047 ὅρε
1053 3004 1081 3045 ξ
1072 3018 1097 3038 ν
1119 3007 1186 3038 cod.
1209 3007 1278 3038 Ven.
1326 3008 1420 3046 Vulgo
1443 3003 1497 3049 ὅρε
1484 3005 1556 3046 ι”.ξε-

145 3047 194 3079 Γ).
213 3049 280 3084 τοῖς
296 3045 334 3081 ἐκ
348 3048 404 3080 τοῦ
422 3047 583 3090 μεγέξῑους
602 3058 659 3080 om.
673 3049 737 3081 cod.
755 3050 824 3081 Ven.
