2034 3267
462 168 639 201 PANARH
661 170 742 202 ΜΒ.
762 170 786 204 1.
811 170 917 203 TOM.
938 171 995 202 111.
1021 170 1150 202 HAER.
1172 171 1278 202 XLu.
1549 163 1628 202 595

111 255 205 288 trem
238 247 546 298 honoratissimi,
591 264 698 290 suum
731 251 908 304 angelum
935 249 1097 290 miserit.
1158 249 1298 303 Neque
1328 250 1427 290 enim
1454 250 1629 304 angelum

108 330 217 356 suum
249 316 293 355 ad
325 315 438 356 alieni
466 317 689 371 obsequium
718 318 922 372 allegaret,
956 318 1181 372 praesertim
1208 318 1263 369 si,
1296 325 1337 358 ut
1359 318 1431 370 ais,
1460 316 1627 368 Marcio,

109 384 231 423 eidem
264 385 365 424 foret
394 385 624 426 contrarius.

220 449 352 492 Schol.
377 450 433 492 X.
477 457 528 492 Et
552 457 743 505 ingressus
775 456 812 492 z'n
843 456 984 492 domum
1008 455 1203 492 Pharisaei
1229 455 1426 493 discubuit.
1490 456 1630 493 Mulier
1647 464 1718 492 Luc.
1731 464 1757 499 7,
1769 465 1810 492 315.

107 527 226 559 autem
251 524 448 572 peccatrice
477 529 578 560 retro
607 529 710 560 Stans
739 523 789 559 ad
810 523 920 572 pedes
951 523 1125 571 lacrymis
1154 525 1315 572 regavll,
1358 530 1393 561 el
1424 526 1552 571 unoez’t,
1597 531 1634 561 et

108 590 358 628 osculabatur.

218 655 354 696 Refut.
380 654 436 696 X.
481 656 566 696 Hoc
599 657 743 711 ipsum,
787 656 883 710 quod
920 655 1120 710 ingressus
1157 663 1238 707 est,
1281 656 1460 698 habuisse
1492 672 1631 712 corpus

110 724 292 764 ostendit.
353 723 518 765 Domum
555 725 690 778 quippe
724 738 768 764 ac
804 737 1020 763 mensuram
1056 724 1230 778 corporis
1262 725 1466 778 significat.
1529 725 1630 766 Turn

108 792 336 833 accumbere
359 792 499 832 nullum
523 793 567 832 ad
589 792 750 832 alterum
774 791 940 846 pertinet
958 806 1068 845 quam
1091 792 1137 831 ad
1162 806 1247 832 eum
1270 792 1377 833 cuius
1400 793 1632 834 accumbens

109 874 247 915 corpus
269 860 368 900 mole
388 860 438 900 sit
459 859 685 914 praeditum.
741 857 836 899 Item
861 860 959 913 quod
982 858 1120 899 mulier
1140 860 1319 914 lacrymis
1342 862 1459 914 pedes
1480 861 1630 915 irrigat,

109 943 184 969 uon
208 928 412 969 simulacra
436 927 553 968 fuisse
574 927 711 981 pedum
731 926 860 967 inania
881 928 1134 967 demonstrat.
1201 931 1318 967 Lsnoee't
1334 944 1443 977 emm,
1476 937 1513 968 et
1528 933 1633 981 riga-

110 1000 178 1044 vit,
213 1005 251 1036 et
278 998 443 1035 osculata
473 1003 548 1044 est,
583 1009 721 1050 corpus
751 995 902 1049 aliquod
935 995 1069 1049 procul
1100 995 1212 1036 dubio
1244 1003 1506 1038 contrectans.

220 1062 351 1105 Schol.
375 1061 453 1103 XI.
501 1061 553 1102 Et
572 1061 735 1103 iterum:
767 1066 868 1103 Haec
890 1065 1064 1115 lacrymis
1082 1067 1226 1115 rigavit
1234 1067 1346 1116 pedes
1365 1080 1475 1114 meos,
1509 1073 1547 1104 et
1565 1081 1632 1105 un-
1650 1082 1723 1111 1b5a,
1742 1083 1783 1110 44.

107 1136 184 1180 oee't,
219 1140 256 1172 et
285 1134 451 1171 osculata
482 1138 548 1169 est.

219 1199 354 1240 Resut.
380 1198 458 1240 XI.
502 1197 565 1239 Ne
587 1199 639 1239 ita
663 1206 842 1254 putares,
877 1214 899 1239 o
920 1197 1094 1250 Marcio,
1129 1200 1210 1241 sola
1234 1201 1427 1242 hominum
1453 1202 1631 1257 opinione

108 1268 313 1309 salvatoris
346 1267 462 1322 pedes
492 1267 664 1322 rigasse,
714 1268 873 1308 unxisse
907 1274 1019 1322 atque
1053 1268 1261 1309 osculatam
1296 1284 1384 1310 esse
1415 1270 1630 1322 mulierem,

106 1337 205 1377 idem
236 1336 318 1390 ipse
350 1335 524 1375 dominus
552 1335 778 1389 astipulator
804 1336 970 1387 accedit,
1015 1350 1059 1376 ac
1092 1351 1166 1376 non
1197 1338 1377 1392 opinione
1407 1338 1508 1379 istud
1532 1339 1633 1379 acci-

107 1404 209 1445 disse
234 1404 338 1454 sola,
372 1404 438 1444 sed
462 1403 589 1458 reipsa
614 1404 866 1455 demonstrat,
900 1411 937 1443 et
961 1418 1036 1443 non
1062 1404 1106 1444 ad
1128 1403 1379 1446 pharisaeum
1403 1407 1531 1457 modo,
1565 1407 1632 1446 sed

109 1472 156 1512 ad
182 1479 241 1523 te,
277 1487 298 1512 o
325 1470 500 1521 Marcio,
543 1478 704 1525 tuosque
730 1472 1017 1526 redarguendos
1043 1471 1144 1512 istud
1170 1474 1330 1514 affirmat
1352 1488 1397 1514 ac
1420 1474 1630 1530 praedicat.

110 1543 230 1588 Haec,
265 1539 411 1594 inquit,
445 1543 554 1578 unare]
574 1542 686 1591 pedes
715 1555 830 1587 meos,
864 1548 903 1579 et
923 1543 1089 1580 osculata
1112 1550 1179 1580 est.
1245 1540 1444 1595 Quosnam
1470 1542 1632 1583 obsecro

111 1609 252 1662 pedes,
287 1608 359 1648 nisi
392 1621 443 1647 ex
474 1621 612 1658 carne,
646 1607 797 1647 ossibus
828 1609 1045 1662 ceterisque
1076 1609 1246 1664 partibus
1278 1610 1538 1665 compositos?

224 1674 356 1717 Schol.
378 1673 476 1715 XII.
519 1674 666 1715 Deerat
687 1675 724 1715 in
745 1675 845 1717 illius
866 1677 1021 1716 codice:
1054 1679 1180 1717 Mater
1200 1681 1290 1726 eius,
1317 1680 1512 1732 etst‘atres
1529 1682 1630 1718 eius:

109 1745 176 1785 sed
207 1744 328 1785 solum
361 1750 468 1783 erat:
503 1746 628 1782 Mater
656 1751 718 1782 teta
748 1751 785 1782 et
800 1746 950 1797 fratres
981 1748 1047 1783 ιἰιί.

218 1811 351 1852 Refut.
375 1809 471 1851 Xll.
513 1810 688 1851 Tametsi
714 1812 960 1866 evangelicae
984 1813 1198 1853 sententiae
1225 1813 1425 1868 superiora
1448 1815 1512 1856 illa
1534 1816 1633 1856 reci—

108 1881 198 1932 das,
231 1895 252 1920 o
279 1878 448 1930 Marcio,
482 1886 522 1918 ut
545 1893 591 1919 ne
620 1879 809 1933 evangelii
829 1880 995 1935 scriptor
1020 1880 1106 1921 huic
1130 1882 1366 1935 quorundam
1390 1883 1476 1923 voci
1495 1884 1633 1924 suffra-

107 1948 187 2003 gari
213 1948 407 1999 videatur,
440 1950 566 1987 Mater
585 1955 668 1995 ma,
703 1956 741 1987 et
746 1950 895 2002 fratres
918 1942 984 1996 lui,
1020 1949 1222 1989 veritatem
1247 1949 1491 1992 nihilominus
1511 1951 1630 2006 ipsam

107 2016 318 2072 praeterire
347 2030 422 2055 non
448 2022 572 2070 potes.
635 2013 743 2055 Cedo
768 2016 869 2056 enim
896 2030 964 2057 cur
986 2031 1060 2057 non
1085 2017 1288 2072 plerasque
1313 2019 1444 2059 matris
1466 2020 1632 2074 appella-

107 2085 163 2125 vit
184 2083 365 2125 nomine?
395 2097 464 2123 cur
487 2097 562 2123 non
587 2083 713 2137 plures
735 2083 866 2124 habuit
889 2085 1058 2138 patrias?
1116 2085 1241 2139 Quam
1263 2086 1369 2126 varia
1393 2087 1439 2126 de
1460 2086 1631 2127 Homero

108 2152 285 2192 dicuutur
307 2165 326 2191 a
355 2151 504 2191 multis!
568 2149 691 2203 Quem
720 2151 938 2206 Aegyptum
964 2153 1027 2192 alii
1054 2153 1220 2204 faciunt,
1262 2154 1323 2194 alii
1351 2151 1514 2205 Chium,
1552 2152 1630 2195 Co-

107 2220 327 2275 lophonium
356 2219 492 2273 aliqui,
536 2219 707 2259 nonnulli
730 2218 947 2274 Phrygem,
992 2221 1055 2261 alii
1084 2219 1364 2277 Smyrnaeum,
1408 2220 1567 2262 Meletis
1594 2230 1632 2262 et

109 2286 317 2330 Critheidis
340 2287 469 2336 filium,
504 2286 781 2328 Atheniensem
809 2288 926 2329 fuisse
952 2289 1076 2344 prodit
1097 2289 1364 2340 Aristarchus,
1397 2290 1460 2330 alii
1477 2288 1630 2345 Lydum

109 2370 129 2397 e
151 2354 357 2405 Maeonia,
392 2355 454 2395 alii
477 2355 638 2409 denique
662 2353 871 2410 Cyprium,
906 2371 926 2397 e
948 2357 1168 2397 suburbano
1191 2355 1397 2398 Salaminis
1419 2371 1533 2412 agro,
1569 2358 1630 2411 qui

108 2425 152 2465 ad
177 2424 317 2465 montis
342 2423 491 2464 radices
520 2422 771 2463 circumfusus
797 2431 869 2464 est.
931 2424 1050 2479 Atqui
1078 2425 1190 2465 homo
1221 2425 1284 2465 ille
1307 2425 1457 2479 quidem
1483 2425 1628 2466 extitit.

107 2491 254 2534 Verum
281 2491 457 2546 quoniam
490 2490 625 2545 oppida
657 2491 771 2531 multa
801 2494 1044 2546 peragravit,
1089 2493 1293 2547 plerosque
1321 2494 1451 2534 varias
1479 2493 1516 2533 in
1542 2507 1631 2533 sen-

108 2560 249 2600 tentias
281 2558 558 2614 opinionesque
588 2558 781 2598 distraxit.
843 2559 917 2600 Hic
947 2568 1073 2601 autem
1104 2575 1187 2600 cum
1221 2561 1265 2600 de
1297 2561 1368 2601 deo
1397 2559 1630 2615 Christoque

109 2628 342 2668 mentionem
373 2626 580 2676 haberent,
625 2640 700 2666 nou
733 2627 860 2681 plures
889 2628 971 2668 eius
997 2635 1162 2679 matres,
1207 2629 1272 2668 sed
1301 2643 1415 2669 [unum
1444 2629 1631 2669 duntaxat

109 2701 479 2744 commemorarunt,
513 2708 533 2733 a
555 2707 626 2748 qua
650 2702 753 2734 esset
772 2695 834 2735 ille
855 2710 993 2737 revera
1015 2696 1192 2750 genitus,
1227 2710 1350 2750 neque
1375 2698 1515 2736 fratres
1536 2697 1630 2737 mul-

110 2770 190 2814 tos,
224 2764 291 2804 sed
311 2761 465 2817 Iosephi
484 2762 607 2802 solum
629 2761 771 2802 liberos
785 2793 796 2813 ,
829 2778 924 2817 quos
944 2778 996 2804 ex
1017 2765 1089 2805 alia
1111 2778 1292 2818 germana
1313 2765 1478 2818 coniuge
1498 2778 1629 2805 susce-

109 2838 240 2886 perat,
283 2838 324 2872 ut
354 2844 404 2871 ex
433 2843 479 2871 eo
502 2836 637 2870 contra
661 2830 862 2872 veritatem
888 2831 1029 2873 armari
1051 2831 1205 2872 minime
1229 2832 1370 2887 possis.
1431 2833 1492 2873 Ac
1517 2846 1565 2873 ne
1592 2839 1630 2873 te

108 2934 252 2965 Petavius
273 2935 489 2973 suppleverunt
513 2930 650 2976 ἔχοντος.
934 2935 987 2969 57.
1013 2933 1229 2977 Propodiadis
1253 2937 1340 2966 vertit
1363 2936 1539 2967 Cornarius.

154 2977 206 3011 55.
233 2980 328 3019 Vulgo
351 2976 501 3015 Μέλιτος.
935 2981 988 3013 ὁὸ.
1013 2979 1236 3022 Σαλαμηνίων
1261 2981 1371 3011 habent
1394 2981 1471 3011 libri.

1270 3036 1361 3078 38*

1653 1695 1724 1732 Cap.
1737 1699 1762 1733 Β,
1777 1698 1816 1725 19.
