2034 3267
482 188 654 219 PANARH
683 191 780 220 ADV.
807 190 1025 221 HAERESES
1051 191 1129 222 [ΑΒ.
1155 191 1176 221 ῐ.
1203 191 1305 222 ΤΟΜ.
1329 192 1351 222 1.
1622 185 1671 221 53

387 301 611 348 Resutatio
648 303 921 364 superiorum
958 309 1142 364 quatuor
1177 303 1434 352 haeresium.

268 399 382 440 Nunc
421 408 458 440 ut
489 401 694 440 lectoribus
725 401 912 441 brevitate
943 403 1210 452 consulamus,
1256 410 1419 457 quatuor
1449 404 1559 444 simul
1597 403 1667 444 hae
1713 427 1737 445 ,a

158 474 286 507 sectae
317 467 489 507 oratione
520 475 652 507 nostra
682 467 912 507 refellendae
945 475 1047 508 sunt.
1109 470 1170 509 Ab
1209 470 1265 510 his
1303 472 1402 511 enim
1434 471 1665 525 primordiis,

158 534 216 573 vel
248 541 334 574 ante
367 535 459 574 haee
491 536 626 584 etiam,
665 540 707 573 ut
736 533 844 573 initio
875 534 1064 584 diximus,
1098 542 1255 589 poe'tae,
1289 537 1482 588 historici,
1514 539 1668 592 reliqui—

156 615 228 654 que
259 602 489 656 scriptores,
522 601 753 650 astronomi,
786 602 928 641 caeteri
959 602 1121 655 denique
1151 605 1296 644 erroris
1321 606 1486 646 artifices
1517 620 1559 646 ae
1589 620 1668 646 ma-

154 668 279 721 gistri,
314 670 375 723 qui
403 671 447 709 ad
472 675 655 709 sexcenta
680 681 805 707 rerum
831 669 1033 708 statuenda
1059 669 1243 723 principia
1271 672 1532 726 pessimasque
1558 687 1669 713 eaus-

155 750 218 775 sas
250 737 431 790 impulere
462 734 673 775 mortalium
704 733 876 784 animos,
923 736 1186 776 communibus
1215 738 1368 790 generis
1399 739 1551 780 humani
1581 754 1669 780 sen-

155 803 259 843 sibus
290 802 535 843 densissimas
570 800 748 840 tenebras
784 801 1014 841 offuderunt.
1075 803 1204 856 Atque
1242 803 1302 843 hic
1338 806 1487 845 demum
1524 807 1668 861 primus

157 885 267 910 error
288 870 434 918 extitit,
476 868 663 907 idolorum
689 868 908 920 excogitata
930 869 1176 923 superstitio,
1220 868 1432 925 infelixque
1461 872 1524 912 illa
1555 874 1667 914 disci-

157 937 269 991 plina.
328 935 449 976 Erant
478 942 556 975 tum
592 934 685 974 duas
718 935 755 974 in
784 935 970 975 factiones
996 937 1177 977 universa
1205 938 1426 989 distributa,
1470 941 1667 993 gentilium

155 1018 198 1044 ac
230 1003 468 1044 ludaeorum.
529 1000 675 1042 Verum
705 1000 859 1043 Iudaica
893 1010 999 1043 secta
1029 1018 1266 1058 nequaquam
1303 1005 1413 1046 initio
1440 1007 1665 1059 vocabatur,

155 1072 220 1111 sed
243 1069 359 1110 lsrael
382 1069 532 1108 divinae
554 1069 639 1109 huie
662 1069 838 1123 religioni
863 1078 1159 1124 cognomentum
1185 1079 1291 1122 erat,
1336 1073 1458 1113 donec
1482 1088 1667 1128 generum

155 1145 212 1178 est
244 1144 448 1191 propagata
478 1137 689 1177 successio.
748 1135 902 1177 Etenim
928 1136 1135 1188 Naasson,
1177 1139 1238 1192 qui
1268 1140 1390 1181 tribus
1420 1139 1535 1181 Iudae
1566 1142 1668 1195 prin-

153 1218 240 1258 ceps
260 1203 296 1243 in
317 1205 469 1243 deserto
491 1204 719 1244 constitutus
741 1212 820 1253 est,
850 1202 1008 1245 Salmon
1029 1206 1184 1259 genuit,
1218 1205 1378 1248 Salmon
1400 1206 1504 1249 Boos
1519 1241 1529 1259 ,
1562 1208 1668 1249 Boos

153 1270 283 1321 Obed,
323 1269 431 1312 Obed
456 1270 585 1321 Iesse,
629 1286 711 1311 cum
740 1272 802 1326 qui
826 1273 1006 1327 religiose
1034 1274 1143 1313 deum
1167 1274 1341 1315 colerent
1365 1275 1487 1316 adhuc
1513 1274 1667 1316 Israeli-

151 1347 209 1379 tae
233 1339 466 1379 dicerentur.
527 1337 677 1379 Deinde
704 1338 809 1379 lesse
834 1338 1021 1380 Davidem
1050 1341 1204 1394 genuit,
1249 1343 1311 1396 qui
1340 1343 1484 1398 primus
1515 1357 1536 1383 e
1568 1343 1666 1384 tribu

150 1404 266 1446 Iudae
299 1420 459 1459 regnum
491 1406 666 1446 obtinuit.
729 1404 850 1447 Cuius
880 1407 926 1447 ab
956 1407 1075 1463 stirpe
1102 1409 1281 1463 deinceps
1306 1417 1489 1465 perpetua
1513 1425 1649 1452 succes

150 1475 257 1513 sione
286 1487 399 1527 reges
426 1473 586 1527 imperio
616 1473 720 1528 potiti
750 1481 852 1514 sunt.
914 1473 991 1515 Sed
1016 1484 1103 1514 ante
1126 1474 1315 1517 Davidem
1340 1478 1485 1532 primus
1510 1476 1667 1518 Israeli-

149 1542 262 1581 ticum
289 1555 446 1594 regnum
469 1539 609 1581 Saulus
634 1548 808 1581 tenuerat
832 1555 851 1581 e
874 1539 1091 1582 Beniamini
1119 1543 1240 1595 tribu,
1282 1542 1400 1585 Ceiso
1428 1553 1534 1599 patre
1550 1546 1666 1599 ‚geni-

149 1616 223 1649 tus.
285 1607 370 1648 Nec
398 1608 432 1648 ei
455 1615 581 1648 tamen
607 1609 701 1648 filius
724 1609 914 1649 successit
935 1611 1001 1649 sed
1025 1611 1070 1650 ad
1090 1610 1230 1651 tribum
1254 1610 1369 1652 iudae
1390 1627 1458 1667 per
1478 1612 1665 1654 Davidem

150 1676 346 1730 imperium
377 1676 600 1716 translatum
625 1682 698 1715 est.
759 1674 879 1729 Igitur
897 1674 1058 1718 Iacobus
1086 1678 1292 1718 liberorum
1316 1679 1476 1733 primum
1499 1680 1667 1720 omnium

148 1743 350 1783 Rubenum
385 1744 564 1797 suscipit,
608 1744 742 1783 deiude
775 1741 1016 1795 Simeonem,
1059 1746 1210 1785 tertium
1235 1743 1360 1797 Levi,
1403 1754 1577 1801 quartum
1604 1745 1668 1787 Iu-

150 1812 258 1862 dam,
291 1825 311 1850 a
334 1826 407 1864 quo
433 1809 562 1851 ludaei
589 1810 844 1864 cognominati
869 1819 979 1862 sunt,
1013 1812 1059 1852 ob
1081 1811 1198 1853 Iudae
1222 1813 1382 1865 tribum,
1415 1814 1477 1868 qui
1503 1829 1556 1854 ex
1577 1815 1668 1854 reli-

148 1879 343 1932 giosorum
366 1878 557 1918 hominum
583 1892 724 1932 genere
749 1878 959 1933 prodierat,
993 1881 1038 1920 ad
1062 1894 1144 1920 eam
1170 1881 1464 1935 appellationem
1488 1882 1663 1922 traducti.

149 1944 347 2000 Siquidem
372 1944 570 1986 israelitae
595 1945 778 2001 principio
806 1947 930 1987 vocati
960 1955 1048 1987 sunt
1078 1948 1139 2002 qui
1169 1946 1301 1988 Iudaei
1327 1949 1440 1990 modo
1471 1950 1663 1990 dicuntur.

263 2012 322 2052 Ad
354 2013 424 2053 hoc
456 2028 575 2067 usque
607 2021 752 2067 tempus
783 2022 944 2067 quatuor
972 2014 1011 2054 in
1043 2015 1156 2055 terris
1186 2016 1378 2057 hominum
1407 2030 1550 2071 genera
1581 2031 1666 2072 per-

148 2082 260 2121 ducta
291 2088 401 2131 sunt,
449 2096 606 2135 quorum
639 2081 930 2135 unumquodque
962 2096 1032 2122 suo
1064 2091 1235 2138 tempore
1264 2084 1468 2138 separatim
1506 2085 1664 2134 coaluit,

148 2149 193 2188 ad
226 2163 308 2188 eam
343 2155 505 2188 aetatem
544 2155 581 2188 et
619 2149 716 2188 ultra
752 2162 862 2202 quam
897 2151 1072 2203 proxime
1103 2150 1420 2204 significavimus.
1478 2150 1582 2193 Nam
1619 2152 1666 2192 ab

146 2216 296 2257 Adamo
319 2217 364 2256 ad
385 2215 578 2256 Noemum
603 2214 870 2257 Barbarismus
891 2217 1067 2258 obtinuit.
1118 2218 1157 2258 A
1175 2217 1330 2259 Noemo
1352 2219 1398 2259 ad
1424 2220 1541 2259 turris
1562 2219 1666 2260 aedi-

149 2283 361 2324 ficationem
393 2290 428 2323 et
463 2282 625 2324 Serui-lii
662 2290 855 2337 tempora,
901 2286 963 2338 qui
995 2286 1106 2325 tertia
1142 2293 1226 2340 post
1259 2286 1360 2326 illam
1393 2293 1520 2327 aetate
1548 2287 1663 2337 vixit,

149 2350 333 2406 Scythica
358 2350 595 2405 superstitio.
655 2349 694 2390 A
718 2352 832 2391 turris
855 2352 1099 2393 extractione
1127 2361 1164 2394 et
1189 2351 1388 2404 Serucbo,
1430 2367 1502 2395 nec
1527 2369 1602 2394 non
1628 2361 1667 2394 et

148 2418 317 2469 Aramo,
349 2419 393 2458 ad
417 2418 674 2466 Abraamum,
707 2419 858 2471 gentilis
878 2427 982 2460 secta
1004 2419 1138 2475 viguit.
1196 2421 1258 2461 Ab
1281 2420 1480 2462 Abraamo
1502 2422 1665 2476 denique

148 2493 184 2525 et
216 2486 298 2526 eius
334 2485 497 2540 posteris
525 2485 677 2524 sincera
709 2485 844 2541 religio
878 2487 1039 2542 prodiit,
1083 2502 1179 2544 quae
1205 2488 1251 2528 ab
1277 2488 1443 2542 ipsomet
1467 2489 1665 2530 Abraamo

147 2560 283 2607 coepta
307 2567 374 2607 per
398 2554 479 2592 eius
503 2553 658 2607 stirpem
683 2560 741 2592 est
763 2554 1010 2605 transmissa,
1050 2554 1242 2609 Iudaeque
1264 2555 1483 2610 cumprimis
1508 2556 1665 2607 tribum,

147 2620 246 2660 unde
280 2619 491 2660 Iudaismus
524 2633 662 2659 nomen
692 2621 852 2676 accepit.
913 2620 1025 2674 Quod
1058 2622 1209 2676 quidem
1242 2637 1263 2663 a
1295 2637 1356 2663 me
1380 2637 1474 2664 vere
1499 2637 1587 2664 esse
1611 2623 1666 2664 di-

148 2695 246 2727 ctum
272 2687 389 2726 divini
414 2687 720 2740 sanctissimique
742 2688 902 2742 apostoli
923 2687 1031 2729 Pauli
1056 2690 1275 2730 testimonio
1297 2697 1470 2741 constat,
1503 2705 1588 2732 cum
1611 2691 1662 2731 ita

1692 2025 1769 2069 Cap.
1793 2027 1833 2058 11.

148 2754 336 2809 disputat:
370 2757 413 2793 In
438 2756 585 2794 Christo
606 2758 689 2793 lesa
712 2770 826 2808 neque
849 2757 1052 2804 barbarus,
1084 2773 1201 2810 neque
1220 2760 1379 2808 Scytha,
1409 2773 1525 2811 neque
1548 2760 1662 2798 Grae·
1682 2763 1796 2792 Colm-

148 2836 233 2869 cus,
277 2837 392 2874 neque
425 2824 582 2861 Iudaeus
614 2830 688 2868 est,
732 2825 797 2862 sed
825 2838 916 2863 nova
948 2832 1134 2864 creatura.
1199 2823 1518 2880 Quandoquidem
1550 2825 1663 2866 etiam

148 2887 278 2939 initio,
324 2904 406 2929 eum
435 2889 594 2944 primum
618 2896 792 2930 creatura
818 2891 968 2932 condita
994 2899 1074 2943 est,
1118 2906 1218 2933 nova
1240 2892 1364 2934 adhuc
1383 2893 1559 2934 existens
1583 2892 1666 2933 nul·

149 2955 221 2994 lum
256 2957 446 3009 peculiare
477 2971 519 2996 ac
555 2956 772 2997 distinctum
808 2972 944 2998 nomen
979 2959 1123 2999 habuit.
1185 2957 1257 2999 His
1289 2967 1546 3001 consentanea
1580 2965 1665 2999 sont

1698 2799 1725 2834 a,
1741 2798 1780 2825 ιι.
