2034 3267
482 128 655 160 PANAnn
683 129 763 161 ΜΒ.
787 130 809 160 1.
832 129 936 161 ToM.
959 129 998 160 n.
1024 128 1150 160 mea.
1172 128 1337 160 xxxin.
1589 120 1668 160 413

148 223 230 248 rum
255 215 391 248 natura
414 207 600 262 duplicem
623 222 716 248 sane
739 207 930 249 Virtutem
955 207 1122 263 peperit3
1156 207 1221 248 sed
1245 206 1420 247 conditor
1443 205 1670 261 tamenipse

149 276 273 329 imago
307 276 596 329 praestantioris
629 284 702 316 est.
770 275 909 330 Neque
941 290 1034 316 vero
1068 289 1113 315 ea
1145 282 1179 315 te
1214 289 1275 315 res
1308 275 1525 329 perturbet,
1570 275 1670 314 scire

148 344 364 398 cupientem
393 345 604 398 quomodo,
651 359 733 384 cum
766 358 880 383 unum
913 344 962 384 sit
991 351 1028 383 et
1057 357 1143 383 esso
1170 344 1357 382 fateamur
1383 356 1426 382 ac
1451 343 1668 392 credamus,

147 425 274 451 rerum
301 412 467 451 omnium
496 411 717 466 principium
742 411 1006 465 generationis
1032 424 1153 464 aeque
1182 425 1225 450 ac
1249 410 1505 464 corruptionis
1529 424 1670 465 expers

148 479 323 533 idemque
351 479 511 529 bonnm,
555 480 689 519 ambae
716 479 785 518 liae
811 486 971 518 naturae
995 485 1173 518 constare
1198 478 1414 532 potuerint,
1457 477 1671 533 corruptio-

148 547 207 587 nis
233 546 408 587 nimirum
438 554 475 586 et
499 546 647 587 mediae
673 546 867 586 cuiusdam
894 545 1146 595 conditionis,
1180 560 1276 599 quae
1303 560 1323 586 a
1349 560 1390 586 se
1414 546 1577 586 invicem
1606 561 1672 586 na-

135 605 233 654 'tura
266 614 506 670 discrepent,
551 629 634 655 culn
667 614 700 653 id
734 614 833 653 bono
860 612 1014 653 insitum
1046 613 1117 662 sit,
1162 620 1201 652 ut
1227 613 1297 652 sibi
1325 628 1435 667 quam
1464 614 1668 663 simillima,

151 682 396 736 eiusdemque
421 697 550 722 secum
576 689 733 722 naturae
758 680 890 734 gignat
912 694 956 720 ac
982 681 1166 734 proferat.
1227 678 1289 720 Tu
1315 681 1431 731 enim,
1465 681 1673 734 opitulante

151 751 221 790 deo
248 750 357 790 huius
383 750 605 804 principium
631 763 673 788 ac
697 748 986 802 generationem
1013 748 1141 788 animo
1164 748 1376 802 percipies,
1410 748 1471 788 ubi
1496 749 1671 789 traditam

153 819 341 871 quandam
365 819 412 857 ab
432 817 615 872 apostolis
637 816 847 856 doctrinam
870 816 1054 866 audieris,
1089 830 1199 870 qnam
1222 829 1291 855 nos
1314 816 1561 856 successione
1583 831 1673 870 qua-

151 887 234 925 dam
267 887 310 925 ad
344 899 413 925 nos
440 898 558 938 usqne
589 890 834 938 propagatam
863 883 1104 938 accepimns,
1151 898 1232 923 cum
1259 897 1305 923 eo
1330 883 1480 937 quidem
1505 891 1544 924 ut
1570 883 1674 938 quic-

151 953 236 1007 quid
267 953 448 993 afferetur
472 952 510 992 in
538 952 725 1002 medium,
770 952 807 990 id
835 952 880 991 ad
909 952 1114 992 salvatoris
1139 951 1350 992 doctrinam
1377 951 1482 991 velut
1503 952 1672 1005 regulam

153 1021 346 1075 exigatur.
410 1019 516 1060 Haec
539 1020 632 1073 apud
656 1027 713 1070 te,
748 1017 866 1060 Flora
890 1033 1002 1060 soror
1023 1019 1239 1069 carissima,
1273 1018 1403 1074 paucis
1425 1019 1675 1074 comprehen-

153 1089 242 1129 dere
266 1102 310 1128 ac
329 1087 520 1142 disputare
540 1087 659 1141 potui,
694 1087 986 1142 summatimque
1011 1087 1257 1142 praescripsi,
1290 1087 1342 1127 ita
1365 1094 1492 1128 tamen
1515 1095 1555 1128 ut
1576 1089 1674 1142 quod

154 1163 236 1196 erat
255 1155 505 1211 propositum,
540 1162 720 1209 qnantum
744 1156 839 1196 satis
861 1164 980 1207 esset,
1015 1155 1257 1210 explicarim.
1320 1153 1444 1208 Quam
1468 1170 1546 1196 rem
1570 1156 1676 1196 dein-

153 1238 241 1277 ceps
265 1237 402 1277 magno
427 1223 491 1263 tibi
519 1223 602 1263 usui
628 1225 708 1263 fore
734 1224 906 1264 confido:
951 1224 981 1263 si
1007 1224 1143 1274 inodo,
1188 1223 1346 1278 perinde
1371 1237 1414 1263 ac
1437 1224 1560 1265 bonus
1584 1238 1677 1278 ager

152 1298 190 1331 et
219 1292 423 1340 fecundus,
458 1298 621 1346 excepta
655 1292 802 1332 semina
836 1293 1024 1332 fructuum
1059 1292 1233 1332 ubertate
1266 1305 1508 1347 compenses.

384 1381 622 1414 HACTENUS
649 1383 903 1415 PTOLEMAEI
928 1383 986 1414 AD
1012 1382 1192 1414 FLORAM
1218 1383 1440 1415 EPISTOLA.

263 1492 361 1548 Quis
388 1495 573 1535 eiusmodi
600 1495 803 1536 verborum
831 1510 875 1536 ac
902 1495 1195 1536 circumforanei
1224 1495 1334 1536 huius
1362 1496 1673 1552 asseclarumque

151 1562 256 1614 eius,
290 1561 549 1604 Ptolemaeum
573 1578 617 1604 ac
642 1564 769 1604 socios
794 1563 983 1618 intelligo,
1017 1564 1211 1604 vesaniam
1234 1564 1354 1618 possit
1372 1565 1578 1615 sustinere,
1613 1566 1675 1619 qui

150 1630 408 1685 ineptissimas
441 1631 589 1671 fabulas
619 1632 670 1671 ita
703 1631 938 1671 confundunt
969 1646 1013 1671 ac
1045 1634 1261 1672 consuunt?
1318 1631 1410 1673 Non
1442 1633 1541 1673 enim
1574 1633 1676 1687 quis-

152 1713 262 1752 quam
289 1712 339 1739 ex
363 1699 528 1753 antiquis
552 1700 625 1739 illis
653 1700 933 1753 tragoediarum
959 1700 1234 1754 scriptoribUS,
1276 1707 1340 1740 aut
1370 1714 1422 1740 ex
1452 1701 1676 1755 posteriori-

153 1766 223 1807 bus
245 1766 385 1817 mimis‚
416 1767 538 1821 qualis
563 1765 739 1807 Philistio
764 1774 801 1806 et
820 1765 1018 1822 Diogenes
1043 1768 1125 1819 fuit,
1153 1768 1215 1822 qui
1240 1766 1481 1808 Incredibilia
1505 1768 1673 1824 scripsit,

152 1841 217 1875 aut
243 1849 262 1875 e
288 1834 446 1889 reliquis
474 1835 650 1876 omnibus
680 1835 889 1875 fabularum
917 1843 982 1875 aut
1006 1835 1293 1891 rliapsodiarum
1321 1836 1565 1887 auctoribus,
1602 1845 1674 1877 tam

152 1902 332 1943 immania
358 1903 593 1944 comminisci
623 1903 819 1943 mendacia
846 1909 1072 1958 potuerunt,
1118 1903 1240 1958 qualia
1267 1904 1478 1945 nebulones
1502 1905 1563 1945 isti
1591 1919 1678 1960 pro-

155 1971 273 2026 priam
304 1971 343 2011 in
375 1971 581 2026 perniciem
615 1971 849 2011 execrabilia
872 1972 1138 2026 horrendaque
1161 1972 1421 2023 fabricarunt3
1455 1973 1590 2027 quibus
1615 1987 1676 2014 se-

1700 1505 1777 1549 Cap.
1792 1508 1876 1540 VIII.

153 2046 340 2080 ctatorum
368 2040 515 2080 animos
542 2039 777 2080 stultissimis
804 2040 1092 2093 quaestionibus
1117 2053 1162 2080 ac
1187 2041 1424 2094 genealogiis
1451 2040 1674 2082 intermina-
1694 2058 1875 2095 1.'1·im.1‚4‚

153 2107 291 2148 bilibus
315 2107 580 2162 implicarunt:
614 2122 698 2147 cum
724 2121 771 2147 ne
798 2121 840 2147 ea
864 2108 1013 2162 quidem
1041 2108 1187 2148 scirent
1207 2122 1304 2161 quae
1328 2108 1366 2148 in
1391 2109 1564 2149 manibus
1588 2117 1678 2151 sunt

153 2175 300 2231 posita,
335 2182 373 2215 et
398 2176 513 2216 certis
539 2175 691 2215 interim
715 2175 905 2216 mensuris
930 2177 1114 2216 coelestia
1139 2190 1181 2216 se
1207 2176 1365 2216 definire
1388 2177 1673 2231 profiterentur,

154 2251 265 2298 atque
292 2243 622 2284 obstetricantium
655 2244 889 2297 quorundam
920 2251 1117 2284 uterorum
1146 2244 1253 2285 velut
1287 2244 1512 2285 coelestium
1546 2246 1676 2285 matri-

154 2326 237 2352 cum
254 2344 264 2362 ,
307 2312 362 2352 rei
391 2311 500 2366 plane
526 2311 833 2362 commentitiae,
878 2312 934 2352 sic
961 2320 1137 2367 tanquam
1164 2325 1281 2353 verae
1303 2311 1525 2366 solidaeque
1551 2313 1676 2353 scien-

154 2379 243 2420 tiam
275 2393 365 2434 prae
398 2394 439 2420 se
471 2380 632 2419 ferrent.
694 2376 920 2420 Cuiusmodi
945 2380 1007 2434 qui
1033 2381 1078 2420 ab
1103 2380 1176 2420 illis
1203 2379 1352 2430 audiat,
1391 2380 1424 2420 si
1450 2381 1562 2434 paulo
1584 2380 1676 2421 insi—

154 2447 320 2503 pientior
342 2449 406 2498 sit,
439 2447 600 2487 sublime
622 2446 796 2500 quiddam
817 2461 858 2488 se
881 2449 977 2503 apud
1003 2448 1089 2489 illos
1111 2447 1290 2488 didicisse
1310 2454 1416 2488 ratus
1437 2448 1548 2488 facite
1571 2462 1676 2488 men-

157 2514 352 2556 daciorum
380 2515 581 2556 lenociniis
610 2515 825 2555 inducetur.
888 2518 1064 2567 Quoniam
1095 2520 1174 2555 avis
1198 2519 1313 2554 omnis
1339 2518 1535 2555 secandum
1556 2531 1677 2568 genus
1694 2534 1752 2563 Sir.
1766 2535 1806 2571 13,
1820 2536 1862 2564 2⁰.

155 2597 259 2622 snum
283 2591 557 2635 congregatur,
592 2590 631 2621 et
651 2585 766 2622 omnis
785 2584 889 2622 lzomo
912 2587 1029 2624 simili
1046 2588 1110 2624 sui
1130 2585 1354 2631 sociabitur,
1389 2583 1443 2623 ait
1466 2584 1671 2638 scriptura.

157 2647 225 2692 Sin
257 2652 369 2706 paulo
402 2649 679 2704 intelligentior
712 2649 848 2704 aliquis
876 2665 920 2691 ac
950 2659 1059 2692 recto
1088 2651 1229 2692 iudicio
1260 2651 1454 2706 praeditus
1480 2659 1673 2703 occurrat,

203 2751 251 2785 16.
275 2751 450 2795 ἐφθόνησα
471 2754 588 2792 placuit
613 2753 747 2783 Petavio.
938 2758 965 2786 et
988 2755 1059 2786 edit.
1079 2756 1177 2795 princ.
1225 2753 1370 2796 μητρῶν,
1396 2749 1443 2791 ὥς
1467 2751 1574 2788 οὐσῶν
1604 2755 1675 2786 edit.

203 2797 254 2831 17.
278 2797 336 2831 καὶ
351 2796 436 2831 κατὰ
455 2807 519 2838 eqo.
546 2798 629 2829 Libri
644 2798 753 2828 habent
769 2796 827 2830 καὶ
843 2796 891 2832 τὸ.
939 2801 1044 2831 Ρειαυ.

204 2842 254 2875 18.
280 2844 354 2875 Cod.
376 2845 473 2874 Venec.
498 2843 573 2875 τῶν.
983 2846 1015 2876 2.
1040 2844 1178 2887 νομίζων
1197 2855 1228 2877 τι
1246 2846 1354 2883 scripsi
1374 2854 1442 2875 cum
1461 2846 1597 2876 Pelavio.
1627 2856 1676 2877 νο-

205 2886 280 2919 CAP.
295 2889 382 2920 VIII.
404 2907 443 2911 —
474 2888 501 2919 I.
524 2887 589 2920 τῶν
613 2883 672 2920 οὐκ
696 2882 803 2920 οὐσῶν
827 2889 893 2920 cod.
940 2889 1064 2932 μίζοντι
1083 2893 1165 2921 extat
1183 2891 1214 2920 in
1233 2890 1299 2921 cod.
1315 2890 1443 2929 Rhediy.
1458 2893 1484 2921 et
1498 2891 1675 2930 editprinc.

162 2932 254 2964 Vatic.
301 2933 435 2975 μητρῶν
461 2928 520 2966 οὐκ
544 2930 652 2966 ου’σῶν
675 2932 742 2963 cod.
767 2933 893 2973 Rhediy.
939 2934 1067 2977 νομίζον
1090 2944 1121 2968 τι
1143 2934 1214 2966 edit.
1235 2935 1342 2967 Petav.
