2034 3267
201 1388 287 1430 Κεφ.
311 1383 364 1428 ιη’.

216 2289 282 2318 pag.
305 2281 359 2308 184.

376 221 454 257 :342
934 221 1091 252 SANCTI
1115 221 1336 253 EPIPHANII

371 302 497 355 φόβον
521 301 580 349 δὲ,
612 298 664 351 μή
685 296 867 351 καθάπερ
898 300 940 326 11
956 295 1078 349 αὐτὴν
1098 295 1140 338 τὸ
1162 301 1262 348 φῶς,
1293 296 1393 338 οὕτω
1415 300 1481 340 καὶ
1499 299 1541 342 τὸ
1564 303 1631 353 ζῆν
1657 301 1702 326 1²
1717 300 1887 356 ἐπιλίπῃ,

373 369 539 421 α’πορίαν
561 382 599 406 τε
621 367 685 407 ἐπὶ
706 363 876 416 τούτοις,
914 369 927 393 ¹
941 370 958 394 3
972 365 1012 405 ἐν
1033 361 1171 421 άγνοία
1195 365 1237 405 δὲ
1257 363 1304 405 τά
1325 363 1469 416 πάντα,
1500 368 1566 408 καὶ
1589 367 1636 409 οὔ
1657 366 1838 421 καθάπερ
1863 365 1889 418 ἡ

372 435 496 488 μήτηρ
523 432 644 485 αὐτῆς
676 430 755 485 Μή
779 431 913 486 πρώτη
936 434 1068 483 Σοφία
1095 433 1162 473 καὶ
1187 430 1299 473 Αἰών
1320 432 1536 484 ἕτεροίωσιν
1559 436 1599 475 ἐν
1620 442 1700 485 τοῖς
1722 435 1888 477 πάθεσιν

372 501 489 555 εἶχεν,
532 499 624 541 άλλά
653 499 907 552 ἐναντιότητα.
965 498 1346 553 Ἐπισυμβεβηκέναι
1375 498 1408 540 δ’
1437 498 1534 557 αὐτῇ
1561 504 1625 543 καὶ
1654 504 1783 558 ἑτέραν
1808 500 1890 544 διά-

373 577 481 611 θεσιν
503 567 573 621 τὴν
601 573 669 621 τῆς
693 569 929 621 ἐπιστροφῆς
960 568 1023 608 ἐπὶ
1052 566 1118 608 τὸν
1144 566 1436 620 ζωοποιήσαντα
1458 566 1601 621 ταύτην
1634 570 1888 619 15σύστασιν,

379 638 500 678 16καὶ
530 634 664 678 ου’·σίαν
693 640 760 687 τῆς
791 634 886 688 ὕλης
910 639 1140 690 γεγενῆσθαι
1163 636 1359 689 λέγουσιν,
1400 636 1438 684 ἐξ
1463 629 1511 687 ἧς
1545 635 1668 677 17ὅδε
1698 635 1720 678 ὅ
1744 637 1889 690 κόσμος

373 705 612 757 συνέστηκεν.
670 701 744 743 Ἐκ
773 703 841 754 μὲν
872 701 943 757 γάρ
973 707 1042 755 τῆς
1073 704 1310 757 ἐπιστροφῆς
1338 700 1407 755 τήν
1436 707 1505 744 τοῦ
1537 702 1697 756 Κόσμου
1726 706 1791 745 καὶ
1819 710 1888 747 τοῦ

374 776 626 826 Δημιουργοῦ
648 775 779 812 πᾶσαν
801 769 933 823 ψυχήν
953 769 1023 823 τήν
1041 771 1185 824 γένεσιν
1209 771 1406 823 εἰληφέναι
1419 803 1428 820 ,
1460 771 1502 811 ἐκ
1525 771 1567 812 δὲ
1585 775 1655 812 τοῦ
1675 770 1804 824 φόβου
1823 773 1887 814 καὶ

371 845 438 893 τῆς
467 839 590 891 λύπης
621 838 667 879 τοὶ
699 837 815 880 λοιπά
846 837 916 890 τήν
944 836 1063 892 άρχήν
1095 838 1300 891 ἐσχηκέναι.
1367 836 1461 879 Ἀπὸ
1497 837 1569 892 γάρ
1600 842 1676 879 τῶν
1709 838 1889 894 δακρύων

372 906 491 959 αὐτῆς
515 907 711 961 γεγονέναι
735 910 863 946 πᾶσαν
888 907 1049 961 ἕνυγρον
1075 904 1230 956 οὐσίαν,
1272 904 1349 947 άπὸ
1375 906 1416 947 δὲ
1439 910 1508 947 τοῦ
1534 906 1693 960 γέλωτος
1714 905 1785 959 τήν
1809 923 1888 958 ‹pm-

372 973 519 1028 τεινήν,
552 972 629 1014 άπὸ
654 974 696 1014 δὲ
717 978 786 1026 τῆς
804 971 930 1026 λύπης
950 974 1015 1014 καὶ
1034 978 1103 1026 τῆς
1124 971 1339 1025 ἐκπλήξεως
1359 971 1406 1014 τά
1427 972 1626 1026 σωματικά
1647 978 1717 1015 τοῦ
1739 972 1887 1026 κόσμου

374 1047 550 1095 στοιχεῖα.
614 1041 716 1082 Ποτὲ
734 1041 802 1094 μὲν
820 1039 892 1095 γάρ
914 1042 1041 1082 ἔκλαιε
1057 1042 1123 1082 καὶ
1147 1042 1333 1090 ἐλυπεῖτο,
1360 1038 1414 1089 ὥς
1432 1042 1598 1095 λέγουσι,
1628 1040 1692 1082 διά
1713 1040 1755 1083 τό
1779 1059 1891 1083 κατα-

373 1115 573 1161 λελεῖφθαι
602 1108 726 1161 μόνην
755 1110 795 1150 ἐν
823 1113 876 1165 τῷ
907 1108 1033 1150 σκότει
1062 1109 1128 1149 καὶ
1158 1113 1211 1165 τῷ
1235 1107 1443 1160 κενώματι,
1484 1109 1575 1150 ποτὲ
1601 1109 1642 1150 δὲ
1665 1111 1719 1158 εἰς
1740 1111 1894 1151 ἔννοιαν

374 1178 524 1230 ἥκουσα
547 1181 616 1218 τοῦ
640 1174 916 1225 καταλιπόντος
940 1174 1061 1229 αὐτὴν
1082 1174 1214 1227 φωτὸς
1235 1178 1389 1228 διεχεῖτο
1415 1177 1481 1217 καὶ
1505 1177 1631 1232 ἐγέλα,
1671 1177 1762 1218 ποτὲ
1786 1175 1818 1218 δ’
1843 1173 1892 1218 αὖ

375 1245 490 1287 πάλιν
521 1247 726 1298 ἐφοβεῖτο,
758 1243 886 1285 ἄλλοτε
916 1244 957 1284 δὲ
988 1242 1163 1298 διηπόρει
1194 1244 1261 1284 καὶ
1294 1244 1475 1292 ἐξίστατο.

490 1381 566 1420 Καὶ
591 1382 626 1420 τί
647 1378 740 1434 γάρ,
782 1381 973 1435 τραγῳδία
998 1378 1117 1431 πολλὴ
1146 1384 1159 1407 ¹
1174 1378 1309 1420 λοιπὸν
1331 1374 1380 1432 ἦν
1406 1378 1570 1430 ἐνθάδε,
1610 1381 1677 1421 καὶ
1701 1383 1893 1431 φαντασία

376 1448 461 1496 ἑνός
485 1447 647 1489 ἑκάστου
671 1445 818 1497 αὐτῶν,
861 1445 981 1495 ἄλλως
1004 1447 1067 1487 καὶ
1091 1445 1211 1495 ἄλλως
1234 1449 1412 1501 σοβαρῶς
1435 1448 1738 1501 ἐκδιηγουμένου
1760 1450 1801 1489 ἐκ
1825 1466 1893 1490 πο-

377 1520 504 1557 ταποῦ
527 1514 708 1565 πάθους,
740 1516 781 1555 ἐκ
804 1517 918 1556 ποίου
942 1517 1126 1567 στοιχείου
1151 1512 1177 1567 ἡ
1199 1513 1311 1556 οὐσία
1329 1513 1399 1567 τήν
1418 1516 1562 1569 γένεσιν
1581 1517 1753 1568 εἴληφεν,
1785 1515 1810 1556 ἃ
1828 1517 1894 1557 καὶ

377 1583 567 1632 ἳείκότως
596 1585 756 1624 δοκοῦσί
786 1600 851 1635 μοι
883 1581 933 1635 μὴ
963 1581 1136 1631 ἅπαντας
1160 1583 1286 1623 θέλειν
1315 1583 1354 1623 ἐν
1379 1587 1535 1639 φανερῷ
1560 1582 1777 1634 διδάσκειν,
1818 1581 1893 1625 ἄλλ’

375 1652 401 1707 ἢ
423 1651 566 1705 μόνους
588 1652 756 1698 ἐκείνους
779 1649 868 1699 τούς
891 1651 956 1692 καὶ
978 1649 1167 1705 μεγάλους
1188 1649 1356 1702 μισθούς
1374 1648 1469 1705 ὑπὲρ
1493 1649 1728 1702 τηλικούτων
1751 1665 1891 1704 μυστη-

379 1723 473 1775 ρίων
497 1725 614 1760 τελεῖν
637 1719 886 1771 δυναμένους.
951 1716 1088 1759 Οὐκέτι
1112 1717 1184 1773 γάρ
1208 1722 1327 1759 ταῦτα
1353 1716 1467 1770 ὅμοια
1492 1719 1652 1766 ἐκείνοις
1674 1719 1762 1773 περὶ
1788 1713 1841 1760 ὧν
1871 1715 1894 1759 ό

376 1787 510 1841 κύριος
532 1784 643 1839 ἡμῶν
669 1789 813 1840 εἴρηκε,
846 1785 1007 1840 Δωρεάν
1029 1785 1200 1841 ἐλάβετε,
1233 1784 1379 1840 δωρεάν
1399 1784 1504 1836 δότε,
1536 1784 1629 1827 ἄλλα
1653 1784 1891 1841 ἀνακεχωρη-

377 1855 472 1897 κότα
495 1855 560 1895 καὶ
583 1853 777 1908 τερατώδη
801 1855 865 1895 καὶ
887 1854 1015 1906 βαθέα
1037 1852 1239 1908 μυστήρια,
1272 1852 1364 1906 μετά
1386 1858 1528 1895 πολλοῦ
1549 1853 1726 1906 καμάτου
1748 1871 1891 1910 περιγι-

377 1922 518 1975 νόμενα
546 1928 627 1970 τοῖς
658 1922 921 1974 φιλοψευδέσι.
994 1924 1058 1969 Τίς
1092 1920 1164 1976 γάρ
1197 1920 1270 1962 οὐκ
1308 1920 1356 1962 ὃν
1385 1920 1661 1974 ἐκδαπανήσειε
1692 1921 1819 1963 πάντα
1847 1921 1895 1964 τά

376 1989 597 2044 ὑπάρχοντα
622 1987 764 2039 αὐτοῦ,
794 1991 860 2030 ἰ’να
885 1987 996 2046 μάθῃ
1023 1988 1082 2029 ὅτι
1108 1987 1185 2030 άπὸ
1211 1994 1285 2030 τῶν
1313 1988 1492 2043 δακρύων
1514 1994 1581 2041 τῆς
1603 1987 1891 2043 Ἐνθυμήσεως,

375 2063 447 2100 τοῦ
468 2056 716 2105 πεπονθότος
739 2058 915 2107 Αίῶνος,
946 2055 1139 2098 θάλασσαι
1161 2058 1227 2098 καὶ
1252 2058 1399 2111 3πηγαὶ
1422 2057 1487 2098 καὶ
1508 2058 1676 2109 ποταμοὶ
1699 2058 1765 2098 καὶ
1787 2062 1894 2099 πᾶσα

377 2129 538 2180 ἔνυδρος
561 2124 674 2167 οὐσία
697 2124 766 2178 τήν
790 2126 935 2179 γένεσιν
959 2127 1135 2177 εἴληφεν,
1167 2126 1208 2166 ἐκ
1233 2125 1274 2166 δὲ
1298 2129 1367 2166 τοῦ
1394 2125 1554 2179 γέλωτος
1579 2122 1699 2176 αὐτῆς
1723 2123 1764 2166 vo*
1794 2130 1892 2176 φῶς,

377 2196 443 2236 καὶ
473 2196 515 2235 ἐκ
544 2198 613 2246 τῆς
642 2192 858 2246 ἐκπλήξεως
885 2193 952 2233 καὶ
984 2197 1084 2245 4τῆς
1114 2191 1325 2245 ἀμηχανίας
1354 2191 1400 2233 τά
1423 2191 1618 2245 σωματικά
1648 2197 1717 2233 τοῦ
1740 2191 1890 2246 κόσμου

380 2268 561 2315 στοιχεῖα,-
603 2261 800 2313 Βούλομαι
819 2261 859 2301 δὲ
881 2261 945 2301 καὶ
969 2259 1085 2308 αὐτός
1106 2266 1398 2315 συνειςενεγκεῖν
1421 2278 1456 2301 τι
1479 2265 1524 2318 τῇ
1548 2263 1797 2316 καρποφορίᾳ
1823 2259 1891 2301 αὗ-

376 2336 462 2372 τῶν.
519 2328 676 2382 Ἐπειδὴ
705 2329 776 2383 γάρ
808 2326 887 2383 ὁρῶ
916 2326 961 2368 τά
995 2329 1062 2380 μὲν
1085 2329 1224 2382 γλυκέα
1250 2328 1374 2369 ὕδατα
1401 2326 1512 2378 ὄντα,
1553 2325 1636 2369 οἷον
1663 2326 1790 2382 πηγάς
1822 2330 1888 2369 καὶ

378 2396 576 2451 ποταμοὺς
599 2398 664 2438 καὶ
690 2395 862 2450 ὄμβρους
887 2397 951 2436 καὶ
975 2394 1021 2436 τά
1045 2400 1223 2445 τοιαῦτα,
1254 2395 1300 2437 τά
1324 2396 1365 2437 δὲ
1391 2396 1409 2424 5
1424 2397 1464 2437 ἐν
1487 2401 1570 2444 ταῖς
1590 2393 1807 2443 θαλάσσαις
1830 2394 1890 2436 άλ-

378 2465 499 2520 μυρα,
531 2467 672 2507 ἐπινοῶ
697 2463 749 2517 μή
770 2462 896 2504 πάντα
918 2461 995 2504 οἷπό
1018 2467 1096 2504 τῶν
1116 2462 1294 2519 δακρύων
1315 2461 1434 2516 αὐτῆς
1454 2466 1761 2519 προβεβλῆσθαι,
1794 2461 1893 2505 διότι

379 2533 419 2575 τὸ
445 2532 617 2587 δάκρυον
640 2530 810 2586 ἁλμυρόν
831 2536 879 2588 τῇ
901 2530 1075 2583 ποιότητι
1099 2529 1270 2585 ὑπάρχει.
1335 2530 1510 2585 Φανερόν
1533 2526 1605 2572 οὖν
1627 2529 1687 2572 ὅτι
1706 2528 1753 2570 τά
1776 2527 1892 2582 άλμυ-

380 2600 428 2655 ρά
449 2600 572 2642 ὕδατα
592 2599 711 2641 ταῦτά
735 2601 813 2642 ἐστι
833 2598 879 2640 τά
901 2597 978 2640 vind
998 2603 1074 2640 τῶν
1096 2598 1286 2655 δακρύων.
1339 2599 1462 2647 Εἰκὸς
1483 2599 1524 2640 δὲ
1545 2596 1664 2651 αὖτήν
1685 2599 1726 2639 ἐν
1747 2595 1892 2654 οἷγωνία

425 2751 473 2781 ll.
498 2745 601 2790 αὐτὴν
622 2751 709 2780 codd.
728 2751 793 2780 ναι.
812 2751 880 2780 Ven.
902 2751 927 2779 el
943 2749 988 2779 ed.
1003 2750 1106 2780 Petav.
1204 2747 1254 2781 14.
1279 2746 1303 2791 ἡ
1330 2747 1429 2791 σοφία
1453 2745 1531 2781 αἰών
1555 2748 1642 2778 habet
1664 2747 1729 2777 cod.
1757 2749 1824 2777 Ven.

380 2790 464 2837 αὗτῆ
491 2796 536 2825 ed.
555 2796 652 2834 princ.
1203 2794 1253 2825 15.
1277 2796 1349 2825 Post
1371 2791 1538 2833 σύστασιν,
1563 2802 1622 2823 non
1640 2794 1707 2830 post
1733 2789 1891 2833 ζωοποιή-

426 2839 474 2870 1’.’.
500 2837 648 2880 ἐπιλείπη
673 2841 739 2870 cod.
764 2842 832 2870 Ven.
1160 2849 1259 2871 σαντα
1281 2839 1530 2878 distinguendum
1552 2838 1665 2876 fuisse,
1689 2837 1723 2866 id
1746 2838 1827 2875 quod
1847 2838 1892 2876 sc-

425 2882 475 2915 13.
501 2882 531 2915 ἐν
553 2880 667 2926 ἀγνοίᾳ
690 2882 727 2917 δὲ
747 2882 787 2917 τὰ
812 2880 916 2916 πάντα
938 2885 1029 2914 intell.
1049 2894 1110 2915 πα·
1156 2887 1258 2915 cerunt
1277 2886 1441 2921 petavius,
1467 2883 1609 2919 Grabius,
1632 2882 1804 2912 Massuetus
1821 2883 1893 2912 alii-

379 2931 459 2960 ἰτεῖν.
494 2930 629 2960 Ceterum
648 2930 686 2968 cf.
703 2931 745 2960 ad
764 2931 791 2960 h.
806 2930 825 2960 l.
845 2931 967 2968 interpr.
990 2929 1032 2959 ad
1049 2930 1109 2960 Ire-
1155 2938 1230 2967 que,
1263 2930 1348 2959 docet
1369 2930 1415 2959 vel
1433 2929 1495 2966 ipse
1519 2928 1578 2958 Vel.
1600 2926 1726 2965 Interpr.
1750 2928 1801 2965 qui
1822 2935 1890 2957 ver-

380 2983 491 3004 naeum
514 2974 547 3011 1,
572 2973 599 3005 7.
1155 2975 1188 3003 tit
1208 2972 1250 3004 ad
1272 2983 1343 3003 eum
1366 2971 1418 3014 qui
1440 2970 1515 3003 huic
1538 2969 1813 3012 coagmentatioui
1836 2970 1890 3001 vi—

1154 3023 1220 3048 tam
1241 3016 1472 3060 impertiverat.
1515 3017 1549 3048 In
1569 3017 1634 3048 cod.
1653 3017 1722 3047 ren.
1743 3017 1890 3055 scriptum
