2034 3267
475 157 651 190 PANARII
675 159 794 190 L13.1.
818 159 924 192 ΤΟΜ.
947 159 987 191 ΙΙ.
1013 159 1139 192 HAER.
1158 160 1290 196 XXIV,
1563 157 1638 193 145

128 244 205 278 tota
224 235 369 278 Christi
392 236 470 277 vita
491 236 897 291 administrationeque
919 237 1090 278 cernitur
1112 239 1209 293 quod
1232 253 1251 279 a
1275 240 1546 294 prophetarum
1573 256 1639 281 va—

128 304 268 346 ticiniis
296 304 516 344 abhorreat.

235 439 295 479 Ac
319 439 365 479 de
389 437 654 479 Saturniliana
678 438 828 479 haeresi
853 437 1059 490 hactenus,
1102 454 1149 480 ne
1174 441 1210 481 iu
1237 441 1386 482 stolidis
1409 443 1492 483 eius
1521 457 1636 497 quae-

124 507 313 547 stionibus
337 519 542 559 earumque
568 505 797 546 refutatione
822 511 969 559 tempus
991 513 1201 546 conteram.
1249 507 1333 549 Hac
1359 510 1476 563 igitur
1497 511 1638 552 omissa

125 575 305 628 deinceps
326 575 370 613 ad
400 572 592 613 Basilidae
616 571 865 625 condiscipuli
889 572 990 612 illius
1021 580 1060 612 et
1081 575 1226 614 erroris
1246 577 1341 616 socii
1367 577 1542 617 haeresin
1569 592 1638 619 ex-

123 642 333 697 plicandam
361 655 420 681 me
443 642 653 680 conferam.
713 638 840 678 Ambo
865 639 1002 693 quippe
1033 642 1253 681 eorumdem
1278 643 1493 696 dogmatum
1523 647 1639 699 parti-

125 710 245 763 cipes,
278 708 384 748 velut
403 722 424 748 a
446 721 488 747 se
509 707 672 746 invicem
696 718 844 745 venena
866 706 1024 746 mutuati
1048 714 1152 756 sunt,
1176 708 1230 747 uti
1253 709 1491 751 notissimum
1516 714 1639 752 omni-

125 777 196 816 bus
223 775 466 829 proverbium
491 773 626 813 habet:
670 771 875 825 Tanquam
909 773 1010 827 aspis
1042 788 1064 813 a
1091 774 1222 827 vipera
1251 783 1381 816 mutuo
1409 778 1513 817 virus
1539 781 1639 819 acci-

126 845 249 899 piens.
312 842 492 883 Eiusdem
519 840 618 878 enim
651 839 806 879 scholae
838 839 940 880 inter
965 854 1008 880 se
1034 847 1123 880 sunt
1155 855 1200 881 ac
1223 856 1454 894 consessus,
1489 848 1638 886 tametsi

125 925 194 952 sua
219 911 375 964 quisque
400 907 554 947 fundata
579 905 730 946 haeresi
755 907 959 960 separatim
987 908 1219 948 constiterit.
1277 907 1407 961 Quare
1432 914 1639 964 nequitiam

126 980 247 1033 ipsam
271 991 292 1017 a
317 989 358 1016 se
383 980 510 1014 mutuo
535 980 811 1027 corrogarunt,
845 974 1124 1014 dissensionem
1152 989 1246 1015 vero
1278 977 1376 1030 apud
1401 991 1442 1017 se
1463 978 1637 1031 privatim

126 1046 384 1086 instituerunt.
446 1037 524 1080 Sed
549 1040 633 1080 sive
661 1041 768 1094 prior
792 1040 865 1080 iste
889 1041 1045 1095 viperae
1073 1042 1194 1082 instar
1225 1045 1323 1096 quod
1346 1044 1392 1084 ab
1416 1051 1638 1087 antecesso-

126 1113 230 1153 ribus
262 1111 440 1150 hauserat.
467 1106 503 1147 id
538 1106 577 1146 in
603 1105 801 1148 Basiliden
831 1109 1059 1158 transfudit,
1093 1109 1177 1149 sive
1207 1111 1267 1151 hic
1296 1111 1334 1150 in
1368 1111 1472 1151 illum
1495 1114 1636 1166 potius,

126 1195 209 1220 cum
240 1185 278 1218 et
309 1176 420 1216 letale
453 1175 503 1215 sit
525 1188 717 1215 venenum
753 1183 791 1215 et
822 1175 867 1216 ab
894 1177 1108 1217 istiusmodi
1142 1178 1385 1232 serpentibus
1410 1181 1636 1233 profectum,

127 1244 268 1288 Christi
296 1242 439 1283 ‹lomini
463 1241 637 1282 doctriua
667 1243 771 1283 velut
797 1243 968 1284 antidoto
997 1252 1222 1285 enervatum
1252 1260 1271 1286 a
1307 1245 1417 1286 nobis
1451 1254 1490 1287 et
1511 1248 1638 1287 extin-

125 1321 222 1354 ctum
245 1310 520 1364 relinquemus.
580 1309 683 1350 Tum
705 1310 906 1365 implorato
930 1311 990 1352 dei
1013 1312 1159 1353 auxilio
1183 1314 1229 1354 ad
1249 1313 1440 1367 reliquas,
1474 1329 1496 1354 o
1520 1316 1638 1355 caris-

122 1378 229 1429 simi,
263 1378 445 1419 haereses
477 1376 691 1418 orationem
721 1379 1048 1432 promovebimus.

343 1525 702 1575 CONTRA
748 1525 1419 1589 BASILIDIANOS,

437 1621 543 1666 quae
575 1610 642 1652 est
674 1605 868 1654 haeresis
892 1606 997 1666 1V.,
1033 1607 1125 1655 sive
1150 1608 1317 1656 XXIV.
1369 1630 1373 1641 ¹

231 1704 418 1747 Basilides
438 1705 576 1759 igitur,
609 1713 650 1746 ut
677 1713 789 1746 antea
815 1706 1005 1757 diximus,
1037 1706 1074 1746 in
1098 1705 1318 1763 Aegyptum
1344 1710 1538 1764 profectus
1564 1710 1633 1751 ibi-

120 1775 203 1815 dem
233 1780 491 1814 commoratus
524 1781 597 1814 est.
659 1772 752 1813 Inde
776 1774 812 1814 in
834 1772 1139 1828 Prosopiticam,
1173 1782 1210 1815 et
1233 1775 1501 1818 Athribiticam
1526 1793 1636 1833 prae-

120 1843 304 1882 fecturam
331 1841 516 1892 secessit,
559 1848 671 1895 atque
705 1841 819 1881 etiam
855 1841 891 1881 iu
917 1839 1063 1882 Saitica
1097 1849 1135 1882 et
1160 1843 1426 1885 Alexandriae
1456 1854 1634 1887 versatus

118 1916 198 1959 est,
231 1909 270 1948 in
298 1908 643 1962 Alexandrinoque
672 1922 786 1962 agre,
829 1909 912 1949 sive
942 1923 1070 1950 nomo.
1132 1908 1200 1951 Sic
1227 1911 1326 1951 enim
1352 1911 1535 1968 Aegyptii
1568 1929 1634 1955 cu-

117 1976 252 2030 iusque
282 1976 449 2016 civitatis
480 1990 611 2030 agrum
639 1990 683 2016 ac
707 1976 1038 2017 circumiaceutem
1060 1977 1258 2031 regionem
1286 1979 1499 2021 nominant.
1560 1983 1633 2022 At-

118 2057 190 2097 que
221 2043 292 2083 hoc
316 2043 485 2097 quisquis
510 2058 550 2084 es
577 2043 772 2084 doctrinae
796 2043 955 2098 cupidus
979 2045 1023 2084 ad
1053 2059 1163 2085 usum
1188 2052 1292 2086 tuum
1320 2046 1499 2099 habebis,
1533 2050 1631 2103 quod

117 2118 156 2151 et
177 2111 223 2151 ad
246 2111 522 2162 eruditionem,
555 2118 593 2151 et
619 2111 664 2151 ad
691 2111 939 2165 quorumdam
963 2112 1134 2153 locorum
1156 2114 1468 2168 perspicuitatem
1500 2116 1627 2166 faciat,

116 2193 189 2232 quo
216 2178 398 2218 nonnulla
421 2192 516 2232 quae
543 2179 581 2218 iu
604 2178 727 2218 sacris
753 2178 873 2219 literis
899 2180 1039 2234 scripta
1067 2187 1180 2231 sunt,
1213 2188 1250 2220 et
1272 2181 1495 2235 quibusdam
1518 2197 1629 2238 prop-

115 2253 175 2286 ter
193 2245 382 2286 inscitiam
407 2246 679 2286 dubitationem
702 2244 890 2298 iniiciunt,
923 2247 1104 2300 religiose
1129 2248 1347 2288 confirmari
1369 2249 1629 2304 explicarique

116 2314 278 2367 possint.
339 2311 578 2367 Ubicumque
604 2313 704 2352 enim
730 2314 826 2367 apud
861 2312 998 2354 lsaiam
1035 2315 1256 2369 prophetam
1290 2316 1335 2356 de
1365 2316 1531 2357 civitatis
1561 2318 1629 2358 ali-

115 2380 223 2420 cuius
247 2380 391 2431 nomis,
426 2387 514 2435 puta
536 2379 716 2431 TaneOS,
749 2379 964 2436 Memphis,
997 2383 1060 2423 vel
1080 2380 1312 2433 Bubastieo,
1354 2384 1535 2438 scriptum
1561 2386 1628 2425 ali-

115 2448 201 2501 quid
225 2448 413 2502 reperies,
446 2448 606 2501 idipsum
632 2461 683 2487 ex
703 2449 983 2503 Aegyptiorum
1010 2464 1117 2490 more
1143 2450 1475 2492 circumiacentem
1500 2453 1626 2493 cuius-

114 2529 274 2569 cumque
295 2515 462 2557 eivitatis
486 2529 619 2568 agrum
643 2514 852 2568 significan
895 2518 993 2571 quod
1017 2517 1243 2557 eruditionis
1269 2531 1406 2558 caussa
1429 2519 1626 2560 declarare

114 2583 318 2623 voluimus.
381 2581 580 2623 Eiusmodi
611 2582 728 2635 igitur
759 2583 796 2623 in
826 2584 921 2625 locis
946 2585 1002 2634 is,
1043 2599 1154 2639 quem
1189 2584 1379 2636 diximus,
1421 2586 1627 2626 circulator

114 2649 298 2702 degebat,
342 2664 362 2690 e
395 2650 529 2703 quibus
556 2656 735 2703 quantum
766 2659 943 2705 apparet,
988 2652 1082 2693 haec
1115 2653 1196 2708 ipsa
1220 2666 1318 2706 quae
1341 2652 1380 2693 in
1406 2653 1502 2694 hanc
1526 2654 1625 2693 diem

114 2716 218 2770 viget
241 2717 342 2758 illius
363 2717 534 2757 haeresis
555 2717 753 2771 profluxit,
787 2732 882 2772 quae
909 2719 955 2759 ab
977 2720 1059 2760 eius
1083 2719 1281 2774 disciplina
1302 2721 1543 2761 occasionem
1569 2729 1626 2761 ata-

157 2849 189 2883 3.
214 2853 333 2886 σαυτοῦ
358 2855 424 2884 cod.
448 2855 543 2884 Vario.
571 2855 666 2892 Vulgo
685 2851 813 2886 ἑαυτοῦ.
891 2857 991 2887 sicano
1013 2858 1122 2896 recepit
1145 2858 1300 2889 petavius.

158 2891 189 2926 4-
215 2896 466 2939 Αἰγυπτιακῶν,
499 2900 581 2937 quod
603 2899 796 2930 desideratur
815 2901 847 2931 in
937 2901 968 2932 ὁ.
993 2912 1043 2938 τις
1065 2903 1136 2933 edit.
1156 2903 1255 2940 princ.

115 2939 184 2970 edit.
202 2944 300 2979 princ.
322 2946 350 2973 et
370 2944 437 2974 cod.
457 2944 603 2982 Rhedi9.,
637 2952 675 2974 ex
694 2944 758 2974 cod.
789 2945 845 2975 Va·
936 2944 967 2978 6.
992 2946 1182 2988 περίμετρον
1206 2948 1271 2979 cod.
1298 2949 1392 2978 Vatis.

183 2992 295 3029 Corpus
314 2995 490 3024 Haereseol.
509 2996 544 3023 11.
1311 3008 1361 3046 10

1664 442 1742 485 Cap.
1758 444 1827 477 VH.

1660 1713 1736 1757 Cap.
1760 1717 1784 1747 1.
