2034 3267
481 201 660 234 PANARH
685 203 784 235 Anv.
808 202 1030 235 HAERESES
1056 204 1137 236 Lm.
1159 205 1182 235 1.
1206 204 1310 236 ToM.
1330 205 1354 236 Ι.
1619 178 1668 237 St

160 278 310 319 illorum
340 277 615 320 infelicissimis
645 281 865 333 retegendis
896 281 1102 332 institutis,
1144 282 1279 337 partim
1310 282 1478 322 letalium
1512 296 1555 322 ac
1588 297 1672 337 per-

160 345 391 386 niciosorum
424 347 656 402 serpentium
686 349 848 387 venenis
879 348 985 388 brevi
1018 349 1191 389 oratione
1224 349 1486 390 retundendis.

555 414 718 446 Hactenus
743 413 783 445 de
807 414 1083 447 Samaritanorum
1107 416 1204 447 sectis
1229 418 1282 448 tv.

705 571 730 617 Ι
742 570 783 617 U
792 569 833 617 D
847 571 889 618 A
900 572 923 618 I
937 571 968 618 S
981 572 1027 619 M
1039 572 1080 619 U
1092 573 1124 619 S

575 649 662 696 VII
703 648 750 694 in
794 653 935 696 sectas
982 650 1255 698 distributus.

498 770 787 819 CONTRA
823 771 1212 821 SADDUCAE
1229 774 1263 822 Ο
1281 775 1328 834 S,

337 867 441 914 quae
478 854 544 897 est
576 849 716 910 prima
749 849 960 897 Iudaismi
993 855 1109 898 secta
1120 887 1133 910 ,
1180 853 1331 899 ordine
1366 854 1488 903 XIV.

265 939 359 981 Post
394 940 477 979 illas
513 936 842 978 Samaritanorum
875 953 897 978 a
929 939 1037 978 nobis
1070 949 1312 981 enumeratas
1349 941 1660 1000 Graecorumque
1687 953 1810 998 Cap.1.

157 1015 281 1049 sectas
317 1013 461 1060 septem
497 1005 593 1058 apud
626 1003 788 1045 ludaeos
820 1012 910 1045 ante
941 1004 1084 1046 Christi
1125 1007 1266 1047 domini
1298 1010 1503 1052 adventum
1533 1014 1572 1053 in
1603 1013 1665 1055 lu-

157 1077 249 1116 daea
281 1081 391 1126 atque
422 1071 704 1126 Hierosolymis
735 1073 962 1112 extiterunt.

263 1139 408 1180 Horum
437 1138 545 1193 primi
579 1140 687 1179 fuere
714 1137 927 1180 Sadducaei
955 1154 974 1179 a
999 1138 1188 1181 Dositheo
1217 1142 1282 1182 illo
1317 1145 1528 1199 propagati.
1591 1147 1665 1201 Qui

154 1209 328 1250 nimirum
353 1203 601 1247 Sadducaeos
628 1220 671 1246 se
697 1220 720 1246 a
748 1206 892 1247 iustitia
924 1209 1137 1249 nominant.
1197 1207 1326 1250 Sedek
1352 1212 1453 1252 enim
1483 1213 1665 1255 iustitiam

153 1274 353 1329 signifieat.
416 1271 494 1313 Sed
518 1279 555 1313 et
576 1271 704 1314 Sadoc
728 1275 878 1328 quidam
901 1288 953 1314 ex
977 1275 1143 1329 antiquis
1165 1278 1430 1319 sacerdotibus
1455 1282 1666 1335 appellatus

151 1349 225 1382 est.
286 1339 433 1381 Verum
462 1339 526 1380 isti
548 1354 569 1380 a
590 1341 764 1394 magistri
792 1342 965 1382 doctrina
990 1343 1250 1384 desciverunt.
1310 1343 1465 1386 Etenim
1496 1357 1665 1390 mortuo-

149 1423 232 1450 rum
268 1407 592 1448 resurrectionem
626 1408 889 1460 sustulerunt3
931 1409 968 1449 in
1002 1423 1076 1463 quo
1111 1423 1194 1450 cum
1230 1409 1484 1454 Samaritanis
1522 1430 1664 1458 conve·

148 1475 272 1517 niunt.
335 1473 413 1516 Sed
436 1475 594 1528 angelos
618 1482 750 1515 contra
772 1490 883 1529 quam
906 1474 1139 1517 Samaritani
1168 1479 1391 1532 repudiant,
1424 1495 1468 1521 ac
1490 1483 1661 1538 spiritum

148 1550 323 1584 sanctum
357 1542 562 1596 ignorant,
607 1556 716 1596 quem
754 1556 826 1582 nec
858 1543 1034 1598 accipere
1066 1553 1304 1586 meruerunt.
1363 1546 1510 1589 Eadem
1546 1565 1661 1604 porro

148 1624 234 1651 cum
260 1608 515 1650 Samaritanis
535 1609 709 1650 instituta
740 1610 972 1651 custodiunt.
1034 1609 1274 1666 Quamquam
1299 1612 1452 1667 Iudaei,
1485 1632 1561 1658 non
1590 1616 1663 1659 Sa-

147 1677 322 1717 maritani
347 1678 514 1717 fuerunt.
577 1675 772 1730 Siquidem
799 1677 1081 1732 Hierosolymis
1113 1679 1402 1733 sacrificabant,
1436 1691 1662 1739 caeteraque

147 1746 274 1785 omnia
305 1759 389 1784 cum
420 1742 572 1784 ludaeis
602 1744 852 1784 communiter
879 1745 1079 1798 gerebant.
1139 1746 1270 1800 Atque
1303 1748 1373 1789 hos
1406 1750 1557 1804 quidem
1589 1768 1664 1794 una

150 1808 295 1852 Christi
323 1811 464 1851 domini
495 1811 686 1851 sententia
717 1812 819 1851 omni
850 1812 921 1852 fide
949 1813 1063 1866 digna
1093 1821 1336 1867 prosternet,
1370 1831 1478 1870 quam
1509 1819 1581 1874 ipsi
1612 1835 1663 1862 ex

146 1878 365 1934 propositae
390 1879 628 1932 quaestionis
654 1878 905 1919 dissolutione
935 1879 975 1919 in
1007 1880 1157 1935 seipsos
1190 1892 1472 1936 provocarunt,
1505 1901 1588 1927 cum
1615 1889 1660 1929 ad

145 1959 231 1986 eum
273 1946 503 1986 accedentes
547 1953 732 1999 rogarunt
775 1946 908 1987 fierine
950 1955 1081 2001 posset
1125 1957 1364 1991 mortuorum
1405 1957 1655 1996 resurrectio.
1678 1963 1789 2010 Mat-113.

143 2010 242 2053 Item
267 2013 386 2053 fuisse
410 2020 590 2068 septenos
616 2014 755 2053 fratres
771 2044 781 2063 ,
815 2028 973 2067 quorum
995 2015 1138 2068 primus
1164 2031 1289 2058 uxore
1319 2018 1429 2059 ducta
1461 2035 1544 2061 cum
1576 2024 1660 2065 sine
1680 1999 1727 2033 κ’
1747 2001 1787 2026 ω’

144 2079 277 2120 liberis
310 2080 565 2130 decessisset,
606 2081 797 2120 secundus
827 2094 908 2121 eam
946 2083 1122 2137 excepit,
1164 2097 1214 2124 ex
1241 2082 1370 2126 Mosis
1406 2090 1658 2144 praescripto,

143 2146 208 2200 qui
234 2147 319 2187 viro
353 2148 437 2188 sine
465 2147 596 2188 liberis
621 2148 798 2187 defuncto
823 2149 1030 2190 succedere
1057 2151 1215 2191 fratrem
1242 2152 1282 2192 in
1309 2152 1412 2194 illius
1442 2157 1658 2210 coniugium

143 2213 277 2264 iussit,
311 2215 540 2268 viduamque
566 2215 727 2264 ducere,
762 2230 834 2268 quo
864 2215 901 2256 in
935 2217 1073 2257 mortui
1102 2232 1240 2258 nomen
1264 2221 1529 2273 posteritatem
1552 2226 1659 2264 exci-

144 2287 257 2321 taret.
317 2282 473 2322 Accidit
495 2282 625 2335 igitur,
659 2282 824 2333 aiebant,
859 2290 897 2323 ut
918 2283 1019 2324 illam
1043 2284 1185 2339 primus
1209 2300 1253 2326 ac
1276 2289 1468 2329 secundus
1495 2305 1656 2332 uxorem

142 2348 344 2389 habuerint
366 2363 410 2389 ac
434 2349 571 2389 mortui
592 2349 682 2399 sint,
716 2357 935 2404 septemque
956 2351 1086 2392 itidem
1108 2367 1256 2394 omnes.
1302 2353 1347 2394 ln
1370 2359 1656 2399 resurrectione

138 2416 268 2469 itaque
293 2424 531 2457 mortuorum
556 2416 662 2456 cuius
686 2417 779 2457 haec
799 2431 901 2458 uxor
924 2419 1019 2470 erit,
1053 2420 1354 2474 quandoquidem
1377 2431 1522 2478 septem
1554 2426 1656 2466 illam

141 2482 345 2537 coniugem
374 2483 614 2524 habuerunt?
669 2484 731 2523 Ad
761 2484 854 2524 haec
879 2486 1053 2527 dominus
1078 2487 1130 2527 ita
1156 2489 1376 2542 respondit:
1416 2494 1569 2531 Erratis
1592 2509 1655 2533 ne-

138 2553 294 2589 scientes
321 2554 528 2602 scrz'pcuras
552 2565 595 2589 ae
626 2554 794 2590 virtatem
817 2556 898 2601 (ἱείς
931 2557 968 2593 z‘tz
1000 2559 1272 2594 resurreetione
1302 2560 1395 2596 enlm
1425 2568 1652 2600 mortuorum

136 2631 252 2669 neque
281 2632 418 2657 umores
447 2621 607 2665 ducunt,
647 2633 762 2670 neque
789 2622 953 2669 nubunt,
993 2625 1059 2661 sed
1083 2637 1197 2673 pares
1223 2632 1313 2662 sunt
1332 2628 1488 2676 angelis.
1549 2630 1654 2678 Quod

136 2691 255 2722 autem
284 2689 424 2724 mortui
441 2693 658 2736 resurgeat,
692 2689 840 2737 Moyses
865 2703 927 2727 vos
953 2692 1077 2737 docet,
1111 2693 1280 2741 quoniam
1308 2694 1360 2730 ita
1387 2696 1476 2732 deus
1502 2697 1565 2733 ille
1590 2711 1649 2735 re·
1667 2715 1756 2742 Exod.
1772 2717 1803 2751 3,
1822 2716 1846 2743 fi.

136 2754 304 2801 spondit.-
337 2755 419 2803 Ego
449 2767 528 2791 sum
555 2755 644 2791 dens
665 2755 853 2802 Abraam,
886 2764 923 2794 et
950 2759 1039 2796 deus
1061 2760 1188 2804 Isaac,
1223 2766 1259 2796 et
1286 2761 1374 2798 deus
1396 2763 1526 2809 Iacob,
1561 2766 1650 2802 deus

137 2820 298 2857 vivorum
321 2835 393 2859 non
415 2828 654 2858 mortuorum.
717 2819 775 2860 lta
804 2836 847 2862 os
869 2823 943 2864 illis
970 2825 1144 2864 occlusit.
1208 2823 1359 2866 Faciles
1383 2828 1484 2868 enim
1511 2830 1555 2869 ad
1588 2845 1648 2870 re-

139 2883 340 2926 fellendum
372 2894 482 2935 sunt,
516 2902 587 2927 nec
619 2887 677 2929 vel
710 2887 817 2928 brevi
847 2890 970 2945 spatio
1000 2892 1154 2932 veritati
1185 2901 1345 2947 possunt
1376 2896 1574 2938 resistere.

204 2949 318 2986 Corpus
336 2952 511 2979 Haereseol.
531 2952 566 2979 11.
1332 2965 1354 3004 6
