2034 3267
569 805 1197 862 EPISTOLA

119 961 231 991 anno
258 941 516 990 Diocletiani
539 940 709 999 XCII.,
745 940 1043 987 Valentiniani
1069 945 1112 986 et:
1137 940 1335 986 Valentis
1362 940 1492 998 XII„
1532 940 1645 989 Gra-

118 1023 226 1069 tiani
250 1020 395 1078 VIII.,
432 1021 485 1065 ad
513 1019 807 1082 Epiphanium
834 1020 1132 1067 Palaestiuum
1159 1018 1644 1081 Eleutheropolitanum

119 1101 300 1161 scripta,
349 1099 422 1159 qui
456 1115 550 1145 cum
572 1099 674 1145 olim
704 1099 959 1146 monasterii
985 1099 1100 1159 quod
1131 1097 1177 1143 in
1206 1097 1642 1160 Eleutheropolitano

118 1174 220 1241 agro
246 1179 377 1224 situm
400 1182 466 1224 est
500 1182 624 1239 pater
646 1177 825 1237 suisset,
861 1178 941 1224 hoc
966 1183 1161 1239 tempore
1190 1176 1498 1235 Constantiae,
1537 1193 1644 1237 quae

116 1259 218 1304 urbs
241 1261 307 1302 est
326 1257 573 1318 provinciae
603 1256 762 1317 Cypri,
800 1257 1028 1318 episcopus
1052 1260 1142 1314 est,
1178 1256 1228 1301 ab
1255 1255 1414 1302 Acacio
1442 1260 1484 1302 et
1504 1255 1643 1304 Paulo

115 1335 386 1398 presbyteris
424 1339 466 1381 et
493 1335 867 1394 archimandritis,
912 1335 995 1382 hoc
1027 1340 1093 1381 est.
1117 1334 1484 1380 monasteriorum
1515 1351 1645 1396 prae-

113 1415 296 1477 positis,
344 1414 390 1460 iu
424 1414 602 1476 regione
637 1414 931 1461 Carchedonis
972 1419 1014 1460 et
1049 1414 1242 1460 Beroeae
1281 1413 1435 1460 Coeles
1471 1413 1642 1473 Syriae,

117 1510 199 1555 qua
234 1493 459 1555 postulant:
494 1497 543 1539 ut
575 1494 786 1540 adversus
831 1493 1032 1539 haereses
1067 1492 1301 1550 scriberet,
1350 1508 1445 1538 cum
1487 1493 1574 1539 iam
1618 1510 1643 1541 a

178 1573 328 1620 multis
354 1573 535 1635 insuper
563 1577 741 1633 rogatus
776 1576 824 1618 ut
838 1571 931 1618 ffloc
959 1573 1223 1633 susciperet,
1260 1575 1414 1632 atque,
1449 1576 1498 1618 ut:
1521 1572 1582 1619 ita

590 1652 751 1710 dicam,
785 1655 955 1698 coactus
990 1651 1161 1698 fuisset.

226 1851 394 1892 Domino
416 1866 502 1892 meo
522 1852 819 1892 honoratissimo
842 1859 954 1906 atque
977 1854 1013 1892 in
1036 1852 1211 1892 omnibus
1229 1851 1522 1906 religiosissimo
1543 1853 1641 1907 patri

113 1917 347 1974 Epiphanio,
379 1920 576 1974 episcopo,
609 1920 778 1960 Aeacius
803 1927 841 1960 et
864 1918 1009 1960 Paulus
1032 1919 1264 1974 presbyteri,
1298 1919 1638 1971 archimandritae,

114 1987 153 2027 in
184 1988 337 2027 domino
368 1988 543 2028 satutem.

224 2053 387 2095 Pietatis
416 2055 565 2108 quidem
593 2061 704 2103 tuae,
748 2061 876 2108 pater,
920 2062 1098 2109 aspectus
1126 2054 1207 2109 ipse
1234 2054 1327 2094 satis
1355 2068 1442 2094 esse
1470 2062 1638 2109 poterat,

115 2122 178 2177 qui
204 2136 274 2162 nos
298 2122 531 2176 spiritalibus
557 2121 796 2162 sermonibus
822 2122 1015 2177 implevit,
1049 2137 1092 2162 ac
1117 2130 1192 2162 tam
1217 2122 1428 2162 vehemens
1453 2121 1563 2162 nobis
1587 2122 1641 2162 tui

115 2190 346 2230 desiderium
367 2189 516 2240 indidit,
543 2196 738 2243 postquam
762 2196 826 2229 tuo
847 2191 968 2230 semel
991 2190 1062 2231 frui
1085 2196 1294 2244 conspectu
1314 2189 1437 2229 licuit.
1493 2188 1640 2229 Verum

114 2257 292 2311 quoniam
327 2257 481 2311 praevia
515 2256 686 2310 discipuli
719 2254 863 2297 Christi
895 2259 995 2298 sama
1027 2258 1235 2298 verborum
1265 2256 1347 2297 eius
1377 2257 1640 2310 factorumque

113 2324 361 2377 fragrantiam
386 2324 523 2378 ubique
546 2323 755 2378 praedicat,
789 2325 893 2378 angit
919 2340 989 2365 nos
1015 2332 1053 2366 et
1074 2324 1254 2365 sollicitat
1277 2331 1317 2364 ut
1339 2324 1439 2364 illius
1461 2337 1532 2364 nos
1556 2337 1640 2364 ser-

114 2391 291 2430 monibus
323 2405 368 2430 ac
403 2392 528 2431 sensis
563 2391 721 2445 explere
751 2392 988 2433 studeamus.
1051 2391 1193 2433 Coram
1220 2392 1337 2445 igitur
1363 2392 1548 2432 adeuntes
1575 2405 1642 2446 par

112 2465 195 2498 erat
226 2458 308 2498 eius
345 2473 441 2512 quae
478 2459 516 2498 in
552 2465 588 2497 te
624 2458 781 2512 perinde
815 2467 929 2514 atque
964 2460 1001 2499 in
1036 2460 1221 2514 apostolis
1257 2466 1318 2499 est
1352 2459 1501 2513 gratiae
1537 2473 1641 2499 com-

113 2526 294 2566 munione
330 2527 524 2581 perfundi.
588 2522 665 2565 Sed
699 2540 782 2566 eum
817 2527 891 2567 iter
921 2528 1011 2567 illud
1042 2527 1153 2567 nobis
1180 2526 1354 2581 corporis
1379 2526 1579 2580 aegritudo
1605 2533 1643 2566 et

112 2593 276 2647 languor
300 2593 585 2642 intercluserit,
627 2592 780 2633 minime
806 2595 878 2649 ipsi
904 2594 1095 2649 potuimus
1123 2595 1167 2634 ad
1195 2595 1310 2648 pedes
1337 2601 1424 2634 tuos
1449 2593 1640 2648 provoluti

113 2661 304 2715 spiritales
324 2668 558 2714 sanctosque
579 2674 779 2701 sermones
799 2675 850 2701 ex
869 2675 936 2702 ore
957 2668 1019 2702 tuo
1038 2669 1238 2702 manantes
1258 2662 1390 2701 audire
1411 2675 1456 2700 ac
1472 2661 1638 2701 discere.

155 2784 185 2816 8.
209 2781 306 2826 ἡμῶν
324 2786 391 2816 cod.
408 2787 505 2816 Venet.
553 2784 615 2826 μοῧ
638 2785 704 2815 cod.
723 2786 850 2826 Rhediy.
955 2786 1004 2817 ll.
1030 2782 1145 2827 ἐπειδὴ
1171 2786 1237 2816 cod.
1262 2787 1358 2817 Venet.

112 2833 138 2860 et
159 2831 228 2860 edd.
954 2831 1004 2861 12.
1029 2830 1091 2870 τῆς
1114 2829 1336 2871 ταλαιπωρίας
1359 2832 1425 2862 cod.
1447 2832 1544 2862 Venae.

155 2872 185 2905 9.
211 2869 289 2917 ἅχρι
308 2876 364 2906 los.
381 2875 529 2914 Scnliyer.
553 2876 587 2906 In
604 2883 682 2913 seqq.
696 2876 786 2913 vulgo
803 2876 851 2906 di·
955 2874 1004 2906 13.
1031 2873 1109 2912 σούς
1129 2873 1234 2912 πόδας
1257 2876 1323 2906 cod.
1346 2877 1445 2906 Venet.

114 2920 269 2958 stinyuunt
292 2919 511 2960 κορεσὲἧναι,
539 2917 606 2951 ἔδει
627 2922 693 2949 cett.
954 2916 1004 2951 14.
1030 2917 1193 2962 στόματος
1217 2920 1275 2953 σοῦ
1300 2921 1366 2951 cod.
1392 2922 1487 2951 Vcnct.

161 2962 210 2992 10.
236 2973 288 2995 σοι
310 2963 468 3004 &ossam
491 2965 557 2995 eod.
581 2965 677 2995 Venet.

1306 3020 1373 3061 1*
