2034 3267
500 181 677 213 PANARII
703 182 782 213 Llss.
798 183 821 213 1.
845 183 950 214 TOM.
976 183 1015 215 Il.
1039 182 1169 214 IIAER.
1190 183 1320 213 XXXI.
1592 174 1671 213 365

151 272 265 313 porro
291 259 444 298 nomine
470 257 712 300 Salvatorem
734 260 856 315 ipsum
878 261 1073 315 appellari.
1137 259 1203 302 Sic
1228 261 1340 302 etiam
1366 268 1557 311 terrenos,
1591 261 1671 301 ani-

150 326 267 366 males
296 340 339 366 ac
363 324 553 380 spiritales
580 342 599 367 a
624 326 743 368 Panlo
769 329 941 369 homines
967 343 1052 369 esse
1076 337 1418 380 commemoratos,
1454 328 1589 384 partim
1613 329 1670 368 his

150 393 301 435 verbis:
337 397 464 444 Qualis
488 403 669 442 terrenus,
701 399 792 435 tales
813 404 851 435 et
867 400 1026 435 terreni:
1061 398 1195 451 partim
1219 397 1323 437 istis:
1355 399 1542 436 Am’malz's
1565 399 1669 435 homo
1689 409 1799 449 1200r.

149 477 220 501 non
238 465 403 514 percipit
421 478 461 501 ea
485 478 577 515 qnae
599 472 686 502 szmc
703 467 880 515 spiritus:
915 464 1048 517 partini
1075 465 1236 518 denique
1259 479 1340 504 cum
1367 465 1441 515 ait,
1475 467 1667 516 Spiritalis
1685 443 1799 523 1113Ἧῖ
1819 490 1855 516 1⁴.

149 533 268 569 omnia
298 533 488 569 diiudicat.
552 530 615 571 Ex
644 531 779 585 quibus
806 531 965 584 primum
990 531 1104 581 illud,
1145 535 1331 571 Am‘malc‘s
1353 548 1424 572 non
1443 536 1607 585 percipit
1625 547 1668 571 ea
1688 532 1751 559 lbi‘l
1772 535 1797 568 ²⁷
1816 535 1854 561 ¹5·

149 612 242 650 quae
261 606 351 637 sunt
370 602 544 650 spz‘rz’lch,
580 599 624 639 ad
651 596 898 639 Conditorem
925 605 1058 652 putant
1080 600 1293 653 pertinere,
1328 601 1389 653 qui
1412 615 1495 640 cum
1520 601 1569 641 sit
1591 600 1672 640 ani-

149 666 281 718 malis,
316 680 438 720 neqne
461 665 649 716 Matrem,
684 673 812 720 utpote
837 663 1078 720 Spiritalem,
1113 667 1333 720 cognoscit,
1369 682 1491 721 neque
1514 669 1672 722 stirpem

149 734 291 789 ipsius,
335 748 405 774 nec
434 735 591 774 Aeones
621 733 706 773 illos
738 733 800 787 qui
826 731 1045 774 Pleromate
1077 734 1336 775 continentur.
1399 734 1512 788 Quod
1545 743 1670 776 autem

151 815 281 842 eorum
297 834 307 853 ,
340 802 475 856 quibus
496 802 655 841 salutem
678 808 760 841 erat
784 801 992 852 allaturus,
1026 801 1211 856 primitias
1235 801 1418 842 Salvator
1440 804 1669 857 susceperit,

151 870 197 909 ob
222 870 257 909 id
282 869 555 925 pronunciasse
581 866 765 919 Paulum,
807 872 860 907 Et
886 872 924 908 si
933 873 1124 921 primitiae
1146 878 1316 917 sanctae,
1362 879 1399 909 et
1420 885 1562 910 massa:
1609 871 1871 919 nhinom.11,n5.

151 937 336 992 primitias
362 937 407 977 ad
430 937 464 976 id
491 936 587 990 quod
616 943 673 976 est
697 936 867 991 spiritale
889 938 1083 989 referunt,
1128 952 1292 978 massam
1315 938 1360 978 ad
1384 953 1452 978 nos
1468 970 1477 988 ,
1522 938 1592 978 hoc
1614 947 1673 979 est

151 1005 351 1045 animalem
371 1003 609 1054 Ecclesiam3
636 1004 743 1044 cuius
762 1019 927 1045 massam
950 1005 996 1045 ab
1018 1006 1082 1045 illo
1101 1013 1334 1061 susceptam,
1362 1006 1398 1046 in
1419 1007 1559 1060 illoque
1581 1021 1672 1047 con-

151 1080 332 1122 tractam,
367 1072 669 1126 quandoquidem
702 1079 785 1112 erat
815 1073 897 1127 ipse
930 1074 1173 1114 fermentum.

258 1139 318 1181 De
339 1139 577 1180 Achamothe
598 1154 730 1194 porro,
765 1154 848 1180 eam
872 1148 984 1182 extra
1004 1140 1185 1182 Pleroma
1205 1142 1447 1182 aberrantem
1470 1157 1490 1182 a
1514 1140 1670 1183 Christo
1738 1152 1814 1195 Cap.

150 1209 266 1249 fuisse
290 1208 513 1258 formatam,
549 1214 586 1248 et
606 1208 651 1248 ab
675 1209 808 1249 eodem
831 1210 1065 1263 quaesitam,
1096 1211 1300 1264 ipsummet
1319 1209 1552 1261 ostendisse,
1585 1226 1667 1252 cum
1689 1197 1850 1278 {jam

150 1277 245 1317 dixit
266 1275 421 1316 venisse
442 1289 484 1316 se
510 1276 553 1315 ad
579 1290 690 1316 ovem
713 1291 809 1330 quae
832 1285 1048 1318 erraverat.
1094 1277 1195 1319 Esse
1218 1278 1317 1318 enim
1340 1286 1532 1319 errantem
1557 1293 1667 1320 ovem
1688 1275 1730 1320 15,
1749 1273 1798 1314 2⁴s

147 1343 314 1385 Matrem
340 1344 439 1384 illam
466 1358 571 1384 suam
600 1344 926 1399 interpretantur,
971 1360 991 1386 a
1019 1359 1091 1400 qua
1117 1353 1249 1386 nostra
1276 1346 1370 1386 haec
1394 1347 1558 1388 ecclesia
1581 1362 1672 1388 con-

147 1413 218 1453 sita
241 1412 368 1453 fuerit.
416 1410 602 1452 Errorem
630 1427 723 1454 vero
745 1412 845 1453 illius
868 1414 968 1454 inter
989 1413 1299 1468 perturbationes
1320 1415 1424 1469 ipsas
1447 1422 1560 1456 extra
1579 1414 1667 1456 Ple·
1686 1428 1757 1457 Luc.
1771 1430 1812 1464 15,
1830 1430 1855 1456 e.

145 1495 254 1522 roma
277 1480 634 1531 commorationem,
661 1481 758 1521 unde
781 1481 964 1522 materiae
988 1482 1174 1535 originem
1194 1490 1411 1524 arcessunt.
1465 1482 1567 1524 Nam
1589 1498 1670 1524 mn-

143 1549 275 1589 lierem
306 1548 409 1589 illam
439 1562 536 1602 quae
561 1548 711 1589 domum
738 1548 883 1589 everrit
910 1557 947 1590 et
974 1550 1191 1591 drachmam
1217 1551 1364 1591 invenit
1389 1552 1433 1591 ad
1459 1552 1668 1592 coelestem

148 1614 382 1672 Sapientiam
405 1617 663 1667 transferunt,
707 1631 803 1671 qnae
828 1616 1084 1672 Enthymesin
1108 1633 1218 1673 quam
1241 1619 1425 1659 amiserat
1448 1627 1582 1674 postea
1609 1633 1670 1660 re-

145 1685 317 1740 purgatis
340 1686 515 1726 omnibus
539 1699 606 1740 per
627 1685 832 1725 adventum
854 1683 1071 1727 salvatoris
1091 1687 1349 1741 recuperavit,
1382 1687 1428 1727 ob
1449 1688 1561 1742 idque
1582 1686 1670 1728 Ple-

145 1753 282 1793 romati
319 1761 481 1794 censent
515 1767 602 1794 esse
636 1753 868 1794 restitutam.
932 1752 1166 1809 Symeonem
1199 1755 1302 1795 illum
1338 1763 1562 1808 praeterea,
1607 1756 1669 1809 qui

147 1817 342 1862 Christum
366 1822 404 1862 in
429 1821 528 1862 ulnis
551 1821 785 1876 gestaverit,
827 1822 936 1876 eique
960 1823 1103 1876 gratias
1133 1823 1189 1863 his
1215 1823 1345 1864 verbis
1369 1823 1514 1877 egerit:
1558 1826 1668 1863 Nunc
1687 1831 1756 1859 Luc.
1770 1832 1795 1868 2,
1812 1833 1852 1861 Ξε-

144 1892 299 1928 dimittis
320 1904 463 1929 servum
487 1898 586 1929 tuum
599 1920 609 1937 ‚
643 1892 804 1936 domme,
838 1894 1035 1930 secundnm
1056 1893 1202 1931 verbum
1225 1900 1325 1931 tuum
1349 1895 1386 1931 in
1403 1906 1517 1943 paee,
1564 1889 1669 1932 Con-

145 1956 279 1998 ditoris
313 1956 519 2012 imaginem
556 1958 702 1998 referre
740 1957 891 2008 dicunt,
939 1958 1001 2012 qui
1036 1960 1267 2000 adveniente
1304 1958 1510 2000 Salvatore
1548 1959 1667 2014 ipsius

147 2026 510 2080 transportationem
542 2025 740 2076 didicerit,
784 2040 828 2066 ac
854 2024 981 2081 Bytho
1011 2028 1156 2082 gratias
1186 2028 1322 2082 egerit.
1386 2028 1446 2068 Ad
1477 2027 1568 2068 haec
1598 2041 1666 2082 per

145 2094 299 2134 Annam
328 2093 452 2144 illam,
496 2108 591 2148 quae
621 2093 860 2148 prophetissa
890 2094 928 2134 in
958 2097 1160 2151 evangelio
1187 2097 1452 2151 praedicatur,
1495 2109 1666 2150 quaeque

145 2169 291 2217 septem
315 2176 436 2203 anuos
458 2177 540 2202 cum
566 2162 648 2201 viro
671 2161 834 2212 vixisse,
860 2162 1046 2217 reliquum
1071 2179 1165 2205 vero
1187 2172 1333 2219 tempus
1355 2178 1467 2205 omne
1488 2164 1526 2203 in
1544 2164 1667 2204 vidui-

144 2237 220 2270 tate
253 2230 379 2284 egisse
413 2230 571 2280 dicitur,
617 2231 737 2270 donec
763 2228 968 2272 Salvatore
1000 2239 1207 2287 conspecto
1236 2240 1274 2273 et
1300 2233 1421 2287 ipsum
1448 2231 1663 2286 agnoverit,

145 2305 184 2337 et
208 2298 305 2351 apud
332 2312 464 2339 omnes
492 2299 537 2339 de
564 2311 610 2338 eo
633 2298 758 2338 locuta
783 2298 856 2348 sit,
901 2299 1212 2341 manifestissime
1234 2300 1514 2340 Achamothem
1537 2300 1667 2339 adum·

144 2365 247 2406 brari
278 2368 526 2418 confirmant,
568 2379 663 2420 quae
696 2365 758 2406 ubi
788 2364 1030 2408 Salvatorem
1063 2383 1145 2409 cum
1174 2368 1256 2409 eius
1281 2368 1501 2422 aequalibus
1530 2367 1664 2422 raptim

144 2434 409 2487 adspexisset,
443 2435 622 2489 deinceps
647 2441 726 2474 toto
749 2433 964 2489 insequenti
989 2443 1160 2492 tempore
1184 2436 1308 2477 media
1329 2437 1366 2476 in
1393 2435 1550 2490 regione
1575 2449 1666 2475 con-

144 2501 286 2543 sistens
317 2503 403 2542 dum
434 2503 570 2543 iterum
600 2502 744 2543 rediret
772 2505 1059 2557 expectaverit,
1105 2519 1148 2545 ac
1179 2519 1220 2544 se
1248 2504 1426 2558 coniugio
1459 2518 1529 2543 suo
1552 2503 1666 2543 resti-

144 2575 285 2611 tueret.
342 2568 463 2612 Cuius
484 2570 599 2611 etiam
621 2585 760 2611 nomen
780 2585 801 2611 a
821 2569 1027 2613 Salvatore
1050 2572 1155 2613 hisce
1178 2572 1308 2613 verbis
1329 2585 1580 2627 expressum:
1612 2573 1667 2611 Et
1681 2578 1751 2607 Luc.
1765 2581 1790 2614 τ,
1809 2581 1850 2608 ³5.

189 2716 265 2750 CAP.
279 2718 439 2750 XXVIII.
453 2736 495 2742 —
520 2717 547 2750 1.
571 2720 639 2750 Voc.
659 2716 820 2762 πρόβατον
834 2721 882 2752 hic
973 2717 1004 2752 4.
1022 2716 1143 2758 ’Ἅννας
1167 2721 1232 2752 cod.
1253 2721 1322 2751 Vera.

144 2771 201 2793 om.
223 2773 325 2795 omnes
342 2765 420 2794 libri.
456 2765 559 2795 Adieci
578 2766 724 2795 sententia
742 2773 812 2795 cum
825 2775 881 2804 po·
973 2767 1005 2797 5.
1029 2765 1252 2808 μεμενηκυίας
1283 2767 1406 2804 reposui
1435 2774 1472 2796 ex
1503 2765 1568 2796 cod.
1595 2766 1666 2796 Ven.

144 2808 267 2839 stularet
289 2809 326 2840 de
354 2810 413 2840 Vct.
433 2810 603 2848 Interpreee.
931 2813 1026 2851 Vulgo
1049 2815 1132 2842 extat
1161 2813 1240 2842 enim
1265 2807 1438 2851 μενούσης.
1489 2811 1548 2842 Vec.
1571 2811 1664 2842 Inter-

187 2852 218 2883 2.
250 2852 299 2896 τῷ
331 2855 454 2897 χριστῷ
484 2864 541 2893 pro
575 2849 667 2897 αὐτῷ
699 2855 787 2885 habet
813 2856 878 2886 cod.
924 2865 995 2895 pres
1017 2859 1104 2887 vertit
1127 2866 1358 2898 perseverasse.

146 2896 216 2928 Ven.
252 2898 313 2929 Vel.
328 2899 453 2937 Inter-pr.
472 2901 576 2939 leyisse
589 2900 710 2930 videtur
728 2899 775 2942 τῷ
799 2899 879 2933 teo.
971 2901 1002 2933 ὁ.
1028 2903 1073 2933 Ita
1097 2902 1162 2932 cod.
1188 2902 1278 2940 Ven.,
1305 2902 1484 2938 conspirans
1507 2911 1575 2933 cum
1604 2903 1664 2932 Vet.

188 2941 289 2994 &ena
305 2945 374 2975 cod.
391 2945 476 2983 Ven.,
496 2948 523 2975 et
543 2945 604 2975 Vel.
620 2945 778 2983 Interpres.
812 2936 880 2977 Vu'l-
926 2947 1098 2986 Interprete.
1148 2947 1242 2985 Vulgo
1267 2944 1324 2987 μὲν
1349 2941 1442 2979 οὖσα.

145 2995 183 3024 90
207 2997 262 3024 ως·
972 2991 1001 3024 7.
1026 2987 1296 3025 ἅποκαταῦτάσει
1319 2993 1384 3024 cod.
1404 2993 1473 3024 Ven.
