2034 3267
499 162 673 194 PANARH
697 163 779 196 Lm.
797 164 822 196 1.
845 164 951 197 ΤοΜ.
969 164 1009 196 11.
1033 163 1162 198 HAER.
1177 164 1310 197 xxxi.
1581 157 1659 196 377

260 238 356 282 Cum
380 241 497 294 igitur
520 241 682 283 ecclesia
707 243 916 283 doctrinam
942 243 1126 285 eiusmodi
1150 244 1359 299 fidemque,
1403 244 1454 285 uti
1476 244 1657 296 diximus,

150 308 362 364 acceperit,
395 323 478 349 eam
504 309 562 351 vel
583 310 674 351 orbe
696 317 774 351 toto
798 311 932 352 diffusa
953 311 1121 352 studiose
1143 320 1364 363 conservat,
1398 312 1504 367 quasi
1526 312 1564 353 in
1588 325 1660 353 una

147 375 305 430 quadam
338 377 449 417 domo
481 377 675 428 habitans,
721 393 764 419 ac
795 379 970 419 similiter
994 379 1168 420 omnibus
1199 380 1274 420 illis
1300 381 1530 430 assentitur,
1577 386 1659 420 tau-

146 457 254 498 quam
280 444 405 484 anima
432 459 504 485 una
530 446 740 500 eodemque
764 447 878 486 corde
902 447 1092 501 praedita,
1127 447 1334 501 eademque
1359 447 1659 489 concordissime

145 511 223 562 sic,
257 512 361 565 quasi
383 527 497 552 unum
522 527 564 553 os
591 513 748 563 habeat,
781 514 892 553 docet
913 527 956 552 ac
978 514 1186 568 praedicat.
1247 513 1399 555 Etenim
1423 516 1571 556 tametsi
1593 515 1658 556 ho-

144 579 285 619 minum
317 579 470 634 linguae
500 581 577 620 sint
607 580 836 631 dissimiles,
879 582 1009 620 eadem
1036 588 1160 621 tamen
1191 582 1353 622 traditae
1378 583 1574 624 doctrinae
1600 584 1658 624 vis

145 653 204 687 est
228 646 389 701 ubique3
424 661 545 702 neque
570 654 633 688 aut
654 648 880 688 constitutae
903 648 939 687 in
969 647 1177 689 Germania
1200 650 1386 690 ecclesiae
1409 651 1569 690 credunt
1590 651 1657 691 ali-

145 722 203 754 ter
224 729 266 755 ae
292 729 382 756 suos
404 716 625 770 perdocent,
659 722 724 755 aut
747 729 842 769 quae
864 715 902 755 in
923 714 1119 770 Hispaniis
1141 731 1184 756 ac
1205 715 1341 756 Galliis
1365 724 1429 756 aut
1450 719 1494 757 ad
1516 716 1655 759 Orien-

145 789 242 833 tem,
276 790 340 823 aut
365 783 402 822 in
428 783 605 837 Aegypto
635 782 697 822 vel
723 780 848 837 Libya
874 783 1047 824 mediove
1076 784 1166 823 orbe
1193 784 1398 824 stabilitae.
1462 783 1539 826 Sed
1566 801 1656 840 que-

144 851 380 891 madmodum
405 851 462 891 sol
487 850 759 890 nobilissimum
784 850 841 890 dei
865 865 960 905 opus
986 865 1081 892 unus
1103 851 1142 891 in
1167 858 1244 892 toto
1268 854 1407 893 mundo
1426 860 1538 907 atque
1560 854 1656 894 idem

143 925 202 959 est
226 932 400 973 semper,
441 919 495 958 sic
523 917 695 958 veritatis
720 917 952 972 praedicatio
984 918 1121 973 ubique
1149 927 1336 960 terrarum
1363 921 1573 972 illucescit,
1615 936 1658 962 ac

144 987 324 1026 mortales
348 999 478 1026 omnes
498 985 684 1037 illustrat,
718 985 780 1039 qui
804 986 952 1040 quidem
976 986 1076 1027 illius
1100 987 1144 1026 ad
1171 988 1342 1028 notitiam
1370 989 1571 1043 pervenire
1591 1004 1659 1030 vo-

144 1054 298 1094 luerint.
359 1054 468 1094 Adeo
488 1061 528 1093 ut
549 1066 670 1107 neque
693 1052 724 1093 is
749 1053 809 1107 qui
832 1054 933 1094 inter
955 1055 1203 1095 ecclesiarum
1224 1056 1414 1097 antistites
1434 1056 1583 1098 dicendi
1604 1059 1659 1097 fa-

146 1122 287 1162 cultate
309 1121 437 1175 pollet,
473 1121 517 1162 ab
539 1121 612 1162 illis
635 1121 788 1161 diversa
813 1122 1034 1176 profiteatur
1058 1125 1191 1174 (nemo
1212 1123 1311 1164 enim
1335 1131 1393 1164 est
1412 1132 1660 1179 praeceptore

143 1204 211 1231 suo
244 1189 462 1243 superior),
505 1203 628 1243 neque
662 1189 725 1243 qui
753 1190 878 1230 infans
912 1197 970 1231 est
1000 1198 1038 1231 et
1066 1191 1296 1243 indisertus,
1341 1194 1386 1233 de
1418 1193 1556 1233 tradita
1587 1193 1658 1233 sibi

143 1256 339 1312 disciplina
357 1257 552 1311 quicquam
573 1257 769 1298 diminuat.
817 1256 1008 1311 Quoniam
1029 1259 1128 1299 enim
1149 1275 1222 1300 uua
1241 1268 1300 1301 cst
1320 1261 1527 1316 eademque
1548 1261 1655 1311 fides,

141 1338 263 1379 neque
294 1324 355 1379 qui
388 1325 433 1364 de
463 1338 506 1365 ea
537 1325 692 1379 copiose
724 1333 848 1380 potest
878 1326 1008 1367 dicere
1039 1327 1120 1382 plus
1153 1328 1290 1382 aliquid
1324 1329 1492 1380 obtinet,
1535 1342 1657 1383 neque

140 1393 280 1443 minus,
314 1392 376 1447 qui
399 1406 515 1447 pauca
537 1393 723 1433 duntaxat
745 1394 868 1447 eloqui
894 1401 1032 1449 potest.
1096 1394 1207 1449 Quod
1230 1404 1355 1437 autem
1379 1397 1460 1452 plus
1482 1397 1656 1437 minusve

141 1460 309 1501 nonnulli
330 1460 579 1514 intelligentia
604 1475 647 1501 ac
670 1462 830 1502 scientia
854 1470 1152 1516 consequantur,
1187 1463 1279 1504 nihil
1301 1464 1372 1505 hoc
1394 1465 1438 1505 ad
1459 1465 1658 1505 immutan-

141 1529 224 1569 dam
248 1528 458 1569 doctrinam
487 1528 673 1582 pertinet3
716 1543 838 1584 neque
869 1529 1010 1570 idcirco
1036 1531 1145 1571 deum
1170 1532 1282 1572 alium
1309 1540 1460 1587 praeter
1487 1533 1658 1573 condito·

140 1611 220 1637 rem
246 1596 470 1650 excogitant
492 1604 603 1651 atque
629 1597 738 1638 liuius
767 1598 1026 1638 universitatis
1053 1599 1235 1640 artificem
1260 1607 1297 1640 et
1321 1601 1505 1652 altorem,
1550 1602 1656 1656 quasi

140 1665 294 1705 minime
318 1665 394 1705 sint
416 1666 538 1705 altero
562 1665 625 1705 illo
649 1666 838 1716 contenti,
873 1679 995 1720 neque
1015 1666 1129 1707 alium
1153 1665 1365 1720 Christum,
1399 1683 1522 1723 neque
1543 1683 1656 1724 porro

141 1731 386 1786 Unigenitum
420 1733 547 1773 alium.
611 1731 687 1774 Sed
719 1734 756 1773 in
786 1734 820 1773 id
856 1735 1038 1775 duntaxat
1069 1735 1219 1776 illorum
1251 1736 1422 1777 elaborat
1454 1737 1653 1787 industria,

140 1807 181 1841 ut
206 1814 301 1855 quae
328 1801 581 1856 aenigmatum
608 1801 830 1855 quibusdam
855 1801 1064 1843 involucris
1091 1804 1241 1844 obtecta
1268 1811 1357 1844 sunt
1383 1805 1579 1859 expoliant
1601 1812 1656 1845 at-

141 1882 211 1922 que
240 1869 454 1923 explicent,
500 1877 536 1909 et
563 1870 607 1910 ad
632 1870 841 1910 communis
868 1870 953 1910 fidei
977 1871 1189 1911 institutum
1217 1873 1528 1924 accommodent,
1571 1873 1654 1914 sive

141 1943 182 1977 ut
202 1936 370 1977 divinum
394 1937 485 1977 illud
512 1937 548 1977 in
575 1937 766 1977 hominum
790 1937 910 1978 salute
933 1940 1171 1993 procuranda
1195 1941 1386 1994 negotium
1413 1940 1655 1982 administra-

141 2005 358 2059 tionemque
383 2019 532 2045 omnem
560 2012 776 2060 exponant,
810 2005 920 2060 idque
945 2006 1066 2060 ipsum
1090 2007 1307 2058 declarent,
1342 2009 1530 2063 quomodo
1552 2009 1654 2049 illam

140 2072 337 2113 rebellium
368 2073 565 2127 spirituum
593 2073 845 2113 desectionem
872 2073 1140 2129 hominumque
1165 2076 1442 2117 contumaciam
1474 2077 1566 2117 deus
1593 2091 1656 2132 pa-

141 2140 366 2181 tientissime
394 2141 543 2191 tulerit,
577 2141 662 2194 quid
688 2155 848 2181 caussae
868 2142 917 2182 sit
941 2156 1008 2182 cur
1030 2157 1125 2184 unus
1148 2144 1322 2198 idemque
1351 2145 1443 2184 deus
1467 2145 1540 2185 alia
1564 2152 1657 2185 tem-

141 2207 314 2263 poraria,
358 2208 431 2248 alia
462 2209 695 2263 sempiterna
727 2209 883 2261 fecerit,
926 2210 1091 2265 itemque
1121 2211 1303 2253 coelestia
1330 2212 1537 2267 quaedam,
1582 2212 1655 2253 alia

141 2284 316 2327 terrena,
360 2290 428 2317 cur
453 2276 515 2331 qui
538 2276 657 2317 oculis
684 2277 801 2332 aspici
827 2278 978 2332 nequit,
1021 2279 1216 2334 prophetis
1243 2294 1319 2320 nou
1346 2294 1418 2320 uua
1447 2280 1574 2335 specie
1599 2280 1655 2321 vi-

141 2345 298 2385 sendum
324 2358 365 2385 se
390 2344 630 2399 praebuerit,
673 2346 739 2385 sed
766 2345 847 2386 aliis
873 2346 945 2386 alio
969 2348 1080 2388 modo
1104 2361 1200 2402 quae
1224 2348 1340 2389 vellet
1362 2348 1651 2402 significaverit,

143 2426 209 2453 cur
230 2419 456 2453 testamenta
481 2413 589 2467 plura
608 2413 684 2453 sint
706 2412 919 2455 hominibus
942 2415 1116 2466 condita,
1151 2429 1298 2470 quaeve
1321 2416 1518 2470 utriusque
1541 2424 1655 2457 notae

141 2494 184 2520 ac
203 2481 355 2535 propria
380 2480 496 2522 veluti
517 2480 744 2521 lineamenta
769 2482 865 2523 sint:
898 2490 939 2523 ut
959 2483 1049 2524 illud
1073 2485 1186 2524 etiam
1207 2484 1414 2538 inquirant,
1441 2499 1509 2524 cur
1528 2484 1653 2526 omnia

141 2547 234 2588 deus
258 2548 519 2603 perduellione
542 2548 796 2600 concluserit,
828 2558 867 2590 ut
892 2551 1057 2592 omnium
1081 2552 1255 2592 misereri
1281 2559 1433 2607 posset,
1467 2559 1579 2606 atque
1606 2553 1653 2593 ob

141 2615 177 2655 id
199 2616 355 2670 insuper
375 2617 516 2670 gratias
541 2624 678 2670 agant,
719 2617 815 2671 quod
842 2616 1012 2659 Verbum
1038 2620 1096 2660 dei
1124 2634 1214 2660 caro
1240 2621 1375 2660 factum
1402 2634 1445 2660 ac
1468 2620 1652 2675 supplicio

143 2689 202 2722 est
225 2683 426 2735 affectum,
467 2684 556 2724 illud
585 2684 697 2724 etiam
724 2685 960 2737 edisserant,
1004 2701 1072 2728 cur
1100 2688 1138 2728 in
1166 2696 1340 2728 extrema
1368 2695 1537 2742 tempora
1563 2686 1652 2728 Filii

144 2748 201 2789 dei
227 2751 413 2792 adventus
436 2751 635 2801 inciderit,
679 2751 749 2792 hoc
780 2760 838 2793 est
868 2768 935 2794 cur
958 2755 1121 2795 omnium
1147 2769 1233 2796 sese
1257 2755 1479 2810 principium
1511 2756 1547 2796 in
1579 2757 1652 2797 fine

145 2818 370 2869 prodiderit:
404 2820 448 2860 ad
473 2820 566 2860 haec
591 2820 636 2860 de
658 2820 785 2860 mundi
809 2822 915 2862 exitu
934 2823 1144 2879 futurisque
1169 2823 1283 2864 rebus
1309 2837 1568 2878 quaecumque
1592 2838 1651 2864 sa-

145 2884 218 2924 cris
242 2887 482 2939 reperiuntur
503 2888 542 2927 in
566 2887 694 2938 libris,
738 2889 955 2941 excutiant,
998 2905 1068 2932 nec
1093 2892 1181 2932 illud
1206 2899 1380 2942 taceant,
1423 2905 1491 2932 cur
1518 2892 1652 2947 despe-

188 2971 219 3006 6.
240 2975 304 3009 τῶν
326 2986 383 3009 om.
407 2979 474 3009 cod.
500 2979 570 3010 Ven.

1725 243 1802 284 Cap.

1681 289 1842 321 xxxin.
