2034 3267
444 110 621 143 PANARH
646 111 726 142 LIB.
749 112 771 143 1.
796 112 900 144 ToM.
919 112 959 144 11.
984 112 1111 144 HAER.
1133 113 1265 144 xxxi.
1529 106 1608 145 317

99 188 276 229 Homine
299 189 513 243 producens
546 190 697 241 (horum
731 204 825 231 vero
858 191 1074 231 coniunctio
1104 192 1300 232 voluntate
1331 191 1412 231 sola
1444 193 1612 246 perfecta

101 260 179 308 est)
208 255 421 297 Veritatem
453 257 583 297 edidit.
645 255 754 310 Quae
786 271 832 298 eo
864 258 1014 298 nomine
1045 258 1180 299 merito
1211 273 1232 299 a
1265 259 1442 313 perfectis
1472 260 1612 300 donata

98 331 179 375 est,
212 325 309 378 quod
335 322 451 364 Matri
475 338 566 364 suae
591 323 683 378 Sige
708 325 833 380 reipsa
858 325 991 366 similis
1015 333 1133 376 esset,
1167 340 1263 380 quac
1285 341 1336 367 ex
1360 327 1610 367 divisionibus

96 392 302 443 luminum,
337 399 411 431 tam
437 392 552 432 maris
577 406 685 446 quam
713 393 899 442 feminae,
941 392 1102 447 idipsum
1126 394 1285 448 aequale
1309 408 1394 435 esse
1419 395 1606 445 voluerat,

97 467 138 500 ut
159 460 197 500 in
221 459 397 500 sensibus
422 460 596 514 exposita
618 460 759 500 lumina
781 460 953 514 dispersa
975 473 1042 513 per
1062 461 1125 500 illa
1148 461 1229 515 ipsa
1253 469 1288 502 et
1309 462 1347 502 in
1367 463 1458 516 ipsis
1479 462 1525 502 iis
1548 461 1611 516 qui

97 541 149 567 ex
170 527 252 582 ipso
274 535 312 567 et
333 527 370 566 in
392 527 472 581 ipso
494 534 582 567 sunt
605 541 691 567 sese
713 528 960 581 patefaceret.
1022 525 1164 568 Postea
1187 527 1374 569 Veritatis
1393 528 1610 570 Maternam

96 593 317 635 Pruniciam
336 596 535 648 proferens
555 602 750 649 parentem
770 608 878 634 suum
901 594 946 634 ad
965 594 1021 634 sui
1042 609 1210 635 amorem
1234 597 1435 650 pertraxit.
1480 596 1610 649 Quare

96 662 207 702 ambo
242 663 460 717 incorrupta
497 662 735 716 copulatione
775 675 818 702 ac
855 676 1043 715 nunquam
1079 670 1307 703 senescente
1340 664 1609 705 coniunctione

96 730 283 770 commisti
313 737 415 770 sunt.
477 728 585 771 Unde
610 728 792 783 spiritalis
817 729 974 768 marium
1002 742 1044 768 ac
1069 730 1293 770 feminarum
1318 732 1500 785 quadriga
1525 746 1610 786 pro-

96 798 184 848 diit,
221 798 357 851 prioris
384 797 540 838 alterius
567 796 725 846 similis,
759 810 852 849 quae
880 796 926 836 iis
954 803 1139 850 quatuor,
1173 796 1315 851 Bytho,
1348 797 1458 852 Sige,
1491 798 1607 839 Patre

97 879 139 905 ac
169 864 368 916 Veritate,
409 864 620 905 constabat.
681 861 881 903 Posterior
905 878 997 903 vero
1022 864 1084 904 illa
1112 878 1164 904 ex
1186 864 1302 905 Patre
1331 880 1374 906 ac
1402 864 1495 920 Sige
1522 881 1609 921 pro-

96 934 206 973 ducta
234 933 325 973 haec
349 939 428 972 est:
462 931 601 980 Homo,
636 929 829 982 Ecclesia,
865 928 1019 983 Sermo,
1055 930 1162 972 Vita.
1225 932 1338 973 Tunc
1361 934 1610 988 comprehen-

97 1000 220 1040 dentis
249 1000 373 1040 omnia
399 998 514 1054 Bythi
541 999 739 1038 voluntate
764 997 889 1039 Homo
914 1006 1025 1053 atque
1052 998 1228 1040 Ecclesia
1256 1008 1501 1055 paternorum
1527 1016 1609 1042 ser-

96 1082 248 1108 monum
273 1081 460 1108 memores
483 1066 723 1120 invicemque
749 1068 947 1121 congressi
970 1066 1224 1108 Prunicorum
1246 1067 1413 1109 Marium
1437 1084 1480 1110 ac
1501 1070 1609 1110 femi-

95 1150 228 1176 narum
250 1134 491 1176 Dodecadem
514 1142 779 1188 procrearunt.
841 1133 974 1175 Mares
997 1135 1175 1176 videlicet
1199 1136 1317 1187 istos,
1350 1136 1605 1189 Paracletum,

94 1201 324 1252 Paternum,
354 1200 597 1252 Maternum,
631 1202 789 1253 Ainum‚
822 1201 1041 1253 Theletum,
1077 1204 1173 1257 quod
1195 1204 1294 1244 idem
1318 1213 1376 1245 est
1397 1219 1441 1246 ac
1463 1206 1605 1257 lumen,

94 1269 432 1311 Ecclesiasticum:
477 1270 638 1310 feminas
669 1283 785 1320 vero,
826 1268 983 1321 Fidem,
1022 1270 1160 1326 Spem,
1196 1270 1429 1325 Caritatem,
1463 1272 1608 1314 lntelli-

94 1338 282 1392 gentiam,
326 1335 601 1387 Fortunatam,
644 1335 894 1391 Sapientiam.
957 1337 1107 1379 Deinde
1135 1338 1273 1380 Sermo
1300 1355 1344 1381 ac
1371 1340 1461 1382 Vita
1493 1343 1606 1381 ctiam

92 1406 161 1459 ipsi
187 1405 308 1445 laudis
335 1419 470 1445 munus
496 1406 718 1458 effingentes
744 1419 874 1446 secum
900 1405 1064 1446 invicem
1095 1408 1304 1448 consociati
1331 1416 1434 1448 sunt.
1497 1407 1606 1462 Quae

93 1473 240 1527 quidem
264 1472 499 1513 consociatio
523 1473 717 1513 voluntate
740 1473 819 1513 sola
841 1481 994 1528 peracta
1017 1481 1090 1514 est.
1147 1474 1253 1529 Ergo
1274 1476 1375 1516 inter
1395 1490 1481 1516 sese
1504 1491 1606 1516 com-

92 1540 193 1581 misti
215 1539 468 1581 Prunicorum
488 1539 682 1581 Decadem
707 1555 758 1581 ex
778 1541 946 1581 maribus
973 1555 1164 1596 peraeque
1186 1557 1229 1583 ac
1252 1544 1400 1585 feminis
1426 1551 1605 1584 constan-

91 1616 166 1649 tem
197 1616 426 1662 genuerunt.
490 1607 610 1649 Cuius
642 1608 678 1648 hi
708 1616 798 1649 sunt
827 1623 974 1649 mares:
1013 1607 1198 1664 Bythius,
1233 1611 1449 1666 Ageratus,
1482 1613 1606 1652 Auto-

91 1676 227 1731 phyes,
259 1674 452 1730 Unigena,
486 1674 711 1717 Immobilis.
775 1675 824 1716 Hi
847 1677 892 1717 ad
915 1677 1145 1718 continentis
1168 1680 1294 1719 omnia
1317 1681 1605 1720 contestandam

90 1744 251 1798 gloriam
282 1744 433 1784 sibimet
461 1744 542 1784 cius
570 1744 859 1798 appellationem
886 1745 1117 1786 indiderunt.
1178 1745 1364 1788 Feminae
1397 1762 1489 1789 vero
1517 1756 1607 1789 sunt

90 1809 240 1862 Mistio,
273 1810 390 1862 Unio,
425 1811 690 1867 Temperatio,
724 1810 876 1863 Unitas,
910 1811 1113 1868 Voluptas.
1175 1812 1284 1867 Quae
1308 1830 1440 1857 omnes
1465 1817 1510 1856 ad
1539 1816 1605 1856 ho-

91 1893 222 1920 norem
256 1877 369 1934 Siges
401 1880 629 1934 pertinentia
660 1879 846 1921 vocabula
883 1880 1058 1921 similiter
1089 1891 1336 1937 usurparunt.

201 1944 300 1988 Cum
326 1947 444 2001 igitur
467 1947 664 1988 absolutus
695 1947 766 1987 hoc
796 1948 906 1988 modo
934 1946 1121 1999 Veritatis
1151 1951 1319 2005 parentis
1348 1951 1600 1993 Tricenarius

92 2016 212 2066 foret,
246 2029 354 2069 quem
383 2015 525 2055 terreni
552 2015 724 2056 homines
746 2015 969 2069 ignorantes
991 2025 1215 2070 numerant,
1250 2026 1287 2059 et
1308 2033 1391 2060 cum
1413 2020 1459 2060 ad
1480 2020 1602 2075 ipsum

90 2083 362 2137 pervenerint,
404 2083 507 2123 nullo
543 2083 703 2138 amplius
733 2090 887 2138 reperto
918 2098 1098 2136 numero,
1145 2086 1285 2126 iterato
1316 2087 1352 2127 in
1385 2102 1472 2128 sese
1503 2095 1604 2128 rete-

89 2158 201 2190 xunt.
270 2149 470 2191 Eiusmodi
500 2158 625 2191 autem
656 2151 718 2191 ille
747 2159 827 2191 est:
869 2149 1039 2207 Bythus,
1087 2151 1202 2207 Sige,
1245 2153 1383 2206 Pater,
1428 2154 1600 2206 Veritas,

89 2217 237 2269 Homo,
280 2217 480 2270 Ecclesia,
518 2217 677 2269 Sermo,
712 2217 824 2270 Vita,
856 2217 1067 2272 Paternus,
1098 2219 1326 2274 Maternus,
1359 2221 1600 2273 Paracletus,

88 2284 237 2338 Ainus,
277 2285 487 2337 Theletus,
533 2285 853 2337 Ecclesiasticus,
895 2285 1037 2340 Fides,
1083 2287 1204 2343 Spes,
1249 2287 1424 2341 Caritas,
1459 2288 1604 2331 Intelli-

89 2353 234 2407 gentia,
268 2352 497 2406 Fortunata,
531 2353 743 2409 Sapientia,
776 2353 953 2409 Bythius,
987 2357 1198 2410 Ageratus,
1232 2357 1475 2412 Autophyes,
1511 2356 1603 2398 Uni-

51 2452 64 2466 .
88 2434 202 2473 gena,
233 2420 456 2472 immobilis,
490 2421 639 2473 MistiO,
675 2419 871 2476 Cognitio,
906 2423 1171 2479 Temperatio,
1204 2422 1359 2476 Unitas,
1393 2425 1597 2481 Voluptas.

88 2486 187 2528 Tum
218 2489 280 2543 qui
306 2490 486 2531 universa
512 2504 659 2530 summa
685 2504 754 2530 sua
783 2491 968 2545 sapientia
997 2492 1170 2532 continet
1192 2489 1415 2546 Ogdoadem
1441 2494 1600 2534 alteram

86 2555 171 2596 loco
198 2557 337 2611 prioris
364 2558 464 2599 illius
494 2572 537 2598 ac
564 2557 765 2613 primariae
795 2559 1052 2614 appellandam
1079 2573 1166 2601 esse
1194 2567 1388 2612 statuens,
1435 2576 1531 2614 qnae
1562 2562 1599 2601 in

87 2644 201 2680 νείκων
224 2649 333 2687 reliqui
356 2650 434 2680 libri.
912 2649 986 2681 CAP.
1002 2651 1058 2681 VI.
1084 2669 1125 2674 —
1153 2651 1180 2683 1.
1203 2653 1250 2683 Ita
1268 2653 1333 2684 cod.
1356 2653 1463 2690 Vatia,
1488 2656 1514 2683 et
1532 2654 1603 2684 inde

131 2691 183 2724 21.
209 2691 476 2732 μεταπλάσαντες
500 2695 564 2725 cod.
587 2695 657 2724 Ven.
866 2696 934 2726 edit.
955 2697 1083 2727 Pecavii.
1121 2698 1155 2728 In
1176 2698 1263 2728 codd.
1282 2699 1350 2728 Ven.
1371 2701 1398 2728 et
1415 2698 1555 2737 Rlzediy„
1577 2701 1603 2729 el

130 2736 183 2768 22.
208 2736 418 2778 Προυνείκων
440 2741 542 2778 vulqo.
864 2742 897 2771 in
918 2741 962 2771 ed.
982 2742 1079 2780 princ.
1106 2743 1252 2780 scriptum
1277 2745 1319 2773 esc
1343 2737 1548 2783 ἀριθμοῦσιν.

132 2778 465 2826 23.”ἀρρενοῇηλειῶν
490 2785 598 2815 habent
618 2792 719 2814 omnes
743 2784 820 2815 libri.
903 2785 934 2816 2.
954 2787 1001 2816 Ita
1018 2790 1211 2818 correxerunt
1228 2788 1394 2819 Carnarius
1409 2789 1602 2819 elPetavius.

93 2824 159 2856 Voc.
181 2825 246 2865 ὠν,
270 2829 351 2867 quod
371 2830 516 2869 sequitur,
541 2831 623 2860 abest
643 2838 663 2859 a
684 2829 748 2859 cod.
768 2830 821 2860 Ve-
868 2826 1024 2871 ὁλογενῆς
1047 2832 1154 2862 habent
1178 2841 1279 2863 omnes
1301 2833 1378 2863 libri.

92 2872 167 2901 nelo.
912 2874 942 2906 3.
974 2872 1015 2908 τοὶ
1048 2877 1238 2907 desideratur
1264 2879 1295 2907 in
1325 2878 1422 2908 editis.
1470 2879 1601 2910 Tueatur

134 2911 186 2946 24.
210 2914 258 2954 εἰς
283 2915 345 2959 τήν
368 2915 467 2958 ’δόξαν
491 2921 615 2951 coniecit
636 2919 791 2952 Petavius.
868 2920 956 2952 codd.
981 2920 1074 2952 Vatic.
1100 2921 1198 2954 Venel.
1220 2921 1347 2962 Rhediy.

1627 1957 1704 2001 Cap.
1727 1960 1782 1992 VI.
