2034 3267
204 1845 271 1873 pag.
292 1834 348 1862 133

362 196 444 234 254
923 194 1082 227 SANCTI
1105 195 1325 227 EPIPHANH

362 282 440 319 τῶν
459 274 671 331 γινομένων
693 274 746 328 τῷ
765 269 940 328 Ἰωσήπῳ
964 268 1248 311 ἀνακοινοῦται.
1306 272 1386 312 Καὶ
1407 277 1562 327 πρῶτον
1584 273 1652 326 μὲν
1671 273 1870 321 ταλανίσας

364 342 500 385 ἑαυτὸν
528 342 625 392 ἔφη,
673 337 858 388 Τᾶλανες,
898 338 1038 389 φησὶν,
1075 334 1205 389 ἡμεῖς,
1242 335 1400 388 ἄδελφὲ,
1436 341 1502 380 καὶ
1525 338 1712 388 ἀπωλείας
1738 338 1870 392 σκεύη,

362 413 437 451 τίνι
461 404 786 461 προςεδρεύομεν,·
823 402 866 445 Ὁ
890 404 931 445 δὲ
949 402 1135 457 Ἰώσηπος
1156 402 1226 456 τήν
1249 405 1374 444 αἰτίαν
1398 405 1589 458 ἐρωτήσας
1614 405 1660 448 ού
1682 405 1871 460 πρότερον

361 475 504 528 ἤκουσε
523 472 613 527 παρ’
635 471 756 513 αὐτοῦ
776 470 841 512 δια
864 470 1001 526 λόγων,
1032 472 1126 525 πρὶν
1145 468 1267 512 αὐτοῦ
1284 469 1497 524 λαβόμενος
1515 478 1582 525 τῆς
1597 473 1721 528 χειρὸς
1740 472 1761 516 ὁ
1782 489 1871 527 πρε-

361 540 506 594 σβύτης
520 539 693 595 ἆπήγαγε
712 537 780 581 τόν
797 537 981 591 Ἰώσηπον
996 539 1096 579 ἔνθα
1114 537 1156 579 τό
1175 537 1374 590 ἄθροισμα
1391 540 1432 578 οἷ
1447 545 1681 593 φθοριμαῖοι
1697 539 1789 593 μετά
1803 545 1872 581 τοῦ

359 609 549 661 νεωτέρου
579 609 618 649 ἐν
646 613 727 655 τοῖς
752 604 921 659 μνήμασι
945 609 1175 660 μαγγανείας
1200 607 1311 646 ἕνεκα
1334 607 1549 646 ἐποιοῦντο.
1609 608 1688 647 Καὶ
1711 609 1780 657 ἔξω
1805 607 1873 660 μὲν

358 681 426 729 τῆς
444 675 574 728 θύρας
593 673 749 722 στάντες
770 671 818 714 τοὶ
839 671 928 728 παρ’
950 674 1107 714 ἐκείνων
1126 671 1308 728 γινόμενα
1325 671 1649 727 κατηκροάσαντο.
1696 671 1874 716 Ἐκείνων

360 744 401 785 δὲ
424 742 602 792 ἐξιόντων
624 739 896 794 ύπεχώρησαν’
936 738 1045 781 οὔπω
1069 738 1142 794 γάρ
1166 739 1285 792 πολλὴ
1308 741 1447 793 ἑσπέρα
1472 735 1542 792 ἧν,
1583 737 1675 780 ἄλλα
1701 738 1753 788 ὥς
1775 739 1874 795 πρὸς

360 809 483 864 αὐτὴν
501 809 571 863 τήν
591 807 701 861 ήλίου
719 807 844 858 δύσιν,
867 809 923 849 ἔτι
943 808 1158 860 δυναμένου
1177 806 1389 859 ὀφθαλμοῦ
1407 805 1591 860 ἀμαυρῶς
1611 808 1717 847 ἰδεῖν.
1761 806 1874 848 Meto}

361 873 432 921 οὖν
459 876 528 930 τήν
558 881 634 918 τῶν
663 874 923 928 ἄσεβεστάτων
955 876 1090 924 ἔξοδον
1115 872 1190 915 eiad
1217 878 1285 915 τοῦ
1310 877 1496 926 μνημείου
1521 875 1560 914 οἷ
1579 874 1667 926 περὶ
1685 872 1875 926 Ἰώσηπον

361 948 561 998 εἰςῆλθον,
600 945 667 985 καὶ
691 941 1030 995 καταλαμβάνουσι
1052 942 1118 982 καὶ
1139 940 1230 982 ἄλλα
1254 940 1338 982 τινα
1360 939 1640 994 ἐπιτηδεύματα
1662 943 1876 995 περιεργίας

363 1014 478 1067 χαμαὶ
501 1011 728 1065 ἐρριμμένα,
769 1008 828 1058 οἷς
848 1007 1181 1063 προςκενιόσαντες
1204 1003 1302 1061 οὖρα
1324 1010 1389 1049 καὶ
1411 1006 1525 1060 αἷμα,
1557 1011 1731 1061 μίξαντες
1753 1007 1873 1057 κόνιν,

363 1079 416 1129 ὦς
436 1082 581 1126 ἐκεῖνος
605 1080 700 1130 ἔφη,
732 1079 906 1130 ἐξῆλθον.
952 1075 1154 1130 ’Ἐγνωσαν
1177 1076 1217 1116 δὲ
1237 1074 1307 1128 τήν
1329 1074 1560 1127 ἐπιβουλήν,
1591 1074 1656 1116 διά
1675 1078 1792 1117 ποίαν
1811 1093 1875 1129 γυ-

361 1154 475 1189 ναῖκα
499 1145 630 1193 αὐτοῖς
650 1143 926 1199 ἐκακούργήθη
946 1148 1083 1193 ταῦτα,
1124 1144 1190 1183 καὶ
1212 1147 1496 1196 παρετηροῦντο
1520 1144 1553 1182 εἰ
1571 1141 1876 1195 κατισχύσουσιν.

361 1214 429 1264 Ὡς
452 1209 522 1256 οὗν
546 1211 592 1255 οὗ
613 1216 844 1264 κατίσχυσαν
869 1213 908 1252 οἱ
929 1210 1063 1265 γόητες
1090 1209 1167 1258 (διὰ
1191 1209 1262 1264 γαρ
1284 1214 1353 1261 τῆς
1377 1212 1591 1263 σφραγῖδος
1611 1215 1680 1250 τοῦ
1706 1214 1877 1263 Χριστοῦ

363 1284 429 1325 καὶ
451 1284 614 1328 πίστεως
634 1277 846 1331 ε’βοηθήθη
868 1296 893 1329 η
914 1276 1027 1331 γυνη)
1047 1278 1218 1330 ἔγνωσαν
1239 1275 1305 1316 τὸν
1323 1275 1508 1330 νεώτερον
1526 1278 1566 1318 ἐν
1587 1278 1686 1329 τρισὶ
1704 1278 1791 1326 νυξὶ
1812 1275 1876 1317 δια

362 1367 434 1402 την
453 1353 523 1390 τοῦ
544 1349 705 1401 γυναίου
727 1343 859 1395 αφιξιν
882 1356 1283 1422 προςκαρτερησαντα,
1306 1343 1359 1390 εἰς
1377 1341 1537 1397 ὕστερον
1556 1344 1598 1384 δὲ
1619 1359 1877 1397 μαχεσαμενον

362 1422 443 1463 τοῖς
464 1432 534 1467 την
556 1414 772 1466 περιεργίαν
793 1411 1090 1463 ποιησαμένοις,
1129 1408 1188 1452 ότι
1210 1408 1281 1451 ούκ
1303 1410 1469 1462 ἐπέτυχε.
1534 1415 1655 1452 Τοῦτο
1678 1414 1804 1465 τρίτον
1824 1415 1877 1467 τῷ

361 1481 533 1538 Ἰωσήπῳ
556 1478 801 1532 κατηχήσεως
823 1480 935 1532 ἔργον
957 1479 1119 1533 ἐγίνετο,
1150 1475 1209 1518 ὅτι
1229 1474 1301 1518 ούκ
1322 1479 1485 1530 ἴσχυσεν,
1516 1479 1616 1518 ἔνθα
1637 1477 1760 1530 ὄνομα
1783 1483 1875 1531 Χρι-

365 1554 458 1591 στοῦ
479 1549 545 1590 καὶ
567 1548 732 1602 σφραγὶς
754 1550 947 1600 σταυροῦ,
978 1547 1220 1599 φαρμακείας
1238 1542 1413 1597 δύναμις.
1477 1542 1534 1586 Ού
1554 1544 1630 1598 μὴν
1653 1545 1694 1587 δὲ
1716 1547 1877 1598 ἐπείσθη

369 1614 601 1672 Χριστιανὸς
628 1615 818 1670 γενέσθαι.

464 1683 626 1724 ’Έπειτα
656 1683 834 1733 φαίνεται
863 1678 964 1736 αὐτῷ
996 1680 1036 1721 ἐν
1064 1678 1204 1727 ύπνοις
1231 1696 1251 1720 ο
1278 1677 1435 1732 κύριος,
1474 1693 1636 1730 φασκων
1662 1678 1743 1730 ότι,
1780 1677 1877 1735 Ἐγῶ

365 1754 443 1804 εἶμι
458 1750 636 1803 Ἰησοῦς,
676 1749 721 1790 ὃν
744 1749 784 1789 οἷ
805 1749 867 1789 σοὶ
887 1752 1012 1802 γονεῖς
1034 1745 1297 1800 ἐσταύρωσαν,
1337 1744 1427 1786 αλλα
1452 1749 1602 1787 πίστευε
1628 1748 1682 1794 εἰς
1702 1748 1778 1799 ἐμέ.
1834 1745 1878 1788 Ο

369 1820 408 1860 δὲ
431 1817 513 1860 οὐδ’
536 1816 637 1858 ούτω
665 1816 841 1863 πεισθεὶς
862 1812 1030 1855 ὑπέπεσε
1046 1812 1149 1870 νόσῳ
1171 1812 1336 1870 μεγαλῃ,
1365 1814 1430 1854 καὶ
1449 1811 1714 1867 απηγορεύθη.
1769 1812 1813 1855 Ὁ
1838 1814 1879 1856 δὲ

365 1886 501 1941 κύριος
524 1884 638 1925 πάλιν
662 1881 865 1924 ὄπτάνεται
889 1881 1015 1938 αύτῷ,
1054 1858 1182 1933 φήσας
1205 1879 1310 1937 αὐτῷ
1330 1879 1518 1922 πιστεύειν
1539 1882 1605 1922 καὶ
1629 1882 1877 1934 ἰαθήσεσθαι.

366 1952 409 1995 Ὁ
431 1954 473 1994 δὲ
494 1949 809 2006 ἐπαγγειλάμενος
831 1946 1032 2000 ἀνέσφηλε,
1063 1949 1127 1989 καὶ
1151 1947 1264 1990 πάλιν
1291 1953 1308 1977 1
1323 1949 1469 2000 ἐνέμενε
1489 1952 1535 2005 τῇ
1560 1951 1878 2004 2σκληραυχενία.

369 2023 444 2068 Εἰς
472 2019 653 2072 δευτέραν
683 2017 725 2058 δὲ
751 2015 868 2057 πάλιν
897 2013 1106 2056 ύποπίπτει
1134 2014 1273 2066 νόσον,
1312 2017 1376 2056 καὶ
1406 2013 1586 2063 ὦςαύτως
1612 2014 1878 2070 ἅπηγορεύθη.

373 2086 669 2139 3Ὓποληφθεὶς
691 2084 731 2125 δὲ
751 2087 926 2124 τελευτᾶν
944 2080 1021 2123 ύπό
1044 2087 1121 2124 τῶν
1144 2087 1340 2137 συγγενῶν
1359 2080 1479 2123 αύτοῦ
1498 2080 1704 2124 Ἰουδαίων
1723 2082 1765 2124 τό
1789 2081 1879 2137 παρ’

371 2154 499 2197 αὐτῶν
520 2152 579 2194 ἀεὶ
601 2153 880 2205 μυστηριωδῶς
899 2148 1101 2204 γινόμενον
1118 2149 1225 2203 παρα
1243 2149 1390 2192 τούτων
1410 2148 1564 2202 ἤκουσε.
1620 2154 1705 2191 Τῶν
1724 2149 1796 2204 γὰρ
1815 2167 1880 2191 νο-

371 2227 565 2277 μομαθῶν
590 2218 686 2272 ἀνήρ
711 2235 769 2266 τις
790 2215 1046 2271 πρεσβύτερος
1073 2216 1200 2259 ε’λθῶν
1223 2219 1278 2266 εἰς
1298 2216 1341 2259 τὸ
1366 2211 1435 2266 οῦς
1457 2215 1576 2258 αὐτοῦ
1602 2214 1803 2271 ἀπήγγειλε
1823 2218 1880 2258 λέ-

369 2308 450 2347 γων
471 2289 543 2339 ότι,
573 2290 735 2328 Πίστευε
752 2283 909 2338 Ἰησοῦν
927 2282 992 2325 τὸν
1013 2285 1300 2339 ἐσταυρωμένον
1320 2286 1384 2326 ἐπὶ
1407 2286 1576 2325 Ποντίου
1601 2281 1773 2324 Πιλάτου
1793 2281 1878 2338 ἦγε-

373 2357 491 2412 μόνος
510 2354 598 2397 υιόν
618 2358 717 2395 θεοῦ
737 2351 848 2402 ὅντα,
890 2368 956 2392 και
980 2352 1022 2392 ἐκ
1043 2354 1206 2405 Μαρίας
1225 2351 1387 2406 ὕστερον
1406 2350 1677 2407 γεγενημένον,
1712 2349 1880 2404 Χριστόν

372 2423 448 2467 δὲ
435 2423 528 2465 όντα
549 2427 667 2472 θεοῦ,
697 2421 761 2462 καὶ
787 2421 829 2461 ἐκ
851 2423 997 2472 νεκρῶν
1019 2434 1256 2468 ανασταντα,
1285 2420 1352 2460 καὶ
1373 2418 1432 2460 ὅτι
1453 2416 1569 2466 αύτός
1590 2418 1733 2471 ἔρχεται
1753 2423 1880 2471 κρῖναι

373 2497 515 2542 ζῶντας
539 2491 602 2531 καὶ
623 2486 796 2543 νεκρούς.
860 2488 987 2527 Ταῦτα
1008 2483 1030 2526 ὁ
1053 2483 1169 2534 αὐτὸς
1189 2484 1382 2539 Ἰώσηπος
1405 2487 1446 2527 ἐν
1468 2489 1514 2542 τῇ
1535 2482 1724 2539 ύφηγήσει
1746 2489 1880 2535 σαφῶς

373 2576 437 2613 μοι
461 2556 694 2612 ἀνήγγειλεν,
735 2552 789 2603 ῶς
809 2556 1035 2605 φιλαληθῶς
1057 2553 1155 2594 ἐστιν
1175 2555 1307 2594 εἰπεῖν.
1363 2551 1473 2594 Ἀλλᾶ
1493 2553 1559 2594 καὶ
1581 2549 1670 2606 παρ’
1691 2550 1806 2593 ἄλλον
1826 2569 1877 2592 τι-

374 2625 441 2674 νός
461 2625 502 2667 τό
523 2628 702 2666 τοιοῦτον
722 2621 871 2675 ἤκουσα
891 2621 943 2661 ἔτι
963 2618 1075 2666 ὄντος
1094 2617 1306 2671 Ἰουδαίου,
1329 2619 1391 2661 διοῖ
1411 2618 1478 2661 τὸν
1496 2624 1572 2660 τῶν
1587 2617 1791 2660 Ἰουδαίων
1808 2618 1880 2670 φό-

373 2696 456 2746 βον,
486 2691 678 2744 ἄναμέσον
701 2690 741 2730 δὲ
767 2692 1007 2741 Χριστιανῶν
1028 2686 1210 2735 πολλάκις
1233 2690 1508 2740 διατρίβοντος,
1537 2687 1603 2727 καὶ
1624 2685 1880 2740 Χριστιανούς

373 2758 560 2812 τιμῶντός
580 2774 618 2799 τε
639 2758 705 2799 καὶ
731 2755 976 2811 ἀγαπῶντος,
1007 2753 1308 2803 συνοδεύσαντός
1329 2771 1395 2806 μοι
1419 2755 1460 2795 ἐν
1481 2758 1526 2810 τῇ
1549 2751 1677 2809 ἐρήμῳ
1699 2757 1765 2805 τῆς
1789 2757 1878 2794 Βαι·

420 2884 496 2915 CAP.
511 2883 570 2914 IX.
587 2901 628 2906 —
651 2882 679 2913 1.
699 2880 829 2923 ἐνέμενε
846 2881 911 2912 cod.
931 2881 1039 2917 V.ati0‚
1057 2881 1104 2910 in·
1194 2878 1225 2910 2.
1250 2877 1488 2921 σκληραυχενίᾳ
1508 2878 1573 2909 cod.
1591 2879 1685 2909 ratic.
1718 2879 1880 2920 σκληραυ-

374 2931 467 2969 deque
490 2930 559 2959 edit.
581 2929 683 2959 Petav.
730 2893 863 2967 ἅιέμειε
890 2925 956 2957 cod.
976 2925 1104 2963 Rhedz'y.
1149 2922 1206 2966 χίᾳ
1223 2926 1289 2955 cod.
1304 2925 1429 2962 Rhediy.
1448 2927 1474 2954 et
1493 2924 1562 2954 edit.
1577 2924 1674 2961 princ.
1717 2923 1880 2965 σκληραυ-

375 2979 401 3006 et
421 2975 468 3005 ed.
490 2975 587 3013 princ.
1149 2968 1224 3011 χείᾳ
1250 2970 1318 3000 edit.
1338 2970 1443 3000 Petav.
