2034 3267
479 199 655 231 PANARII
679 199 804 232 L13.1.
828 200 990 233 ToM.11.
1017 199 1145 231 HAER.
1169 199 1286 231 xxx.
1564 192 1642 230 253

133 278 371 333 patriarchae
393 292 530 319 nomen
553 285 656 328 erat,
691 292 813 332 neque
837 285 963 318 tamen
988 285 1092 318 tanto
1113 277 1316 317 intervallo
1339 276 1455 331 probe
1477 291 1644 317 comme-

132 346 264 397 mini):
298 346 335 386 hi
358 347 464 387 varia
491 346 593 386 illum
618 347 662 386 ad
689 345 929 399 corruptelae
950 345 1253 398 flagitiorumque
1277 358 1420 398 genera
1449 345 1644 399 pertrahe-

131 412 236 461 bant,
269 414 468 454 mulierum
493 420 638 467 stupra,
672 413 854 452 nefandas
876 412 1068 461 libidines,
1103 413 1270 465 magicas
1292 412 1534 466 praestigias,
1562 413 1643 465 qui-

131 479 202 519 bus
221 481 266 519 ad
290 480 515 534 cupiditates
538 480 747 534 explendas
767 479 869 518 illum
891 478 1135 529 adiuvabant,
1162 485 1200 519 et
1220 480 1414 519 amatoriis
1436 479 1641 529 illecebris,

131 553 244 600 atque
273 548 503 588 carminibus
533 549 577 588 ad
610 547 691 587 eius
719 545 959 598 complexum
988 552 1181 584 matronas
1205 545 1391 598 ingenuas
1419 547 1455 587 vi
1484 547 1641 600 quadam

130 614 348 667 adigebant.
409 615 460 655 At
486 614 670 668 Iosephus
694 620 733 652 et
755 612 852 652 alter
875 611 1003 666 pupilli
1027 619 1183 651 curator
1205 626 1328 652 senex
1354 627 1510 666 puerum
1534 613 1643 667 sequi

131 682 253 721 coacti
284 696 376 722 sane
407 683 442 722 id
469 682 698 737 permoleste
725 679 850 728 ferre,
900 686 938 718 et
968 678 1172 730 obiurgare
1198 693 1466 732 nonnunquam
1495 681 1640 729 verbis,

130 756 168 788 et
193 749 350 789 hortari.
412 748 480 789 llle
504 747 724 802 aequalibus
747 747 827 786 suis
852 746 969 785 multo
991 745 1113 797 magis
1138 745 1312 798 obsequi,
1346 746 1486 799 flagitia
1507 748 1641 801 partim

130 816 424 866 dissimulando,
458 815 590 870 partim
615 813 816 853 inficiando
842 820 990 865 tegere.
1050 811 1189 866 Neque
1218 812 1318 852 enim
1345 820 1491 853 tutores
1517 815 1643 853 crimi-

129 884 211 923 nari
242 897 287 923 ac
313 884 468 936 vulgare
493 882 639 922 scelera
666 881 787 935 palam
814 880 1025 930 audebant,
1069 881 1134 919 sed
1165 879 1271 934 quasi
1297 879 1494 919 erudiendi
1519 881 1642 933 gratia

129 957 341 1004 opportuna
370 949 510 990 monita
540 948 814 1001 suggerebant.
874 945 994 987 Forte
1026 945 1179 987 Gadara
1211 949 1254 987 ad
1291 948 1458 987 thermas
1491 947 1641 1001 profici-

129 1025 301 1058 scuntur.
370 1015 568 1069 Frequens
602 1015 677 1055 illic
711 1022 900 1055 mercatus
934 1014 1138 1068 quotannis
1169 1015 1408 1064 celebratur,
1454 1015 1498 1054 ad
1531 1028 1641 1068 quem

128 1085 290 1139 undique
313 1083 462 1124 lavandi
485 1096 621 1122 caussa
641 1082 721 1122 dies
741 1082 885 1136 aliquot
905 1083 1114 1132 confluunt,
1140 1082 1337 1123 variorum
1355 1083 1400 1122 ad
1423 1082 1641 1122 morborum

127 1153 349 1200 remedium,
378 1150 490 1204 idque
511 1149 757 1190 callidissimo
779 1150 976 1190 daemonis
998 1149 1158 1190 consilio
1177 1150 1340 1203 geritur.
1400 1149 1502 1189 Nam
1524 1163 1640 1203 quae-

128 1232 285 1273 cumque
311 1218 393 1258 loca
418 1217 558 1258 divinis
583 1224 672 1257 sunt
695 1217 886 1257 celebrata
912 1217 1117 1272 prodigiis,
1160 1217 1198 1257 in
1220 1218 1267 1258 iis
1291 1232 1343 1257 ex
1368 1218 1532 1258 adverso
1557 1218 1640 1257 exi-

126 1286 244 1326 tiosas
270 1298 358 1325 suas
383 1284 512 1339 plagas
535 1285 692 1324 tendere
718 1292 878 1325 conatus
901 1291 975 1325 est.
1035 1285 1165 1338 Atque
1195 1285 1271 1324 illic
1300 1285 1374 1325 viri
1397 1299 1482 1324 cum
1507 1283 1641 1324 mulie-

125 1352 228 1393 ribus
250 1352 464 1407 promiscue
487 1353 618 1392 lavare
639 1352 780 1392 solent.
840 1352 901 1392 Ac
921 1359 997 1392 tum
1022 1353 1120 1391 forte
1143 1359 1226 1392 erat
1245 1352 1281 1391 in
1307 1351 1451 1392 balneis
1472 1352 1639 1405 ingenua

124 1420 259 1460 mulier
279 1419 423 1460 eximia
445 1420 618 1474 corporis
642 1426 842 1460 venustate
865 1433 909 1459 ac
930 1419 1074 1473 specie,
1108 1433 1218 1473 quam
1244 1419 1468 1459 adolescens
1490 1419 1638 1459 invete-

122 1495 227 1528 ratae
259 1487 426 1527 libidinis
458 1487 591 1527 aculeo
626 1487 792 1541 percitus
825 1486 1037 1536 adamavit,
1081 1500 1125 1526 ac
1158 1500 1225 1541 per
1248 1487 1469 1526 balnearum
1501 1487 1637 1526 solium

123 1555 320 1595 ambulans
342 1555 440 1595 latus
462 1569 571 1594 suum
596 1555 640 1594 ad
662 1554 832 1594 mulieris
852 1554 951 1594 latus
974 1553 1153 1594 affricuit.
1202 1552 1268 1593 llla
1288 1554 1325 1593 in
1349 1554 1501 1594 nomine
1523 1551 1637 1594 Chri-

122 1624 170 1663 sti
196 1629 319 1663 semet
345 1622 542 1676 obsignat,
586 1636 670 1661 nam
698 1619 920 1661 Christiana
947 1628 1052 1672 erat,
1095 1636 1168 1675 quo
1196 1621 1319 1661 minus
1345 1635 1503 1675 peccare
1533 1635 1632 1671 eam,

122 1697 188 1731 aut
210 1690 340 1730 lavare
366 1704 450 1729 cum
473 1689 566 1731 viris
588 1689 786 1729 attinebat.
847 1686 924 1729 Sed
950 1688 1042 1728 baec
1065 1688 1173 1742 plane
1196 1688 1381 1742 imperitis
1404 1695 1516 1742 atque
1541 1688 1636 1728 idio-

124 1757 172 1797 tis
197 1757 244 1797 ob
264 1757 455 1811 ignaviam
481 1757 679 1796 doctorum
702 1756 876 1796 accidere
896 1755 1036 1806 solent,
1070 1757 1131 1809 qui
1152 1756 1336 1795 eiusmodi
1362 1755 1534 1795 homines
1553 1756 1636 1795 nul-

121 1824 168 1865 lis
198 1824 435 1864 documentis
469 1824 751 1879 praemuniunt.
812 1821 958 1863 Verum
990 1829 1031 1863 ut
1056 1837 1125 1863 sua
1152 1823 1245 1862 deus
1272 1822 1454 1863 miracula
1479 1823 1636 1863 demon-

121 1899 283 1942 straret,
327 1891 502 1932 omnibus
532 1891 610 1931 suis
640 1889 836 1930 conatibus
869 1890 1084 1945 patriarcha
1118 1890 1181 1930 ille
1216 1891 1441 1930 adolescens
1473 1890 1632 1941 excidit,

122 1973 205 1999 cum
227 1966 266 1999 et
286 1959 331 1999 ad
355 1972 438 1999 eam
460 1959 643 2009 misisset,
677 1964 715 1997 et
734 1958 953 2002 muneribus
973 1957 1234 2008 sollicitasset,
1263 1958 1325 1997 illa
1345 1972 1439 1998 vero
1458 1965 1496 1998 et
1515 1957 1635 1998 inter-

120 2026 275 2066 nuntios
298 2025 575 2067 contumeliose
599 2039 621 2065 a
645 2038 687 2065 se
712 2024 941 2076 dimisisset,
981 2039 1053 2066 nec
1075 2025 1254 2080 impudici
1280 2026 1462 2066 amatoris
1487 2026 1633 2066 artibus

120 2093 316 2134 cessisset.

230 2159 354 2214 Igitur
373 2160 470 2201 socii
492 2167 686 2214 comperto
705 2159 854 2200 iuvenis
878 2174 1075 2212 moerore,
1109 2175 1219 2215 quem
1243 2175 1293 2202 ex
1312 2161 1529 2202 vehementi
1545 2177 1627 2202 mu·
1655 2175 1831 2219 Cap.V111.

118 2229 224 2269 lieris
249 2243 380 2269 amore
408 2236 581 2284 ceperat,
624 2228 858 2282 potentiores
882 2229 1062 2282 quasdam
1089 2229 1315 2283 praestigias
1341 2229 1548 2280 adornant,
1590 2237 1632 2270 ut

119 2297 209 2336 mihi
232 2297 312 2351 ipse
336 2295 522 2351 Iosephus
546 2294 829 2335 accuratissime
853 2296 1047 2336 narrabat.
1107 2295 1209 2337 Nam
1234 2303 1320 2351 post
1339 2297 1430 2336 solis
1452 2310 1631 2337 occasum

119 2364 268 2405 viciuos
296 2364 341 2404 ad
372 2365 536 2404 tumulos
565 2362 755 2403 infelicem
782 2376 941 2417 puerum
971 2365 1176 2405 adducunt.
1239 2362 1293 2404 lbi
1325 2364 1425 2404 enim
1457 2365 1630 2419 sepulcra

119 2438 230 2481 sunt,
264 2445 359 2485 quae
385 2431 608 2486 polyandria
630 2437 841 2481 vocantur,
871 2445 1061 2472 cavernae
1087 2431 1263 2471 nimirum
1286 2432 1443 2486 rupibus
1467 2432 1626 2473 incisae.

121 2497 208 2552 Quo
232 2513 317 2539 cum
341 2498 445 2539 illum
470 2498 742 2547 adduxissent,
786 2498 932 2552 magica
955 2499 1138 2552 quaedam
1161 2499 1330 2539 carmina
1352 2506 1389 2539 et
1413 2501 1630 2540 execratio-

120 2580 190 2607 nes
220 2574 334 2621 atque
360 2565 564 2620 impietatis
595 2565 833 2619 plenissimas
863 2573 964 2607 artes
991 2567 1245 2607 adolescentis
1275 2581 1412 2608 caussa
1442 2574 1627 2622 concepto

120 2633 234 2673 etiam
269 2634 422 2674 nomine
452 2633 622 2673 mulieris
655 2633 877 2686 expediunt.
939 2632 1097 2674 Interim
1125 2633 1254 2674 divino
1280 2641 1374 2674 nutu
1400 2635 1538 2674 factum
1569 2641 1628 2674 est

119 2709 160 2741 ut
184 2701 278 2742 haec
308 2700 393 2742 seni
418 2701 529 2741 alteri
556 2699 618 2755 qui
647 2713 730 2740 cum
755 2698 919 2756 Iosepho
946 2708 1028 2741 erat
1049 2702 1087 2741 in
1112 2702 1276 2743 animum
1296 2701 1488 2742 venerint.
1551 2701 1627 2757 Qui

165 2843 196 2878 4.
232 2849 276 2887 Cf.
300 2850 350 2879 Fr.
369 2850 506 2879 Francus
526 2848 586 2889 (Cl.
609 2846 798 2890 Salmasius)
819 2849 850 2879 in
943 2847 1018 2878 cAp.
1042 2848 1127 2880 vm.
1152 2866 1194 2872 —
1228 2847 1254 2879 1.
1279 2849 1418 2880 Fortasse
1445 2847 1501 2881 καὶ
1529 2859 1627 2882 κατε-

125 2893 275 2931 confutat.
321 2894 505 2925 Animadvv.
529 2896 595 2923 Ant.
620 2893 760 2923 Cercoetii
777 2901 850 2932 pag.
897 2892 1105 2935 σκευασμένα
1125 2893 1339 2932 reponendum.
1385 2894 1486 2924 Etiam
1511 2895 1626 2925 Corna-

122 2935 163 2967 77
183 2946 246 2975 sq.‚
281 2939 332 2969 ubi
364 2940 495 2977 castiyat
523 2938 641 2969 Petaviz·
672 2939 849 2976 interpreta-
892 2940 957 2970 rius
979 2940 1121 2970 convertit
1142 2938 1174 2968 in
1197 2937 1298 2980 petris
1323 2936 1460 2970 effossae
1481 2949 1520 2970 ac
1543 2948 1625 2970 con—

122 2981 239 3012 tionem.
895 2989 1050 3015 structae.
