2034 3267
226 694 290 723 pag.
308 686 366 713 3⁴0.

386 192 465 230 674
945 195 1104 227 SANCTI
1126 195 1350 227 ΕΡΙΡΗΑΝΠ

385 280 500 323 σθαι,
532 273 751 325 δυναμένου
773 276 843 314 τοῦ
866 275 1037 327 Χριστοῦ
1055 270 1218 313 πάντοτε
1238 273 1305 313 καὶ
1326 276 1397 312 νῦν
1418 270 1574 325 δοκήσει
1595 276 1820 324 φαίνεσθαι,
1840 274 1907 314 καὶ

385 341 437 394 μή
463 342 660 396 λέγεσθαι,
692 338 789 381 ”En
814 339 937 382 ὄντων
960 338 1072 393 ἡμῶν
1097 338 1282 381 ἀσθενῶν.
1340 338 1436 381 ’And
1462 343 1531 380 τοῦ
1553 339 1625 394 γάρ
1642 340 1738 383 ''E-n
1761 339 1803 382 τὸ
1824 339 1907 382 τότε

384 415 521 450 θανεῖν
552 407 748 459 ἀπέδωκε,
790 410 855 450 καὶ
887 410 1086 450 ἐδικαίωσε
1118 412 1171 465 τῷ
1197 406 1380 464 θανάτῳ,
1422 409 1488 448 ἵνα
1516 409 1650 460 μηκέτι
1680 412 1808 463 χρείαν
1840 410 1907 466 ἔχῃ

383 482 519 518 θανεῖν
549 474 572 518 ὅ
600 474 698 532 ὖπὲρ
724 474 961 531 ἁμαρτωλῶν
983 476 1086 526 ἅπαξ
1111 474 1350 527 ἀποθανών,
1390 476 1455 516 καὶ
1485 473 1594 516 83δι’
1614 475 1751 518 ἑαυτὸν
1774 478 1908 530 μηκέτι

383 543 659 598 ἀποθνήσκων.

499 681 523 723 ε’
548 683 614 723 καὶ
633 680 689 735 λβ’
710 680 823 735 Σχόλ.
857 680 974 730 ’Ώςτε
996 679 1018 722 ὁ
1043 681 1110 734 μὲν
1131 680 1252 734 νόμος
1275 679 1405 736 ἅγιος,
1435 681 1500 722 καὶ
1523 678 1549 733 ἦ
1573 678 1704 734 ἐντολὴ
1728 678 1818 736 ἀγία
1843 682 1909 723 καὶ

383 753 514 792 δικαία
541 751 608 792 καὶ
639 748 783 804 ἀγαθή.

496 817 522 860 ε’
546 819 613 860 καὶ
630 817 853 873 λβ”Ἐλεγχ.
898 820 1131 859 Συντίθεται
1154 822 1206 875 τῷ
1230 816 1338 874 νόμῳ
1357 815 1400 858 τό
1421 815 1532 872 ἅγιον
1551 815 1671 859 αὐτὸν
1693 815 1811 868 εἶναι,
1844 819 1910 859 καὶ

382 892 428 945 τῇ
453 888 494 929 ἐν
518 885 621 943 αὐτῷ
647 888 780 944 ἐντολῇ
806 887 1011 944 γενομένῃ,
1041 887 1142 940 τρισὶ
1167 888 1394 941 μαρτυρίαις
1416 883 1728 939 ἀσφαλισάμενος
1752 884 1910 938 ταύτην,

383 954 495 1011 ἀγίαν
515 953 636 1007 αῦτήν
658 955 776 1009 λέγων
801 955 867 995 καὶ
890 956 1043 995 δικαίαν
1068 955 1130 995 καὶ
1157 952 1332 1009 ἀγαθὴν,
1372 955 1436 994 ἰ’να
1458 954 1586 1011 ἐλέγξῃ
1610 955 1669 1005 σὲ,
1702 957 1910 1009 Μαρκίων,

382 1025 450 1065 καὶ
473 1021 576 1077 ἡμᾶς
599 1021 732 1080 διδάξῃ
754 1027 824 1064 τοῦ
844 1020 956 1077 ἀγίου
980 1020 1078 1063 εἶναι
1097 1021 1163 1063 τόν
1186 1021 1308 1075 νόμον
1331 1016 1379 1063 οῦ
1399 1022 1464 1062 καὶ
1486 1020 1512 1074 ἡ
1535 1021 1668 1075 ἐντολὴ
1692 1020 1804 1077 ἀγία,
1845 1024 1911 1064 καὶ

384 1090 504 1133 αὐτὸν
532 1089 600 1133 τόν
630 1090 739 1146 ἅγιον
769 1089 867 1131 εἶναι
897 1092 963 1132 καὶ
990 1089 1153 1145 ἀγαθόν.
1214 1089 1287 1132 Λιό
1315 1088 1470 1144 ἀγαθοῦ
1495 1085 1594 1132 οῦσα
1620 1089 1752 1144 ἐντολὴ
1777 1089 1911 1145 ἀγαθὴ

383 1165 573 1210 καλεῖται,
602 1160 668 1200 καὶ
692 1157 804 1214 α’γίου
828 1153 926 1200 οὖσα
948 1156 1037 1214 ἀγία
1060 1160 1152 1209 ἐστὶ,
1183 1160 1249 1199 καὶ
1271 1161 1426 1199 δικαίου
1448 1157 1676 1212 ὑπάρχουσα
1699 1161 1831 1200 δικαία
1855 1161 1912 1201 ε’ν·

384 1227 474 1281 τολή
505 1233 694 1278 καλεῖται,
735 1226 820 1275 ἕνὸς
849 1225 960 1275 ὄντος
985 1231 1055 1268 τοῦ
1076 1225 1160 1267 τότε
1185 1227 1250 1267 καὶ
1274 1231 1365 1277 νῦν,
1407 1231 1475 1268 τοῦ
1500 1225 1612 1275 ὄντος
1631 1225 1744 1282 ἁγίου
1764 1229 1831 1268 καὶ
1856 1230 1911 1269 δι-

383 1300 499 1338 καίου
527 1297 594 1338 καὶ
624 1294 789 1350 ἀγαθοῦ.
852 1293 924 1336 Aa&
953 1295 1017 1336 καὶ
1042 1292 1067 1347 ἡ
1093 1292 1215 1335 αὐτοῦ
1239 1293 1390 1347 ε’ντολή,
1430 1292 1456 1347 ἦ
1482 1293 1558 1336 ἀπὸ
1581 1293 1665 1336 τότε
1690 1296 1757 1336 καὶ
1778 1298 1850 1337 νῦν
1872 1297 1913 1337 ἔν

384 1363 492 1421 νόμῳ
523 1365 590 1406 καὶ
619 1365 660 1406 ἐν
689 1367 805 1420 καινῇ
833 1361 1028 1420 διαθήκῃ,
1062 1360 1152 1418 ἀγία
1182 1360 1344 1419 ὑπάρχει
1373 1363 1438 1404 καὶ
1470 1365 1601 1404 δικαία
1629 1364 1696 1404 καὶ
1721 1361 1867 1419 ἀγαθή.

498 1568 530 1618 ς’
551 1569 618 1610 καὶ
642 1567 695 1623 λγ’
718 1567 831 1622 Σχόλ.
863 1566 952 1609 Ἵνα
981 1566 1022 1609 τὸ
1048 1570 1241 1621 δικαίωμα
1270 1572 1340 1609 τοῦ
1369 1566 1491 1620 νόμου
1515 1571 1707 1625 πληρωθῇ
1738 1569 1779 1609 ἐν
1807 1565 1911 1621 ἡμῖν.

498 1636 530 1686 ς’
551 1638 617 1679 καὶ
638 1635 857 1692 λγ”Ἐλεγχ.
902 1639 957 1677 Εἰ
977 1638 1017 1678 ἐν
1039 1642 1120 1684 τοῖς
1141 1634 1371 1684 ἀποστόλοις
1392 1636 1458 1677 καὶ
1479 1637 1518 1678 ἐν
1541 1634 1635 1689 ἡμῖν
1656 1635 1699 1677 τό
1721 1639 1914 1690 δικαίωμα

387 1711 457 1747 τοῦ
481 1704 608 1759 νόμου
631 1710 862 1760 πληροῦται,
894 1709 978 1753 πῶς
999 1703 1065 1755 σύ,
1099 1699 1129 1746 οἷ
1153 1707 1369 1759 Μαρκίων,
1399 1708 1541 1761 τολμᾷς
1562 1705 1682 1759 λέγειν
1702 1702 1770 1746 τόν
1792 1702 1914 1757 νόμον

389 1772 587 1829 ἀλλότριον
618 1778 694 1814 τῶν
726 1772 824 1814 κατά
855 1771 896 1815 td
926 1771 1114 1828 πλήρωμα
1139 1775 1208 1814 τοῦ
1232 1771 1358 1826 νόμου
1385 1773 1666 1825 δίκαιουμένων
1690 1770 1916 1814 ἀποστόλων

389 1846 457 1884 τοῦ
486 1845 606 1891 θεοῦ,-

501 1908 530 1960 ζ’
553 1910 619 1950 καὶ
640 1907 695 1950 λδ’
719 1908 830 1962 Σχόλ.
881 1910 993 1958 Τέλος
1016 1907 1087 1965 γάρ
1110 1908 1233 1962 νόμου
1261 1907 1429 1964 Χριστός
1449 1910 1502 1958 εἰς
1523 1907 1776 1962 δικαιοσύνην
1799 1910 1915 1951 παντὶ

390 1984 442 2036 τῷ
471 1976 703 2019 πιστεύοντι.

501 2045 529 2096 ζ’
551 2047 618 2087 καὶ
643 2045 696 2086 λό’
711 2044 864 2100 ”Ελεγχ.
911 2047 966 2086 Εἰ
989 2047 1042 2093 εἰς
1068 2046 1319 2098 δικαιοσύνην
1346 2044 1514 2101 Χριστός
1537 2045 1700 2099 ἐλήλυθε
1724 2046 1839 2087 παντὶ
1862 2049 1916 2102 τῷ

390 2113 626 2165 πιστεύοντι,
671 2112 718 2155 οὕ
750 2118 819 2155 τοῦ
852 2112 976 2166 νόμου
1007 2115 1268 2166 τελειουμένου
1307 2115 1340 2155 εἰ
1371 2112 1424 2167 μὴ
1461 2113 1630 2169 Χριστὸς
1659 2112 1836 2171 τελειώσῃ
1868 2117 1915 2171 τῇ

392 2184 532 2224 ἑαυτοῦ
554 2184 768 2238 παρουσίᾳ,
805 2179 878 2223 οὐκ
903 2179 977 2235 ἄρα
999 2180 1322 2235 τελειωθήσεσθε,
1364 2176 1395 2223 ὦ
1415 2180 1618 2233 Ἰουδαῖοι,
1661 2183 1700 2224 ἐν
1721 2181 1828 2239 νόμῳ
1852 2182 1916 2235 μέ-

392 2268 536 2302 νοντες,
567 2249 635 2292 ε’ἀν
658 2249 708 2304 μὴ
732 2248 901 2305 Χριστόν
922 2249 1188 2302 ἐπιδημήσαντα
1211 2249 1480 2299 πιστεύσαντες
1501 2248 1758 2303 ὖποδέξησθε.
1806 2248 1916 2291 Ἀλλά

394 2317 483 2360 οὐδὲ
502 2317 569 2370 σύ,
601 2321 817 2374 Μαρκίων,
849 2317 997 2376 δυνήσῃ
1023 2323 1201 2371 σωθῆναι
1222 2320 1263 2360 ἐν
1287 2323 1463 2375 Χριστῷ,
1493 2322 1562 2360 τοῦ
1584 2317 1828 2373 κηρύγματος
1846 2317 1916 2372 τὴν

395 2385 514 2441 ἀρχὴν
535 2387 598 2428 καὶ
618 2386 688 2440 τήν
709 2389 814 2441 ῥίζαν
833 2385 1168 2439 ἀποβαλλόμενος,
1200 2386 1294 2441 ὅπερ
1317 2387 1394 2428 ἐστὶ
1417 2385 1556 2440 νόμος,
1589 2385 1657 2439 ἀφ’
1678 2381 1796 2441 οῦπερ
1820 2390 1911 2441 Χρι·

393 2454 482 2504 στός
510 2454 790 2511 γινωσκόμενος
820 2459 957 2496 τελειοῖ
982 2453 1047 2496 τόν
1078 2453 1130 2508 μὴ
1163 2453 1228 2496 τὸν
1256 2453 1376 2508 νόμον
1403 2453 1705 2508 βδελυσσόμενον
1730 2451 1781 2503 ὥς
1807 2452 1912 2497 ἀλλό-

393 2541 498 2578 τριον
531 2527 704 2575 Χριστοῦ
734 2521 966 2578 ὑπάρχοντα.

505 2591 540 2645 η’
563 2593 627 2634 καὶ
652 2591 702 2633 λε’
725 2590 836 2646 Σχόλ.
882 2589 924 2631 Ὁ
952 2589 1025 2645 γάρ
1053 2588 1212 2646 ἀγαπῶν
1241 2589 1309 2633 τὸν
1335 2593 1498 2644 πλησίον
1526 2590 1649 2644 νόμον
1674 2589 1911 2646 πεπλήρωκε.

507 2729 546 2782 η’
564 2729 631 2770 καὶ
651 2727 698 2769 λε’
708 2726 862 2783 ”Ελεγχ.
906 2727 962 2767 El
979 2724 1043 2768 διά
1066 2731 1133 2768 τοῦ
1157 2725 1314 2782 ἀγαπᾶν
1335 2725 1403 2769 τόν
1421 2729 1582 2780 πλησίον
1603 2725 1724 2780 νόμος
1745 2732 1910 2782 πληροῦ-

397 2815 476 2847 ται,
507 2795 577 2839 οῦκ
602 2794 798 2851 ἀλλότριος
824 2799 995 2850 Χριστοῦ
1018 2795 1084 2836 καὶ
1107 2799 1208 2836 θεοῦ
1231 2793 1378 2851 πατρὸς
1401 2800 1471 2837 τοῦ
1492 2797 1631 2851 κυρίου
1655 2792 1767 2849 ἡμῶν
1787 2793 1914 2849 Ἰησοῦ

401 2869 572 2920 Χριστοῦ
594 2866 660 2906 καὶ
683 2869 782 2906 θεοῦ
805 2862 826 2906 ὁ
847 2862 985 2917 νόμος,
1027 2860 1048 2904 ὁ
1070 2861 1234 2905 κελεύων
1260 2861 1415 2919 ἀγαπᾶν
1438 2861 1506 2906 τόν
1527 2866 1696 2917 πλησίον.
1755 2862 1868 2906 Διότι
1891 2861 1914 2905 o‘

442 3013 495 3048 83.
519 3011 560 3048 δι’
585 3013 708 3048 ἑαυτῶν
720 3039 729 3057 ,
751 3016 910 3055 mendose,
933 3017 1059 3054 utraque
1082 3014 1152 3047 edit.
1170 3015 1353 3048 Petaviana.
