2034 3267
468 155 646 186 PANARH
670 155 767 186 ADV.
794 154 1012 186 HAERESES
1036 155 1116 186 Llss.
1143 156 1164 185 1.
1190 155 1281 186 Toni.
1308 155 1330 185 Ι.
1598 149 1648 186 55

146 245 241 285 quae
271 232 307 271 in
340 232 414 272 alio
440 233 524 272 loco
552 234 683 273 eodem
707 233 753 272 ab
777 233 948 287 apostolo
974 230 1171 272 dicuntur:
1217 233 1368 272 Debitor
1391 246 1469 271 sum
1497 235 1645 272 Graecis
1664 236 1738 264 Rom
1768 238 1789 271 ί,
1807 238 1844 264 Η-

146 307 184 337 et
209 300 398 346 barbaris,
432 302 657 351 sapientibus
684 308 722 338 et
743 301 1007 351 zbzse’ln'entibus.
1070 297 1120 340 Ut
1149 308 1186 339 et
1212 297 1370 339 ludaeos
1394 299 1584 353 sapientes
1610 307 1646 340 et

145 366 369 419 insipientes
394 380 479 407 esse
501 366 664 420 Scythas
685 367 918 406 ostenderet.
980 364 1127 418 Quibus
1150 366 1339 416 omnibus,
1370 366 1436 416 ait,
1469 380 1540 420 ego
1564 380 1646 407 sum

145 432 308 472 debitor.
370 432 490 487 Igitur
518 434 562 473 ab
595 433 658 473 illo
687 433 863 486 deinceps
888 439 1057 486 tempore
1090 433 1129 472 in
1155 431 1413 474 israelitarum
1439 447 1560 487 genus
1586 432 1646 475 Iu-

146 499 325 539 daeorum
354 514 490 540 nomen
524 501 595 540 iam
628 507 703 539 tum
733 512 753 537 a
780 497 927 538 Davide
953 501 1184 539 transfusum
1215 507 1293 550 est,
1338 508 1376 540 et
1399 507 1557 555 utroque
1581 516 1644 541 co-

144 575 350 619 gnomento
379 575 452 606 tam
476 565 730 607 israelitarum
756 579 865 618 quam
889 563 1113 606 Iudaeorum
1140 567 1262 606 omnis
1286 567 1347 606 illa
1369 582 1464 621 gens
1487 583 1532 608 eo
1555 569 1644 609 iusi·

143 633 248 686 gnita
269 642 449 688 perpetuo
473 640 552 682 est,
583 647 605 672 a
629 630 808 680 flavidis,
841 631 1008 685 inquam,
1042 633 1199 686 eiusque
1222 633 1284 673 filii
1309 632 1525 676 Salomonis
1551 643 1643 676 tem-

145 701 296 754 poribus
327 708 365 741 et
390 701 498 741 huius
522 700 677 752 insuper
698 697 762 737 filii
784 697 997 747 Romami,
1042 700 1104 752 qui
1130 707 1214 753 post
1238 698 1481 741 Salomonem
1506 702 1642 743 Hiero—

143 767 299 821 solymis
322 768 508 821 regnavit.
569 764 712 804 Verum
737 778 784 804 ne
805 765 958 804 omnino
985 779 1079 818 quae
1102 767 1148 805 ad
1172 765 1397 806 Iudaeorum
1419 770 1640 822 religionem

142 835 301 874 attineat
322 833 630 889 praetermittam,
658 831 832 884 nullaque
853 845 904 871 ex
927 839 1033 886 parte
1053 832 1204 873 illorum
1224 834 1421 888 opiniones
1444 836 1638 890 attingam,

143 915 259 955 pauca
290 902 334 941 de
363 900 487 940 multis
518 898 761 953 complectar.
820 897 959 952 Neque
985 898 1085 939 enim
1114 901 1287 954 cuiquam
1314 902 1393 941 fere
1421 900 1640 945 Iudaeorum

143 969 345 1021 religiones
365 967 516 1019 ignotae
536 972 637 1006 sunt.
698 964 865 1020 Ideoque
887 966 923 1005 in
946 980 992 1006 eo
1015 974 1239 1021 argumento
1262 969 1457 1009 tractando
1481 984 1556 1010 non
1578 972 1642 1011 ad-

142 1036 286 1074 modum
318 1033 507 1087 exquisite
539 1032 797 1083 versabimur,
843 1033 910 1073 sed
941 1047 961 1074 e
985 1034 1111 1074 multis
1136 1049 1257 1089 panca
1280 1035 1503 1088 libabimus,
1548 1052 1641 1091 quae

142 1100 356 1141 necessario
387 1100 677 1154 perstringenda
706 1100 898 1141 videntur.

245 1233 377 1288 Itaque
403 1232 531 1274 Iudaei
555 1234 616 1288 qui
638 1234 683 1274 ab
708 1234 900 1276 Abraamo
922 1242 997 1276 tam
1022 1237 1176 1290 generis
1201 1252 1312 1291 quam
1335 1238 1532 1293 religionis
1555 1254 1640 1280 suc·
1667 1251 1740 1293 Cap.
1762 1253 1811 1283 111.

135 1301 347 1342 cessionem
384 1309 634 1355 acceperunt,
678 1302 723 1342 ab
755 1304 887 1343 eodem
924 1304 1225 1345 circumcisionis
1259 1305 1371 1346 ritum
1404 1308 1505 1347 nacti
1536 1316 1637 1359 sunt,

133 1383 243 1422 quam
274 1369 337 1409 ille
364 1369 674 1409 undecentesimo
705 1369 840 1410 aetatis
870 1384 969 1410 anno
997 1370 1176 1412 divinitus
1204 1372 1386 1412 adhibere
1409 1373 1534 1414 iussus
1565 1382 1638 1425 est,

133 1437 180 1476 ob
212 1450 293 1476 eam
324 1450 495 1476 caussam
528 1451 637 1489 quam
668 1444 780 1476 antea
805 1438 1090 1492 proposuimus,
1135 1452 1182 1479 ne
1212 1439 1359 1480 scilicet
1387 1441 1468 1481 eius
1499 1443 1638 1496 posteri

132 1504 168 1543 in
200 1504 323 1544 aliena
354 1504 511 1556 regione
542 1512 822 1544 commorantes
853 1505 911 1544 dei
944 1520 1080 1545 nomen
1112 1506 1157 1545 ab
1189 1520 1275 1546 sese
1305 1508 1531 1559 reficerent,
1565 1511 1638 1549 imo

131 1571 234 1611 velut
264 1572 427 1610 inustum
455 1571 640 1624 quoddam
671 1572 820 1624 siguum
848 1573 998 1626 corpori
1028 1586 1097 1612 suo
1123 1574 1434 1625 circumferrent,
1478 1590 1552 1629 quo
1580 1578 1636 1617 vel

132 1639 412 1678 commonefieri
443 1638 504 1678 vet
535 1639 711 1692 redargui
743 1646 920 1693 possent,
966 1640 999 1679 si
1033 1641 1120 1693 quid
1150 1641 1414 1692 admitterent,
1455 1650 1567 1696 atquc
1598 1652 1638 1684 ut

131 1706 284 1746 omnino
326 1712 482 1760 paterna
524 1705 562 1745 in
604 1706 788 1759 religione
829 1705 1077 1761 institutoque
1119 1708 1384 1762 persisterent.
1455 1710 1636 1750 Abraami

130 1773 265 1813 deinde
294 1773 391 1812 filius
421 1771 577 1813 isaacus
608 1779 744 1812 octavo
774 1787 884 1827 quam
918 1781 1027 1814 natus
1065 1782 1148 1814 erat
1184 1775 1243 1815 die
1282 1790 1333 1816 ex
1370 1776 1430 1817 dei
1460 1778 1635 1818 mandato

129 1839 376 1880 circumcisus
404 1848 477 1880 est.
537 1839 623 1880 Nec
650 1840 798 1880 dubium
827 1847 885 1881 est
910 1841 999 1895 quin
1025 1848 1102 1881 tum
1127 1843 1256 1882 divino
1280 1851 1482 1898 praecepto
1505 1845 1554 1884 sit
1579 1845 1635 1884 in—

128 1907 259 1948 stituta
288 1907 542 1957 circumcisio,
574 1921 643 1947 nec
665 1907 774 1947 aliter
798 1915 922 1948 tamen
946 1923 1055 1962 quam
1080 1910 1126 1949 ad
1152 1911 1360 1950 futurarum
1384 1925 1510 1951 rerum
1534 1912 1634 1953 veri-

129 1981 245 2015 tatem
268 1976 374 2015 velut
396 1975 560 2029 imagine
583 1976 738 2028 quadam
762 1976 1076 2028 adumbrandam3
1118 1976 1154 2016 id
1179 1978 1275 2030 quod
1301 1984 1433 2032 postea
1458 1992 1527 2019 suo
1548 1979 1632 2020 loco

129 2043 466 2082 demonstrabitur.
519 2041 777 2096 Quamobrem
797 2043 1009 2085 circumcisi
1031 2044 1209 2098 deinceps
1231 2045 1412 2086 Abraami
1433 2060 1632 2087 successo·

127 2123 191 2149 res
215 2124 346 2149 omnes
371 2124 415 2150 ae
436 2111 580 2164 posteri
603 2112 775 2159 suerunt,
818 2124 933 2164 penes
957 2125 1050 2164 quos
1073 2112 1224 2151 sincera
1246 2112 1379 2166 religio
1403 2127 1447 2153 ac
1472 2113 1530 2153 dei
1553 2113 1631 2154 cul-

128 2185 187 2217 tus
218 2177 374 2217 resedit.
434 2176 552 2231 quue
582 2192 664 2217 cum
696 2177 742 2216 ab
769 2178 958 2217 Abraamo
990 2186 1188 2232 coeptum,
1230 2187 1306 2219 tum
1337 2180 1552 2234 singillatim
1584 2180 1630 2220 ab

125 2243 284 2295 Isaaco,
324 2243 488 2295 Iacobo,
533 2244 716 2297 huiusque
737 2244 887 2295 liberis,
929 2246 967 2285 in
994 2243 1250 2296 Cliauanaea,
1283 2245 1423 2287 Iudaea
1445 2262 1488 2287 ac
1511 2246 1629 2288 Phili-

125 2319 232 2351 staea
253 2314 456 2365 quondam,
491 2326 589 2352 nunc
607 2310 824 2352 Palaestina
846 2313 959 2363 dicta,
985 2313 1143 2367 regione
1164 2322 1411 2367 propagatum
1431 2322 1504 2355 est.
1551 2314 1628 2356 Sed

124 2386 163 2418 et
192 2380 229 2418 in
253 2381 431 2434 Aegypto
465 2395 539 2419 nou
566 2379 689 2418 minus
715 2387 997 2433 perseveratum
1026 2388 1098 2420 est.
1158 2379 1218 2420 Eo
1239 2382 1424 2434 siquidem
1446 2381 1622 2434 Iacobus,
1643 2402 1714 2429 Gen*
1735 2405 1773 2430 ω,

125 2446 186 2500 qui
209 2454 246 2486 et
268 2446 423 2487 Israelis
444 2460 656 2500 cognomen
678 2446 819 2497 habuit,
852 2462 925 2488 una
946 2462 1030 2488 cum
1049 2446 1108 2487 XI
1128 2448 1213 2487 filiis
1236 2450 1427 2502 profectus
1451 2457 1509 2490 est
1528 2464 1626 2490 anno

124 2515 260 2554 aetatis
282 2512 458 2555 CXXX.
518 2512 619 2553 Nam
642 2511 824 2568 Iosephus
848 2529 944 2555 uuus
965 2529 986 2555 e
1007 2515 1213 2555 liberorum
1232 2516 1331 2555 illius
1354 2530 1511 2556 numero
1532 2517 1625 2557 iam-

124 2582 259 2621 dudum
285 2582 321 2621 in
346 2582 524 2635 Aegypto
550 2580 747 2634 imperium
769 2582 1074 2632 administrabat,
1117 2596 1163 2622 eo
1188 2597 1209 2622 a
1234 2583 1412 2624 fratribus
1435 2598 1502 2638 per
1528 2584 1625 2625 iuvi-

123 2649 222 2688 diam
245 2649 462 2689 distractus.
507 2646 585 2688 Sed
611 2647 735 2687 divina
758 2649 1009 2702 providentia,
1036 2664 1130 2703 quae
1152 2650 1394 2691 sanctissimo
1414 2652 1497 2691 viro
1516 2666 1623 2706 prae-

123 2723 182 2756 sto
205 2717 335 2756 aderat
355 2716 511 2769 eiusque
535 2715 740 2754 commodis
761 2716 924 2765 favebat,
958 2724 1197 2771 comparatas
1216 2718 1400 2757 adversus
1422 2718 1619 2772 Iosephum

120 2782 275 2823 insidias
299 2782 555 2823 admirabilem
582 2782 619 2821 in
646 2781 861 2822 felicitatem
883 2785 1084 2824 convertit.
1146 2785 1295 2837 Atque,
1329 2792 1367 2824 ut
1388 2786 1512 2825 dicere
1534 2800 1621 2826 coe-

123 2864 271 2903 peram,
303 2849 464 2890 Iacobus
488 2850 646 2902 eiusque
670 2849 776 2889 liberi
799 2865 881 2890 cum
904 2852 1086 2891 uxoribus
1108 2867 1152 2891 ac
1174 2852 1372 2905 nepotibus
1395 2854 1439 2892 ad
1461 2851 1620 2892 LXXV

122 2917 242 2970 capita
264 2918 301 2957 in
325 2919 544 2972 Aegyptum
569 2917 800 2970 migrarunt3
833 2925 872 2957 ut
892 2918 928 2958 in
957 2918 1075 2973 primo
1098 2917 1344 2959 Pentateuclii
1366 2918 1525 2960 Mosnici
1553 2935 1615 2959 vo-
