2034 3267
470 168 648 200 PANARu
672 169 753 201 ΜΒ.
774 170 798 201 1.
823 169 928 202 ΤοΜ.
948 170 1004 201 111.
1029 169 1335 202 meaxxxw.
1581 163 1661 202 455

142 253 238 288 ctas.
307 245 438 300 Quare
473 248 691 302 priusquam
723 247 885 289 Graecis
919 249 981 289 illa
1012 249 1255 290 traderentar
1287 262 1471 302 nusquam
1508 247 1663 290 Veritas

141 330 227 356 esse
252 315 387 370 potuit.
450 313 602 370 Corpus
626 316 725 356 enim
747 316 881 370 ipsius,
915 324 955 356 ut
978 316 1049 366 ais,
1079 315 1230 365 Marce,
1265 314 1410 357 Cadmo
1433 324 1506 367 est,
1541 318 1663 372 iisque

141 383 202 437 qui
227 383 329 422 illum
355 390 664 434 antecesserunt,
699 383 908 434 recentius,
942 384 1159 437 ceterisque
1182 385 1276 424 adeo
1303 384 1364 438 qui
1390 385 1577 425 elementa
1604 400 1665 426 re-

138 451 239 504 liqua
262 458 512 504 repererunt,
547 465 590 491 ac
614 458 648 491 te
669 451 780 491 etiam
801 451 899 505 ipso.
960 450 1021 490 Tu
1045 452 1145 490 euim
1167 452 1272 491 solus
1294 466 1394 502 eam,
1428 468 1539 506 quam
1561 454 1663 494 veri-

138 525 252 557 tatem
276 519 460 572 appellaS,
496 519 626 558 nescio
649 519 746 573 quod
768 519 804 558 in
828 518 1073 558 simulacrum
1097 520 1317 559 detraxisti.
1374 519 1545 575 Ecquem
1569 537 1662 562 vero

139 593 246 641 putas
277 593 377 626 tuam
410 586 509 626 illam
543 601 663 640 usque
696 601 742 626 co
773 587 970 640 loquacem
1005 584 1124 638 Sigen
1159 600 1270 640 posse
1299 588 1516 639 sustinere,
1565 604 1661 644 quae

137 668 222 694 eum
252 654 423 693 nominet
453 655 513 708 qui
543 654 730 694 nominari
763 660 950 707 nequeat,
997 660 1033 692 et
1057 652 1364 707 inexplicabilem
1392 657 1581 710 explicet,
1625 665 1664 698 et

137 722 199 775 qui
236 721 348 761 nullis
380 721 556 775 vestigiis
589 721 819 776 deprehendi
857 728 984 775 potest
1013 721 1246 773 investiget?
1306 720 1406 774 Quid
1439 725 1536 776 quod
1572 739 1660 779 ape-

136 789 261 829 ruisse
287 790 376 829 dicit
396 803 438 829 os
463 789 591 839 illum,
625 803 736 842 quem
760 796 799 828 tu
823 789 946 828 omnis
974 796 1012 828 et
1038 789 1211 842 corporis
1234 797 1434 843 expertem
1457 798 1492 830 et
1518 792 1660 844 figurae

136 856 358 912 praedicas,
404 870 698 910 sermonemque
726 857 781 896 sic
808 863 986 910 tanquam
1015 856 1264 910 compositum
1294 858 1494 911 quodpiam
1522 860 1662 900 animal

136 925 326 965 edidisse?
385 923 509 977 Quem
535 924 647 964 etiam
670 938 888 964 sermonem
917 925 997 964 eius
1023 938 1042 963 a
1068 938 1141 978 qno
1165 925 1371 978 productus
1395 933 1455 965 est
1479 926 1658 978 similem,

135 994 371 1047 effigiemque
398 1006 468 1032 nee
495 991 737 1044 aspectabilis
766 990 943 1032 Parentis
970 992 1246 1032 elementorum
1275 993 1454 1046 triginta,
1497 995 1661 1050 syllaba-

134 1075 215 1101 rum
242 1068 404 1115 quatuor
427 1073 513 1099 esse
535 1059 677 1100 docuit.
727 1058 986 1113 Quamobrem
1009 1060 1277 1100 universorum
1299 1059 1448 1101 Parens
1470 1062 1548 1112 ille,
1575 1077 1660 1117 per-

134 1129 221 1169 inde
255 1143 297 1168 ac
329 1141 481 1175 sermO,
523 1134 564 1167 ut
598 1128 764 1178 asseris,
809 1128 967 1168 tricenis
999 1128 1199 1168 elementis
1231 1142 1275 1168 ac
1306 1129 1464 1183 syllabis
1496 1138 1661 1184 quatuor

133 1196 337 1236 constabit.
400 1193 498 1247 Quis
528 1195 617 1235 illud
649 1210 744 1235 vero
772 1196 962 1250 patienter
986 1197 1107 1245 ferat,
1153 1196 1189 1235 in
1220 1197 1360 1250 figuras
1391 1211 1434 1237 ac
1460 1213 1657 1250 numeros,

133 1265 225 1304 alias
248 1261 399 1311 XXX,
434 1264 528 1303 alias
555 1261 721 1314 XXlV‚
757 1278 1026 1317 nonnunquam
1053 1262 1131 1314 VI,
1166 1266 1403 1304 conditorem
1430 1267 1596 1307 omnium
1622 1275 1661 1308 et

131 1332 314 1372 artificem
339 1331 686 1385 l'abricatoremque
710 1331 767 1370 dei
790 1346 1007 1371 sermonem
1032 1346 1053 1371 a
1078 1338 1112 1372 te
1137 1332 1332 1372 redactum
1359 1340 1470 1386 atque
1494 1336 1658 1376 constri-

131 1407 257 1449 ctum,
301 1400 387 1439 dum
415 1399 512 1439 bunc
543 1399 581 1439 in
606 1399 774 1454 syllabas
799 1397 878 1449 IV,
925 1400 1079 1453 triginta
1109 1414 1203 1439 vero
1237 1400 1428 1441 elementa
1459 1403 1659 1445 concidis?

131 1465 206 1520 Qui
240 1468 431 1507 dominum
463 1467 652 1517 omnium,
699 1482 718 1506 a
750 1482 823 1521 quo
849 1468 1038 1508 coelestes
1070 1467 1123 1508 illi
1151 1468 1263 1508 orbes
1293 1470 1436 1509 fundati
1465 1478 1575 1522 sunt,
1618 1473 1657 1513 in

129 1533 547 1582 DCCCLXXthtt
581 1549 779 1575 numerum
812 1535 996 1586 includis,
1044 1536 1153 1589 quasi
1182 1535 1343 1576 similem
1371 1537 1559 1592 alphabeti
1590 1554 1656 1579 na—

129 1611 252 1644 turam
283 1603 467 1643 obtineat.
532 1601 607 1656 Qui
639 1618 825 1643 summum
858 1601 1088 1654 Parentem,
1123 1618 1142 1644 a
1176 1619 1249 1658 quo
1281 1607 1657 1660 comprehenduntur

129 1671 279 1721 omnia,
322 1685 406 1711 cum
433 1686 454 1711 a
480 1671 631 1711 nemine
657 1672 738 1726 ipse
764 1672 1132 1726 comprehendatur,
1166 1673 1204 1712 in
1230 1672 1464 1724 Tetradem,
1499 1673 1655 1728 Ogdoa-

129 1740 229 1789 dem,
264 1738 460 1779 Decaslcm
483 1738 805 1793 Dodeeademque
829 1740 1045 1793 distinguis.
1109 1739 1261 1794 Quique
1289 1741 1357 1781 hac
1381 1742 1655 1797 multiplicandi

127 1807 279 1848 licentia
306 1807 375 1847 hoe
396 1807 519 1862 ipsum
543 1809 640 1861 quod
666 1808 702 1847 in
728 1806 842 1848 Patre
868 1822 938 1848 nec
962 1808 1148 1862 explicari
1170 1808 1299 1848 verbis
1323 1824 1393 1849 nec
1416 1811 1543 1851 animo
1564 1826 1655 1852 con-

129 1875 199 1929 cipi
227 1889 340 1930 posse
368 1876 564 1930 praedicas
590 1876 764 1915 oratione
790 1876 986 1925 declaras,
1022 1883 1058 1915 et
1082 1890 1193 1930 quem
1220 1878 1393 1931 corporis
1417 1885 1653 1934 naturaeque

128 1943 221 1983 facis
253 1950 475 1998 expertem,
523 1944 605 1983 eius
638 1950 676 1983 et
705 1950 880 1984 naturam
912 1946 949 1984 e‘t
974 1944 1227 1984 substantiam
1253 1945 1421 1999 pluribus
1454 1961 1503 1987 ex
1524 1947 1650 1998 lineis,

128 2025 285 2065 quarum
309 2011 405 2051 aliae
428 2024 477 2050 ex
501 2011 584 2051 aliis
602 2010 823 2065 gignantur,
857 2012 1119 2066 coagmentari
1141 2013 1332 2067 disputas,
1367 2014 1403 2053 in
1425 2030 1498 2068 quo
1519 2029 1654 2070 supre-

127 2093 211 2119 mae
232 2079 386 2119 virtutis
405 2079 503 2119 illius
526 2079 770 2119 salsissimum
795 2086 830 2119 te
853 2078 1064 2120 Daedalum
1087 2094 1132 2120 ac
1152 2081 1358 2135 pessimum
1382 2083 1650 2125 fabricatorem

128 2161 215 2187 esse
239 2154 534 2187 commonstra&
598 2145 673 2199 Qui
696 2148 854 2187 eandem
879 2148 1075 2198 virtutem,
1108 2163 1219 2202 quam
1239 2149 1473 2190 individuam
1498 2153 1649 2204 statuis,

128 2215 164 2254 in
194 2221 340 2264 mutos,
384 2215 539 2255 vocales
563 2229 606 2255 ac
631 2215 883 2256 semivocales
906 2230 1023 2256 sonos
1046 2216 1204 2267 dividis,
1247 2218 1422 2272 quodque
1446 2226 1587 2259 mutum
1613 2221 1651 2261 in

126 2282 201 2323 illis
222 2289 295 2333 est,
328 2281 486 2323 Parenti
508 2283 674 2322 omnium
697 2283 853 2337 eiusque
876 2284 1098 2338 cogitationi
1123 2285 1219 2325 salso
1242 2286 1412 2326 tribuens
1437 2295 1649 2329 extremam

126 2351 164 2390 in
191 2350 462 2404 blasphemiam
494 2358 604 2404 atque
631 2350 819 2404 insignem
845 2352 1077 2405 impietatem
1102 2360 1317 2393 sectatores
1342 2361 1426 2394 tuos
1451 2355 1647 2409 impulisti.

129 2415 388 2471 Quamobrem
421 2419 503 2458 iure
535 2433 577 2458 ac
604 2419 740 2458 merito
772 2419 809 2458 in
841 2419 936 2460 hanc
969 2427 1067 2460 tuam
1097 2421 1192 2461 adeo
1219 2422 1425 2476 proiectam
1454 2425 1647 2465 audaciam

127 2485 276 2526 divinus
308 2486 371 2526 ille
402 2501 548 2534 senex,
583 2501 628 2526 ac
660 2501 798 2541 praeeo
826 2487 1000 2528 veritatis
1033 2489 1090 2529 his
1122 2490 1300 2530 versibus
1332 2490 1506 2533 invectus
1538 2499 1618 2532 est:

357 2557 462 2594 Idola
480 2557 637 2607 fingens
667 2558 818 2603 Marce,
853 2565 1098 2596 monstrorum
1127 2560 1281 2609 arnseoe,

356 2625 587 2674 Fraude'sqece
613 2638 734 2674 gnare
763 2628 946 2675 magicae,
982 2633 1019 2663 et
1046 2634 1231 2664 astrorum
1263 2629 1396 2673 sciens,

356 2693 514 2729 Error-is
544 2693 639 2730 mule
667 2694 801 2742 dogma
826 2695 1043 2746 pesteserum
1072 2697 1202 2740 strues,

356 2761 530 2797 Por-lenta
560 2773 689 2797 caecae
706 2761 806 2810 fieta
836 2763 919 2799 dum
950 2769 1012 2800 lm
1015 2763 1080 2801 bae
1109 2763 1271 2809 eoelzz'bes,

127 2842 207 2879 νότα
226 2844 331 2880 πάντα
353 2852 438 2888 cett„
463 2850 652 2880 Mossuetus:
677 2844 863 2893 οἷλφαβητῳ
906 2860 986 2891 pres.
1040 2854 1120 2884 Nam
1150 2853 1318 2891 Epiphaniz‘
1352 2854 1420 2884 libri
1451 2855 1560 2887 habent
1589 2856 1645 2889 τοῦ

129 2885 226 2924 αὐτὸν
245 2891 411 2938 γεγονότα,
429 2892 554 2927 notares
571 2891 675 2926 ποίη-α
689 2898 753 2925 cett.
787 2896 864 2926 Stie-
909 2896 937 2928 υ’
933 2897 979 2930 οὔ
1007 2896 1121 2940 ἐνθοίᾳ.

128 2937 248 2968 renius:
271 2934 408 2981 ἀλφαβη
411 2950 472 2981 τῳ,
496 2935 575 2971 αὐτὸ
580 2951 594 2970 ν
616 2936 657 2971 τὰ
678 2937 782 2971 πάντα
800 2941 1008 2975 cett.1-}.
1033 2942 1089 2976 καὶ
1109 2952 1167 2974 om.
1188 2943 1253 2974 cod.
1273 2944 1370 2975 Venet.

176 2980 224 3013 13.
247 2983 294 3013 Ita
325 2985 538 3024 corrigendum
563 2986 661 3016 suasit
687 2986 866 3017 Vet.1nter-
