2034 3267
205 411 271 440 pag.
291 403 349 430 390.

206 2518 293 2559 Κεφ.
320 2514 361 2550 α’.

225 2604 292 2632 pag.
311 2595 369 2623 391,

368 173 446 213 708
931 179 1092 212 SANCTI
1114 180 1339 213 EPIPHANII

367 256 556 312 οὐρανῶν.
617 257 697 297 Καὶ
724 255 857 310 ἐπειδὴ
887 254 913 310 ἡ
943 254 1127 310 ἀλήθεια,
1168 256 1237 306 τάς
1261 258 1401 311 ἑαυτῆς
1424 256 1583 309 ἀκτῖνας
1607 259 1891 314 ἀποστίλβουσα

367 326 421 373 εἰς
450 322 491 365 τό
521 324 699 373 παντελὲς
726 322 826 366 κατὰ
850 323 1072 380 πρόγνωσιν
1100 329 1199 365 θεοῦ
1228 328 1305 366 τῶν
1327 326 1618 381 ἐπιφερομένων
1646 332 1796 380 κακῶν,
1839 330 1892 376 εἰς

370 393 518 446 ἔλεγχον
537 391 762 445 προετύπου
783 391 877 441 τοῦς
898 390 1020 445 αὐτῆς
1038 390 1192 447 λόγους,
1223 398 1424 447 πανταχοῦ
1443 395 1702 449 προεθέσπισε
1720 396 1763 438 τὸ
1782 402 1893 438 θεῖον

366 459 525 515 γράμμα
546 458 617 513 τὴν
642 458 835 514 ἀναίρεσιν
857 464 933 501 τῶν
959 459 1172 513 μελλόντων
1196 459 1294 502 κατά
1318 466 1387 515 τῆς
1411 460 1597 515 ἀληθείας
1621 464 1892 520 ἐπεγείρεσθαι.

364 526 432 577 Ὡς
453 527 668 582 διαρρήδην
691 526 811 577 αὕτός
835 545 913 570 που
937 526 960 570 ὁ
983 527 1119 583 κύριος
1141 529 1195 577 εἰς
1216 530 1366 584 ἔλεγχον
1389 534 1459 571 τοῦ
1482 531 1645 572 ἐλεεινοῦ
1667 533 1733 572 καὶ
1754 537 1895 573 πεπλα-

367 597 539 649 νημένου
560 595 743 651 Σευήρου
767 595 909 648 φάσκει
929 594 1047 645 αὕτός
1067 594 1206 638 ἕαυτὸν
1229 596 1298 650 τήν
1319 595 1508 650 ὄῖμπελον,
1538 598 1672 653 λέγων,
1701 596 1796 654 Ἐγώ
1818 601 1895 653 εἶμι

367 662 393 717 ἡ
417 663 586 717 ἄμπελος
609 662 635 717 ἦ
657 662 838 718 ἀληθινή.
899 666 955 705 Εἰ
976 665 1017 705 δὲ
1040 663 1140 713 ὅλως
1162 663 1309 716 ψεκτὸν
1332 660 1381 718 ῆν
1406 664 1448 707 τό
1475 669 1543 718 τῆς
1565 663 1738 719 ἀμπέλου
1762 664 1895 720 ὄνομα,

370 730 442 774 οὐκ
465 731 513 773 ἂν
536 737 606 774 τοῦ
630 730 821 785 ὀνόματος
842 734 895 781 εἰς
913 731 1056 788 ἑαυτὸν
1080 734 1248 774 ἐποιεῖτο
1271 731 1340 786 τήν
1362 731 1583 787 ὁμοιότητα.
1639 731 1750 775 'Anda
1770 735 1837 776 καὶ
1859 738 1899 776 οἵ

370 799 579 842 ἀπόστολοί
602 815 721 851 φασιν
746 802 784 841 ἐν
806 805 851 858 τῇ
882 799 1084 850 1Διατάξξει
1108 805 1154 858 τῇ
1178 801 1398 858 καλουμένῃ
1424 800 1504 853 ὅτι,
1539 805 1686 844 Φυτεία
1711 806 1810 844 θεοῦ
1832 803 1899 844 καὶ

370 867 551 922 ἀμπελῶν
572 866 598 922 ἡ
618 867 810 921 καθολικὴ
836 870 1025 922 ἐκκλησία.
1083 867 1194 909 Ἀλλά
1213 869 1279 910 καὶ
1302 867 1419 918 αὐτὸς
1444 868 1466 912 ὁ
1486 869 1623 927 κύριος
1642 869 1758 912 πάλιν
1783 871 1823 912 ἐν
1845 874 1899 927 τῷ

369 935 574 994 εὐαγγελίῳ
606 935 838 989 ποιούμενος
868 935 938 989 τήν
968 941 1037 978 τοῦ
1067 935 1296 989 ἀμπελῶνος
1321 937 1549 992 παραβολὴν
1579 938 1658 990 ὅτι,
1698 937 1814 993 Ἀνήρ
1843 955 1900 987 τις

371 1003 649 1058 οἰκοδεσπότης
668 1002 761 1058 εἶχεν
782 1003 1003 1059 ἀμπελῶνα,
1033 1006 1099 1046 καὶ
1122 1006 1270 1054 ἐξέδοτο
1291 1003 1411 1047 αὐτόν
1428 1012 1631 1062 γεωργοῖς,
1662 1007 1729 1048 καὶ
1750 1008 1902 1060 ἔπεμψε

371 1078 496 1127 ζητῶν
518 1072 683 1128 καρπόν,
714 1075 781 1115 καὶ
803 1071 874 1115 οὐκ
897 1074 1066 1114 ἔδωκαν·
1099 1071 1191 1114 ἀλλά
1212 1074 1277 1114 καὶ
1300 1072 1427 1125 πάλιν,
1456 1072 1572 1129 Ἀνήρ
1594 1092 1653 1123 τις
1673 1073 1899 1117 οἰκοδεσπό-

371 1160 440 1196 της
462 1143 558 1195 ἒχων
582 1139 812 1195 ἀμπελῶνα,
845 1142 983 1194 ἐξῆλθε
1001 1146 1123 1194 ζητῶν
1144 1140 1305 1196 ἐργάτας
1327 1143 1381 1190 εἰς
1402 1141 1469 1184 τόν
1491 1140 1721 1195 ἀμπελῶνα,
1751 1144 1818 1184 καὶ
1837 1144 1902 1185 ἐπὶ

370 1214 501 1266 τρίτην
532 1209 657 1264 ὥραν,
687 1210 754 1250 καὶ
784 1210 916 1262 ἕκτην,
948 1210 1015 1250 καὶ
1042 1208 1224 1263 ἐννάτην,
1255 1211 1321 1251 καὶ
1345 1209 1567 1264 ἑνδεκάτην·
1612 1209 1664 1260 ῶς
1689 1210 1903 1260 ἐξάπαντος

371 1278 413 1321 τὸ
436 1283 504 1332 τῆς
526 1279 807 1331 ἐπιτηδεύσεως
825 1276 1059 1332 σκευώρημα
1080 1279 1147 1319 καὶ
1164 1276 1304 1319 τούτου
1323 1281 1393 1319 τοῦ
1413 1277 1636 1327 ἀπατεῶνος
1655 1278 1902 1333 πανταχόθεν

373 1349 469 1401 ἔχειν
492 1347 534 1388 τὸ
557 1345 836 1400 τιτρώσκεσθαι
857 1344 958 1402 λόγῳ
981 1350 1051 1398 τῆς
1073 1344 1268 1399 ἀληθείας.
1330 1344 1417 1387 Κᾶν
1438 1363 1477 1388 τε
1499 1346 1571 1403 γάρ
1593 1349 1838 1400 ἐπιφαίνεται
1857 1346 1901 1390 τὸ

373 1414 513 1463 σκότος
538 1413 669 1466 φωτός
694 1413 746 1467 μὴ
769 1412 984 1469 παρόντος,
1017 1412 1064 1456 δι’
1088 1412 1218 1469 όλίγου
1244 1419 1464 1470 σπινθῆρος
1487 1413 1513 1469 ἡ
1535 1414 1656 1458 αὐτοῦ
1679 1414 1904 1468 ἀφάντωσις

371 1489 440 1537 τῆς
466 1482 689 1537 ἀνατροπῆς
712 1481 917 1537 γενήσεται.
977 1481 1193 1535 Συντόμως
1223 1483 1263 1524 δὲ
1287 1484 1473 1538 κέχρημαι
1497 1488 1544 1542 τῇ
1567 1485 1729 1539 αἷρέσει,
1769 1483 1835 1526 διά
1857 1483 1901 1526 τὸ

373 1551 450 1606 ἤδη
476 1552 636 1601 ἐξειπεῖν
658 1550 717 1592 ὅτι
738 1548 928 1600 εὐάλωτος
949 1549 1178 1606 ὑπάρχουσα
1201 1549 1247 1593 οὐ
1270 1555 1414 1604 πολλῆς
1435 1554 1556 1593 δεῖται
1577 1553 1774 1608 ἐργασίας,
1805 1551 1905 1609 πρὸς

375 1621 560 1661 σύστασιν
583 1624 651 1672 τῆς
672 1617 752 1661 κατ’
775 1617 896 1673 αὐτῆς
921 1617 1124 1673 ἀληθείας·
1156 1618 1318 1672 μάλιστα
1341 1620 1395 1671 δὲ,
1427 1619 1487 1662 ὅτι
1506 1619 1601 1674 τάχα
1621 1618 1730 1673 οἶμαι
1747 1621 1814 1662 καὶ
1834 1638 1904 1674 μη-

374 1690 454 1730 κέτι
485 1689 527 1730 ἐκ
551 1687 691 1741 ταύτης
714 1685 902 1743 ὑπάρχειν
931 1686 1060 1739 τινάς,
1093 1686 1166 1729 ἀλλ’
1199 1689 1234 1729 εἰ
1260 1686 1335 1743 ἄρα
1360 1691 1533 1738 σπανίως
1562 1690 1603 1730 ἐν
1629 1686 1812 1730 ἀνωτάτω
1843 1689 1904 1742 μέ-

377 1771 489 1812 ρεσιν.

488 1891 583 1934 'And
607 1892 749 1946 ταύτης
779 1893 820 1934 δὲ
845 1892 1127 1948 παρελθόντες,
1170 1892 1295 1949 ῶςπερ
1320 1896 1511 1948 σκορπίον
1538 1893 1664 1936 δεινόν
1689 1892 1910 1947 καταπατή-

379 1976 532 2012 σαντες,
563 1960 724 2016 ἀθρόως
745 1960 813 2010 τάς
835 1962 920 2015 ἑξῆς
944 1961 1273 2015 διασκοπήσομεν,
1303 1967 1402 2004 θεοῦ
1423 1961 1495 2016 τὴν
1515 1961 1681 2015 δύναμιν
1705 1960 1907 2004 ἐπικαλού-

380 2048 486 2084 μενοι
517 2032 571 2078 εἰς
599 2028 810 2083 βοήθειαν,
852 2035 920 2071 τοῦ
950 2046 988 2071 τε
1017 2029 1060 2071 τό
1087 2028 1231 2082 ἀληθὲς
1253 2032 1395 2081 εἰπεῖν,
1436 2031 1503 2072 καὶ
1527 2035 1597 2071 τοῦ
1621 2028 1741 2072 αὐτόν
1766 2030 1830 2083 ἐμὲ
1855 2028 1909 2083 μῆ

381 2101 642 2153 βλάπτεσθαι,
674 2097 837 2151 μάλιστα
859 2099 945 2153 περὶ
970 2103 1038 2151 τῆς
1059 2097 1240 2151 τοιαύτης
1260 2101 1390 2152 δεινῆς
1414 2099 1481 2140 καὶ
1504 2096 1702 2154 ὄλετηρίου
1725 2103 1802 2140 τῶν
1822 2099 1908 2153 δογ-

383 2168 516 2222 μάτων
546 2168 728 2221 μέλλοντα
758 2164 991 2218 ὑποφαίνειν
1020 2170 1294 2221 κακοτροπίας.

742 2332 979 2376 ΚΑΤΑ
1051 2332 1555 2388 ΤΑΤΙΑΝΩΝ,

622 2408 796 2471 εἰκοστὴ
836 2412 963 2469 ἕκτη,
1014 2407 1044 2469 ἡ
1079 2411 1155 2456 καὶ
1190 2408 1522 2474 τεσσαρακοστή
1561 2411 1677 2470 ἕκτη.

505 2508 694 2558 Τατιανός
712 2526 769 2558 τις
790 2506 926 2561 ἀνέστη
948 2506 1111 2556 τούτους
1133 2507 1419 2562 διαδεξάμενος,
1448 2507 1537 2562 ἤτοι
1555 2506 1654 2550 κατὰ
1673 2505 1765 2556 τοῦς
1785 2505 1915 2548 αὐτῶν

389 2577 554 2634 χρόνους
585 2576 660 2628 ῶν,
706 2576 732 2630 ἢ
755 2575 831 2630 μετ’
856 2575 1019 2627 αὐτούς,
1061 2575 1176 2618 πάλιν
1198 2576 1268 2630 τὴν
1292 2578 1434 2618 ἑαυτοῦ
1457 2581 1527 2630 τῆς
1546 2578 1786 2628 κενοφωνίας
1807 2577 1913 2617 διδα-

388 2649 545 2689 σκαλίαν
564 2645 890 2701 προστησάμενος,
943 2646 1022 2686 Καὶ
1044 2644 1090 2686 τά
1111 2646 1177 2698 μὲν
1196 2650 1344 2701 πρῶτα,
1368 2642 1431 2687 οἷα
1451 2643 1501 2697 δὴ
1520 2643 1597 2686 ἀπὸ
1617 2642 1806 2697 Ἑλλήνων
1827 2660 1915 2684 παι-

389 2719 495 2763 δείας
519 2712 722 2769 ὑπάρχων,
763 2712 994 2767 συνακμάζει
1015 2711 1207 2770 Ἰουστίνῳ
1237 2719 1290 2771 τῷ
1316 2712 1542 2770 φιλοσόφῳ,
1586 2710 1699 2766 ἀνδρὶ
1721 2710 1817 2768 άγίῳ
1848 2712 1915 2752 καὶ

392 2787 490 2841 φίλῳ
515 2787 636 2834 θεοῦ,
683 2787 764 2840 Ῑτῷ
791 2781 868 2824 ἀπὸ
896 2786 1150 2837 Σαμαρειτῶν
1175 2784 1228 2831 εἰς
1256 2780 1426 2837 Χριστὸν
1449 2778 1725 2823 πεπιστευκότι.
1790 2773 1916 2828 Οὗτος

440 2910 515 2942 CAP.
536 2911 591 2942 IV.
616 2929 658 2934 -
687 2909 711 2942 1.
743 2912 867 2943 Constit.
889 2911 1020 2950 Apostol.
1040 2910 1090 2940 lib.
1105 2911 1127 2940 1.
1174 2908 1409 2952 κλησία,-καὶ
1441 2905 1595 2951 ἀμπελών
1628 2903 1729 2941 αὐτοῦ
1759 2903 1915 2944 ἐκλεκτὸς

390 2966 524 2997 prooem.
542 2957 629 2999 (tom.
645 2957 682 2995 1.,
700 2966 732 2996 p.
750 2954 822 2987 199.
847 2958 976 2987 Patrum
997 2956 1129 2994 Apostol.
1173 2959 1238 2987 cett.

394 3003 440 3034 ed.
464 3002 578 3044 Cler.).·
604 3001 690 3034 Θεοῦ
711 2999 829 3044 φυτεία
847 2997 871 3042 ἦ
892 2997 1053 3041 καδολικῆ
1075 2997 1128 3032 ἐκ·
1222 3000 1299 3032 CAP.
1316 3001 1341 3032 Ι.
1367 3018 1408 3024 —-
1436 2998 1463 3031 1.
1488 3000 1522 3031 ln
1541 2999 1611 3030 edit.
1628 3000 1728 3038 princ·
1753 3001 1837 3030 extat
1857 2997 1914 3030 τοῦ
