2034 3267
205 2153 271 2181 pag.
291 2145 349 2173 392.

370 211 448 249 710
926 212 1086 245 SANGTI
1109 213 1335 245 EPIPHANn

368 292 439 348 γάρ
471 289 494 333 ὁ
521 290 727 339 Ἰουστῐνος
750 292 993 345 Σαμαρείτης
1017 285 1068 343 ἦν
1096 288 1139 332 τὸ
1171 291 1303 345 γένος,
1345 290 1400 338 εἰς
1424 290 1597 345 Χριστὸν
1627 291 1890 341 πεπιστευκώς

369 362 435 402 καὶ
460 360 630 414 μεγάλως
651 359 899 411 ἐξασκηθεὶς,
942 357 1080 413 ἀρετῆς
1101 374 1138 399 τε
1164 360 1250 411 βίον
1275 356 1558 410 ἐνδειξάμενος,
1597 358 1639 400 τὸ
1661 361 1766 409 τέλος
1791 358 1888 414 ὑπὲρ

372 431 544 482 Χριστοῦ
566 426 812 481 μαρτυρήσας
832 429 973 468 τελείου
995 425 1190 477 στεφάνου
1213 428 1473 476 καταξιοῦται,
1502 427 1566 467 ἐπὶ
1585 430 1654 478 τῆς
1672 425 1888 481 Ῥωμαίων,

370 497 433 538 ἐπὶ
452 493 658 536 Ῥωστικοῦ
681 493 871 549 ἡγεμόνος
893 496 959 535 καὶ
977 492 1180 548 Ἀδριανοῦ
1204 494 1404 546 βασιλέως,
1429 495 1525 535 ε’τῶν
1543 492 1747 547 τριάκοντα
1768 493 1891 549 ὑπάρ-

370 582 448 618 χων
468 565 509 605 έν
528 561 758 620 καθεστώσῃ
783 560 924 619 ἡλικίᾳ.
991 562 1124 619 Τούτῳ
1149 560 1171 604 ὁ
1193 562 1471 616 προειρημένος
1496 561 1681 610 Τατιανός
1699 562 1890 616 συνακμά-

369 647 440 680 σας
472 630 518 672 τά
547 636 681 685 πρῶτα
710 635 837 678 καλῶς
866 628 1081 684 φερόμενος
1109 631 1173 671 καὶ
1203 635 1249 688 τῇ
1279 632 1404 671 πίστει
1433 630 1650 684 ἐρρωμένος
1679 629 1891 684 ἐτύγχανεν,

370 699 464 742 ὅσον
490 694 535 752 ἧν
557 698 628 740 σύν
651 703 703 755 τῷ
728 696 824 755 άγίῳ
843 696 1036 755 Ἶουστίνῳ
1059 703 1111 754 τῷ
1136 697 1319 752 μάρτυρι,
1351 696 1413 738 ὅτε
1437 698 1477 739 δὲ
1502 697 1673 739 ἐτελεύτα
1690 695 1893 748 Ἰουστῖνος

370 767 392 809 ὁ
415 767 545 822 ἅγιος,
590 767 714 821 ὥςπερ
738 765 881 818 τυφλός
901 765 1250 821 χειραγωγούμενος
1272 764 1349 814 283
1369 763 1447 807 ύπὸ
1472 770 1542 807 τοῦ
1567 771 1803 821 χειραγωγοῦ
1827 785 1892 808 κα·

368 838 608 889 ταλειφθείη,
630 837 695 876 καὶ
714 835 988 886 καταλειφθεὶς
1008 835 1070 876 ἐπὶ
1089 833 1265 887 κρημνόν
1285 833 1424 875 ἑαυτόν
1444 832 1584 882 ε’κδοῦς
1603 833 1667 876 διά
1687 833 1757 888 τήν
1778 852 1891 890 προς-

369 909 491 946 οῦσαν
513 902 615 960 αὐτῷ
637 902 833 954 τύφλωσιν
851 904 1108 957 καταφέρεται
1126 901 1389 955 ἀνεπισχέτως,
1421 904 1494 950 ἕως
1519 904 1573 950 εἰς
1593 901 1770 944 θάνατον
1789 919 1892 944 κατε-

368 975 537 1026 νεχθείη,
571 971 674 1013 οὕτω
695 973 761 1012 καὶ
780 969 908 1019 αὐτός.
970 971 1049 1011 Καὶ
1072 965 1120 1024 ἧν
1142 971 1209 1023 μὲν
1229 969 1361 1022 Σύρος
1381 969 1423 1012 τὸ
1445 971 1568 1025 γένος,
1600 968 1652 1019 ὥς
1674 968 1700 1023 ἦ
1720 972 1773 1019 εἰς
1793 968 1895 1024 ἡμᾶς

370 1042 542 1082 ἐλθοῦσα
567 1045 708 1094 γνῶσις
730 1040 912 1093 περιέχει·
955 1037 996 1080 td
1028 1039 1068 1080 δὲ
1099 1037 1220 1080 αὐτοῦ
1243 1041 1511 1080 διδασκαλεῖον
1537 1038 1798 1093 προεστήσατο
1830 1038 1894 1081 ἄπ’

369 1106 488 1162 ἀρχῆς
519 1109 588 1161 μὲν
618 1109 658 1149 ἐν
688 1112 732 1164 τῇ
763 1108 883 1164 Μέση
914 1112 990 1148 τῶν
1023 1111 1239 1159 Ποταμῶν,
1281 1104 1334 1155 ὥς
1363 1108 1452 1161 περὶ
1482 1105 1524 1148 zo*
1558 1108 1778 1149 δωδέκατον
1810 1109 1895 1156 ἔτος

374 1175 634 1218 3Ἀντωνίνου
656 1180 723 1217 τοῦ
748 1174 951 1228 Εὐσεβοῦς
978 1178 1174 1229 Καίσαρος
1197 1176 1484 1227 ἐπικληθέντος.
1541 1173 1636 1216 'And
1656 1173 1801 1229 Ῥώμης
1820 1175 1893 1231 γάρ

369 1243 461 1298 μετά
490 1243 559 1297 τὴν
588 1249 657 1285 τοῦ
684 1242 795 1298 άγίου
819 1241 1028 1284 Ἰουστίνου
1051 1246 1240 1284 τελείωσιν
1264 1241 1429 1284 διελθών
1457 1245 1519 1285 ἐπὶ
1542 1242 1588 1284 τά
1612 1248 1680 1296 τῆς
1705 1242 1895 1298 ἀνατολῆς

370 1314 488 1366 μέρη,
528 1313 595 1352 καὶ
626 1313 745 1353 ἐκεῖσε
774 1314 1004 1364 διατρίβων,
1042 1314 1143 1368 κακῇ
1173 1313 1324 1368 διανοίᾳ
1355 1310 1572 1366 περιπεσών
1601 1311 1760 1361 Αἰῶνάς
1788 1330 1896 1361 τινας

367 1379 466 1421 κατὰ
497 1379 588 1428 τούς
619 1379 774 1432 μύθους
805 1378 1084 1429 Οὐαλεντίνου,
1123 1380 1189 1420 καὶ
1210 1377 1346 1434 Ἀρχάς
1367 1397 1473 1427 τινας
1501 1381 1567 1421 καὶ
1593 1380 1802 1436 Προβολάς
1827 1382 1893 1423 καὶ

370 1446 487 1496 αύτός
505 1448 740 1502 εἰςηγήσατο.
807 1446 857 1489 Τό
884 1448 924 1489 δὲ
948 1452 1124 1488 πλεῖστον
1146 1451 1215 1488 τοῦ
1243 1446 1362 1489 αὐτοῦ
1384 1446 1630 1503 κηρύγματος
1654 1448 1730 1490 dno*
1753 1448 1895 1491 Ἀντιο-

366 1518 469 1569 χείας
491 1521 559 1568 τῆς
582 1514 681 1571 πρὸς
705 1514 892 1569 Δάφνην,
923 1517 989 1557 καὶ
1014 1516 1076 1557 ε’πὶ
1100 1513 1145 1556 τά
1168 1520 1243 1556 τῶν
1267 1519 1437 1557 Κιλίκων
1461 1517 1579 1571 μέρη,
1610 1518 1675 1558 ἐπὶ
1697 1522 1829 1559 πλεῖον
1852 1518 1894 1559 δὲ

367 1585 409 1626 ἐν
435 1589 480 1642 τῇ
505 1587 669 1641 Πισιδίᾳ
695 1583 912 1639 ἐκράτυνεν.
970 1582 1064 1625 ’And
1087 1582 1228 1625 τούτου
1252 1583 1323 1639 γάρ
1351 1584 1449 1626 κατά
1474 1584 1658 1638 διαδοχὴν
1681 1587 1721 1627 οἷ
1737 1584 1893 1640 Ἐγκρα-

366 1658 466 1693 τῖται
493 1652 690 1707 λεγόμενοι
718 1657 789 1693 τοῦ
821 1654 883 1693 ἰοῦ
908 1653 1176 1705 μετεσχηκότες
1201 1650 1430 1706 ὑπάρχουσι.
1489 1654 1654 1708 Λέγεται
1687 1653 1728 1695 δὲ
1757 1653 1799 1695 τὸ
1830 1652 1895 1695 διά

366 1719 562 1775 τεσσάρων
585 1725 604 1749 4
619 1719 839 1776 εὐαγγέλιον
860 1718 924 1762 ὐπ’
947 1718 1068 1762 αὐτοῦ
1090 1725 1318 1776 γεγενῆσθαι
1337 1720 1454 1777 ὅπερ,
1488 1720 1598 1763 Kato}
1616 1719 1822 1778 Ἑβραίους
1844 1739 1896 1765 τι·

365 1789 426 1837 νὲς
457 1793 629 1830 καλοῦσι.

487 1856 543 1897 Τά
574 1855 672 1897 αὐτοὶ
702 1857 741 1897 δὲ
770 1863 854 1904 ταῖς
884 1861 1066 1905 παλαιαῖς
1095 1858 1261 1912 αἱρέσεσι
1290 1858 1357 1899 καὶ
1388 1853 1502 1907 οὗτος
1532 1860 1756 1912 δογματίζει.
1816 1859 1895 1900 Καὶ

366 1929 524 1979 πρῶτον
546 1925 615 1978 μὲν
637 1924 779 1976 φάσκει
801 1924 853 1977 μὴ
874 1924 1065 1974 σώζεσθαι
1086 1923 1151 1966 τόν
1171 1923 1305 1978 Ἀδάμ.
1361 1923 1609 1981 Ἐγκράτειαν
1631 1927 1673 1968 δὲ
1693 1921 1806 1976 οὗτος
1827 1944 1894 1980 κη-

368 1991 513 2045 ρύττει·
555 1991 623 2034 τὸν
655 1993 694 2033 δὲ
725 1992 848 2048 γάμον
875 1996 1057 2048 πορνείαν
1086 1995 1153 2034 καὶ
1182 1992 1343 2048 φθοράν
1372 1992 1539 2049 ἡγεῖται,
1581 1993 1747 2046 φάσκων
1777 1995 1895 2048 μηδὲν

368 2059 602 2102 διαλλάττειν
631 2063 812 2115 πορνείας
844 2059 911 2102 τᾶν
940 2060 1089 2114 γάμον,
1131 2060 1221 2103 άλλοὶ
1250 2061 1292 2103 vd
1327 2060 1420 2104 αὐτὸ
1455 2060 1561 2104 εἶναι.
1609 2061 1738 2104 ’Όθεν
1770 2065 1811 2105 ἐν
1840 2068 1893 2121 τῷ

368 2128 612 2183 προσχήματι
636 2133 705 2182 τῆς
732 2130 971 2184 ἐγκρατείας,
1011 2131 1079 2170 καὶ
1108 2135 1177 2171 τοῦ
1203 2132 1479 2185 ἐγκρατητικοῦ
1506 2130 1636 2184 ἤθους
1661 2130 1895 2185 κυβευτικὴν

369 2198 449 2250 ἔσχε
471 2195 542 2250 τὴν
566 2195 743 2252 ἀγωγὴν,
775 2195 828 2246 ὥς
849 2196 967 2245 λύκος
989 2196 1117 2251 ἅρπαξ
1141 2197 1373 2251 ἐνδυόμενος
1395 2198 1598 2253 προβάτου
1621 2201 1787 2250 κώδιον,
1827 2200 1895 2241 καὶ

368 2270 524 2306 πλανῶν
546 2270 598 2323 τῷ
618 2268 842 2322 προςκαίρω
861 2265 1101 2319 προσχήματι
1122 2266 1213 2316 τούς
1235 2265 1525 2320 ἀπατωμένους.
1584 2270 1833 2322 Μυστηρίοις
1853 2268 1894 2309 δὲ

369 2332 550 2382 ὦςαύτως
573 2334 770 2388 κέχρηται,
807 2332 904 2374 κατά
931 2337 1091 2386 μίμησιν
1113 2340 1181 2388 τῆς
1203 2333 1313 2390 άγίας
1335 2337 1556 2388 ἐκκλησίας,
1586 2334 1700 2377 ’ὕδατι
1723 2337 1763 2377 δὲ
1785 2335 1892 2393 μόνῳ

368 2400 563 2454 χριόμενος
585 2403 626 2443 ἐν
645 2408 726 2450 τοῖς
744 2399 878 2449 αὐτοῖς
895 2406 1129 2456 μυστηρίοις.
1176 2407 1356 2445 Πεσεῖται
1376 2404 1417 2445 δὲ
1435 2405 1499 2445 καὶ
1517 2399 1632 2453 οὗτος
1652 2402 1750 2445 κατά
1767 2402 1893 2445 πάντα

368 2468 537 2521 τρόπον,
569 2468 784 2511 εἷσύστατσν
804 2471 899 2522 ἔχων
922 2468 962 2510 τό
986 2469 1182 2525 κήρυγμα·
1214 2470 1289 2525 ἤδη
1310 2472 1351 2513 δὲ
1373 2473 1438 2513 καὶ
1465 2467 1580 2521 οὗτος
1601 2473 1892 2525 κατασβεσθεὶς,

368 2536 496 2590 οἶμαι,
537 2540 661 2590 ἔληξε,
702 2539 766 2579 καὶ
790 2537 833 2579 τό
858 2536 1000 2579 τούτου
1023 2540 1299 2597 διδασκαλεζον.
1362 2539 1502 2581 Πόθεν
1524 2539 1596 2596 γάρ
1620 2539 1692 2582 οὐκ
1715 2539 1892 2594 ἐλεγχθή-

369 2621 470 2647 σεται
495 2603 516 2647 ὁ
537 2611 735 2656 τοιοῦτος,-
783 2610 948 2660 Πρῶτον
969 2606 1036 2658 μὲν
1056 2606 1128 2661 γάρ
1150 2606 1246 2648 κατά
1269 2607 1315 2649 τά
1339 2606 1419 2649 ὄὲνω
1440 2607 1533 2661 ἡμῖν
1554 2609 1891 2664 προδεδηλωμένα,

367 2675 434 2715 καὶ
468 2673 567 2729 πρὸς
598 2672 666 2722 τοὶς
696 2673 798 2715 οὕτω
830 2672 1059 2726 φασκούσας
1092 2676 1276 2729 αἱρέσεις,
1321 2675 1377 2718 ὅτι
1404 2674 1601 2718 ἀδύνατον
1631 2675 1728 2718 εἶναι
1752 2675 1893 2724 πολλάς

366 2740 503 2795 Ἀρχᾶς
521 2741 745 2797 γεννητικάς
766 2747 843 2783 τῶν
865 2741 961 2783 κατά
981 2742 1165 2796 διαδοχήν
1187 2746 1446 2799 γεννωμένων.
1505 2747 1563 2786 Αἱ
1578 2743 1649 2800 γάρ
1670 2739 1782 2786 οὖσαι
1802 2749 1890 2786 πολ-

367 2811 429 2850 λαὶ
448 2811 599 2863 καὶ.μία
622 2811 664 2852 ἐκ
684 2815 752 2863 τῆς
771 2815 861 2863 μιᾶς
880 2808 1124 2865 ὑπάρχουσαι
1145 2813 1186 2853 ἐκ
1205 2817 1274 2865 τῆς
1293 2811 1412 2866 οὔσης
1433 2817 1524 2866 μιᾶς
1544 2815 1668 2861 αἰτίας
1685 2817 1763 2854 τῶν
1794 2818 1803 2841 ¹
1819 2831 1890 2855 πα-

402 2913 433 2945 2.
455 2911 492 2951 ὃς
509 2917 539 2946 in
554 2917 638 2946 libris
652 2917 846 2948 desideratur
859 2917 1006 2947 omnibus.
1034 2916 1106 2946 Cor·
1151 2919 1254 2948 culam
1278 2919 1364 2949 addi.

366 2961 454 2991 nario
483 2964 509 2992 el
533 2963 660 2992 Petavio
688 2963 789 3001 magis
809 2963 927 3000 placuit
954 2959 983 2993 εἰ
1005 2963 1106 3000 parti·
1197 2962 1227 2994 ὃ.
1252 2963 1337 2994 Libri
1360 2964 1469 2996 habent
1490 2959 1677 2997 Ἀντονίνου.
