<?xml version="1.0" encoding="UTF-8"?>
<!DOCTYPE html PUBLIC "-//W3C//DTD XHTML 1.0 Transitional//EN"
    "http://www.w3.org/TR/xhtml1/DTD/xhtml1-transitional.dtd">
<html xmlns="http://www.w3.org/1999/xhtml" xml:lang="en" lang="en">
 <head>
  <title>
</title>
<meta http-equiv="Content-Type" content="text/html;charset=utf-8" />
  <meta name='ocr-system' content='tesseract 3.04.00' />
  <meta name='ocr-capabilities' content='ocr_page ocr_carea ocr_par ocr_line ocrx_word'/>
</head>
<body>
  <div class='ocr_page' id='page_1' title='image "./p1corporishaereseo02epipuoft/p1corporishaereseo02epipuoft_0497.png"; bbox 0 0 2034 3267; ppageno 0'>
   <div class='ocr_carea' id='block_1_1' title="bbox 467 134 1653 174">
    <p class='ocr_par' dir='ltr' id='par_1_1' title="bbox 467 134 1653 174">
     <span class='ocr_line' id='line_1_1' title="bbox 467 134 1653 174; baseline 0.003 -4"><span class='ocrx_word' id='word_1_1' title='bbox 467 138 645 171; x_wconf 76' lang='lat' dir='ltr'><strong>PANARH</strong></span> <span class='ocrx_word' id='word_1_2' title='bbox 670 139 751 172; x_wconf 87' lang='lat' dir='ltr'>LIB.</span> <span class='ocrx_word' id='word_1_3' title='bbox 768 140 791 173; x_wconf 77' lang='grc' dir='ltr'>Ι.</span> <span class='ocrx_word' id='word_1_4' title='bbox 816 140 922 172; x_wconf 90' lang='grc' dir='ltr'>ΤΟΜ.</span> <span class='ocrx_word' id='word_1_5' title='bbox 941 141 996 173; x_wconf 79' lang='lat' dir='ltr'>HI.</span> <span class='ocrx_word' id='word_1_6' title='bbox 1022 140 1151 173; x_wconf 79' lang='lat' dir='ltr'>HAER.</span> <span class='ocrx_word' id='word_1_7' title='bbox 1169 141 1315 173; x_wconf 76' lang='lat' dir='ltr'>XXXV.</span> <span class='ocrx_word' id='word_1_8' title='bbox 1574 134 1653 174; x_wconf 81' lang='grc'>485</span> 
     </span>
    </p>
   </div>
   <div class='ocr_carea' id='block_1_2' title="bbox 121 216 1655 1290">
    <p class='ocr_par' dir='ltr' id='par_1_2' title="bbox 127 216 1655 612">
     <span class='ocr_line' id='line_1_2' title="bbox 129 216 1654 276; baseline 0.003 -19"><span class='ocrx_word' id='word_1_9' title='bbox 129 217 189 257; x_wconf 89' lang='lat' dir='ltr'>nis</span> <span class='ocrx_word' id='word_1_10' title='bbox 216 231 351 258; x_wconf 88' lang='lat' dir='ltr'>vocem</span> <span class='ocrx_word' id='word_1_11' title='bbox 377 216 593 259; x_wconf 80' lang='lat' dir='ltr'>tribuimus.</span> <span class='ocrx_word' id='word_1_12' title='bbox 656 217 788 272; x_wconf 81' lang='lat' dir='ltr'><strong>Quare</strong></span> <span class='ocrx_word' id='word_1_13' title='bbox 813 226 976 274; x_wconf 87' lang='lat' dir='ltr'>utroque</span> <span class='ocrx_word' id='word_1_14' title='bbox 1001 233 1145 273; x_wconf 83' lang='lat' dir='ltr'>genere</span> <span class='ocrx_word' id='word_1_15' title='bbox 1170 219 1231 260; x_wconf 89' lang='lat' dir='ltr'>hic</span> <span class='ocrx_word' id='word_1_16' title='bbox 1256 226 1294 260; x_wconf 91' lang='lat' dir='ltr'>et</span> <span class='ocrx_word' id='word_1_17' title='bbox 1316 219 1410 260; x_wconf 90' lang='lat' dir='ltr'>haec</span> <span class='ocrx_word' id='word_1_18' title='bbox 1433 220 1545 260; x_wconf 89' lang='lat' dir='ltr'>homo</span> <span class='ocrx_word' id='word_1_19' title='bbox 1567 235 1654 276; x_wconf 91' lang='lat' dir='ltr'>pro-</span> 
     </span>
     <span class='ocr_line' id='line_1_3' title="bbox 130 283 1655 343; baseline 0.003 -18"><span class='ocrx_word' id='word_1_20' title='bbox 130 286 232 326; x_wconf 82' lang='lat' dir='ltr'>ferre</span> <span class='ocrx_word' id='word_1_21' title='bbox 257 285 440 325; x_wconf 91' lang='lat' dir='ltr'>solemus.</span> <span class='ocrx_word' id='word_1_22' title='bbox 505 283 583 326; x_wconf 90' lang='lat' dir='ltr'>Sed</span> <span class='ocrx_word' id='word_1_23' title='bbox 610 286 670 327; x_wconf 93' lang='lat' dir='ltr'>ubi</span> <span class='ocrx_word' id='word_1_24' title='bbox 694 301 878 341; x_wconf 81' lang='lat' dir='ltr'>generum</span> <span class='ocrx_word' id='word_1_25' title='bbox 903 295 962 328; x_wconf 91' lang='lat' dir='ltr'>est</span> <span class='ocrx_word' id='word_1_26' title='bbox 986 287 1253 341; x_wconf 86' lang='lat' dir='ltr'>distinguenda</span> <span class='ocrx_word' id='word_1_27' title='bbox 1276 288 1511 343; x_wconf 76' lang='lat' dir='ltr'>proprietas,</span> <span class='ocrx_word' id='word_1_28' title='bbox 1546 288 1655 330; x_wconf 87' lang='lat' dir='ltr'>semi-</span> 
     </span>
     <span class='ocr_line' id='line_1_4' title="bbox 128 352 1653 403; baseline 0.003 -10"><span class='ocrx_word' id='word_1_29' title='bbox 128 367 214 394; x_wconf 88' lang='lat' dir='ltr'>nam</span> <span class='ocrx_word' id='word_1_30' title='bbox 247 352 441 403; x_wconf 88' lang='lat' dir='ltr'>mulieris,</span> <span class='ocrx_word' id='word_1_31' title='bbox 487 368 629 395; x_wconf 88' lang='lat' dir='ltr'>marem</span> <span class='ocrx_word' id='word_1_32' title='bbox 663 355 736 395; x_wconf 89' lang='lat' dir='ltr'>viri</span> <span class='ocrx_word' id='word_1_33' title='bbox 770 355 922 395; x_wconf 91' lang='lat' dir='ltr'>nomine</span> <span class='ocrx_word' id='word_1_34' title='bbox 953 355 1208 395; x_wconf 78' lang='lat' dir='ltr'>declaramus.</span> <span class='ocrx_word' id='word_1_35' title='bbox 1272 355 1342 395; x_wconf 85' lang='lat' dir='ltr'>His</span> <span class='ocrx_word' id='word_1_36' title='bbox 1375 355 1474 396; x_wconf 85' lang='lat' dir='ltr'>enim</span> <span class='ocrx_word' id='word_1_37' title='bbox 1507 356 1653 398; x_wconf 90' lang='lat' dir='ltr'>duobus</span> 
     </span>
     <span class='ocr_line' id='line_1_5' title="bbox 127 421 1654 477; baseline 0.003 -16"><span class='ocrx_word' id='word_1_38' title='bbox 127 421 346 469; x_wconf 87' lang='lat' dir='ltr'>vocabulis,</span> <span class='ocrx_word' id='word_1_39' title='bbox 387 435 570 475; x_wconf 86' lang='lat' dir='ltr'>generum</span> <span class='ocrx_word' id='word_1_40' title='bbox 598 422 816 463; x_wconf 71' lang='lat' dir='ltr'>habitudine</span> <span class='ocrx_word' id='word_1_41' title='bbox 839 429 1041 477; x_wconf 87' lang='lat' dir='ltr'>separata,</span> <span class='ocrx_word' id='word_1_42' title='bbox 1083 436 1203 462; x_wconf 86' lang='lat' dir='ltr'>sexus</span> <span class='ocrx_word' id='word_1_43' title='bbox 1229 423 1426 476; x_wconf 88' lang='lat' dir='ltr'>utriusque</span> <span class='ocrx_word' id='word_1_44' title='bbox 1450 424 1654 466; x_wconf 89' lang='lat' dir='ltr'>diversitas</span> 
     </span>
     <span class='ocr_line' id='line_1_6' title="bbox 129 486 1653 545; baseline 0.003 -16"><span class='ocrx_word' id='word_1_45' title='bbox 129 489 371 544; x_wconf 70' lang='lat' dir='ltr'>exprimitur.</span> <span class='ocrx_word' id='word_1_46' title='bbox 434 489 488 529; x_wconf 88' lang='lat' dir='ltr'>At</span> <span class='ocrx_word' id='word_1_47' title='bbox 515 490 679 530; x_wconf 86' lang='lat' dir='ltr'>hominis</span> <span class='ocrx_word' id='word_1_48' title='bbox 710 505 789 531; x_wconf 84' lang='lat' dir='ltr'>vox</span> <span class='ocrx_word' id='word_1_49' title='bbox 818 489 969 531; x_wconf 91' lang='lat' dir='ltr'>nonnisi</span> <span class='ocrx_word' id='word_1_50' title='bbox 997 486 1224 540; x_wconf 65' lang='grc' dir='ltr'><em>(ὁμωνύμως</em></span> <span class='ocrx_word' id='word_1_51' title='bbox 1253 497 1290 530; x_wconf 90' lang='lat' dir='ltr'>et</span> <span class='ocrx_word' id='word_1_52' title='bbox 1322 490 1499 545; x_wconf 81' lang='lat' dir='ltr'>ambigue</span> <span class='ocrx_word' id='word_1_53' title='bbox 1530 492 1653 533; x_wconf 88' lang='lat' dir='ltr'>virum</span> 
     </span>
     <span class='ocr_line' id='line_1_7' title="bbox 127 557 712 612; baseline 0 -15"><span class='ocrx_word' id='word_1_54' title='bbox 127 571 171 597; x_wconf 88' lang='lat' dir='ltr'>ac</span> <span class='ocrx_word' id='word_1_55' title='bbox 202 557 399 598; x_wconf 89' lang='lat' dir='ltr'>mulierem</span> <span class='ocrx_word' id='word_1_56' title='bbox 432 557 712 612; x_wconf 76' lang='lat' dir='ltr'>complectitur.</span> 
     </span>
    </p>

    <p class='ocr_par' dir='ltr' id='par_1_3' title="bbox 121 623 1653 1290">
     <span class='ocr_line' id='line_1_8' title="bbox 238 623 1651 679; baseline 0.003 -15"><span class='ocrx_word' id='word_1_57' title='bbox 238 623 348 678; x_wconf 80' lang='lat' dir='ltr'>Quae</span> <span class='ocrx_word' id='word_1_58' title='bbox 370 639 454 664; x_wconf 90' lang='lat' dir='ltr'>cum</span> <span class='ocrx_word' id='word_1_59' title='bbox 476 625 526 665; x_wconf 87' lang='lat' dir='ltr'>ita</span> <span class='ocrx_word' id='word_1_60' title='bbox 551 639 592 665; x_wconf 91' lang='lat' dir='ltr'>se</span> <span class='ocrx_word' id='word_1_61' title='bbox 615 625 802 675; x_wconf 88' lang='lat' dir='ltr'>habeant,</span> <span class='ocrx_word' id='word_1_62' title='bbox 836 625 968 665; x_wconf 84' lang='lat' dir='ltr'>adeste</span> <span class='ocrx_word' id='word_1_63' title='bbox 989 638 1133 679; x_wconf 84' lang='lat' dir='ltr'>quaeso</span> <span class='ocrx_word' id='word_1_64' title='bbox 1155 625 1259 665; x_wconf 86' lang='lat' dir='ltr'>servi</span> <span class='ocrx_word' id='word_1_65' title='bbox 1282 625 1340 665; x_wconf 90' lang='lat' dir='ltr'>dei</span> <span class='ocrx_word' id='word_1_66' title='bbox 1365 639 1498 666; x_wconf 91' lang='lat' dir='ltr'>omnes</span> <span class='ocrx_word' id='word_1_67' title='bbox 1523 633 1561 667; x_wconf 86' lang='lat' dir='ltr'>et</span> <span class='ocrx_word' id='word_1_68' title='bbox 1583 641 1651 668; x_wconf 88' lang='lat' dir='ltr'>ve-</span> 
     </span>
     <span class='ocr_line' id='line_1_9' title="bbox 125 690 1652 747; baseline 0.003 -15"><span class='ocrx_word' id='word_1_69' title='bbox 125 692 248 733; x_wconf 90' lang='lat' dir='ltr'>ritatis</span> <span class='ocrx_word' id='word_1_70' title='bbox 275 700 489 742; x_wconf 89' lang='lat' dir='ltr'>amatores,</span> <span class='ocrx_word' id='word_1_71' title='bbox 533 693 683 747; x_wconf 89' lang='lat' dir='ltr'>planum</span> <span class='ocrx_word' id='word_1_72' title='bbox 710 692 814 732; x_wconf 88' lang='lat' dir='ltr'>illum</span> <span class='ocrx_word' id='word_1_73' title='bbox 841 699 879 732; x_wconf 88' lang='lat' dir='ltr'>et</span> <span class='ocrx_word' id='word_1_74' title='bbox 903 693 1130 733; x_wconf 86' lang='lat' dir='ltr'>nebulonem</span> <span class='ocrx_word' id='word_1_75' title='bbox 1159 690 1414 733; x_wconf 85' lang='lat' dir='ltr'>Colorbasum</span> <span class='ocrx_word' id='word_1_76' title='bbox 1445 695 1652 736; x_wconf 84' lang='lat' dir='ltr'>vehemen-</span> 
     </span>
     <span class='ocr_line' id='line_1_10' title="bbox 124 760 1649 817; baseline 0.003 -18"><span class='ocrx_word' id='word_1_77' title='bbox 124 760 199 800; x_wconf 87' lang='lat' dir='ltr'>tius</span> <span class='ocrx_word' id='word_1_78' title='bbox 227 760 421 810; x_wconf 85' lang='lat' dir='ltr'>deridete,</span> <span class='ocrx_word' id='word_1_79' title='bbox 465 761 526 801; x_wconf 88' lang='lat' dir='ltr'>vel</span> <span class='ocrx_word' id='word_1_80' title='bbox 551 760 678 814; x_wconf 87' lang='lat' dir='ltr'>lugete</span> <span class='ocrx_word' id='word_1_81' title='bbox 704 760 829 814; x_wconf 92' lang='lat' dir='ltr'>potius</span> <span class='ocrx_word' id='word_1_82' title='bbox 861 773 928 800; x_wconf 89' lang='lat' dir='ltr'>eos</span> <span class='ocrx_word' id='word_1_83' title='bbox 956 760 1016 814; x_wconf 91' lang='lat' dir='ltr'>qui</span> <span class='ocrx_word' id='word_1_84' title='bbox 1043 760 1190 815; x_wconf 89' lang='lat' dir='ltr'>decepti</span> <span class='ocrx_word' id='word_1_85' title='bbox 1218 767 1329 810; x_wconf 87' lang='lat' dir='ltr'>sunt,</span> <span class='ocrx_word' id='word_1_86' title='bbox 1373 775 1456 801; x_wconf 92' lang='lat' dir='ltr'>cum</span> <span class='ocrx_word' id='word_1_87' title='bbox 1484 763 1649 817; x_wconf 82' lang='lat' dir='ltr'>seipsos,</span> 
     </span>
     <span class='ocr_line' id='line_1_11' title="bbox 125 826 1652 884; baseline 0.001 -16"><span class='ocrx_word' id='word_1_88' title='bbox 125 834 202 868; x_wconf 86' lang='lat' dir='ltr'>tum</span> <span class='ocrx_word' id='word_1_89' title='bbox 235 828 330 868; x_wconf 90' lang='lat' dir='ltr'>alios</span> <span class='ocrx_word' id='word_1_90' title='bbox 362 842 473 882; x_wconf 90' lang='lat' dir='ltr'>quam</span> <span class='ocrx_word' id='word_1_91' title='bbox 502 827 684 882; x_wconf 90' lang='lat' dir='ltr'>plurimos</span> <span class='ocrx_word' id='word_1_92' title='bbox 711 828 973 882; x_wconf 86' lang='lat' dir='ltr'>perdiderunt.</span> <span class='ocrx_word' id='word_1_93' title='bbox 1034 826 1120 868; x_wconf 91' lang='lat' dir='ltr'>Nos</span> <span class='ocrx_word' id='word_1_94' title='bbox 1147 835 1273 868; x_wconf 85' lang='lat' dir='ltr'>autem</span> <span class='ocrx_word' id='word_1_95' title='bbox 1301 828 1372 868; x_wconf 88' lang='lat' dir='ltr'>deo</span> <span class='ocrx_word' id='word_1_96' title='bbox 1398 832 1541 882; x_wconf 81' lang='lat' dir='ltr'>gratias</span> <span class='ocrx_word' id='word_1_97' title='bbox 1564 844 1652 884; x_wconf 86' lang='lat' dir='ltr'>aga-</span> 
     </span>
     <span class='ocr_line' id='line_1_12' title="bbox 125 895 1653 950; baseline 0.002 -15"><span class='ocrx_word' id='word_1_98' title='bbox 125 909 230 946; x_wconf 89' lang='lat' dir='ltr'>mus,</span> <span class='ocrx_word' id='word_1_99' title='bbox 275 896 373 950; x_wconf 91' lang='lat' dir='ltr'>quod</span> <span class='ocrx_word' id='word_1_100' title='bbox 404 895 660 935; x_wconf 88' lang='lat' dir='ltr'>mediocribus</span> <span class='ocrx_word' id='word_1_101' title='bbox 685 895 995 949; x_wconf 84' lang='lat' dir='ltr'>simplicibusque</span> <span class='ocrx_word' id='word_1_102' title='bbox 1024 895 1154 936; x_wconf 85' lang='lat' dir='ltr'>verbis</span> <span class='ocrx_word' id='word_1_103' title='bbox 1183 895 1279 935; x_wconf 87' lang='lat' dir='ltr'>filios</span> <span class='ocrx_word' id='word_1_104' title='bbox 1306 909 1397 936; x_wconf 90' lang='lat' dir='ltr'>suos</span> <span class='ocrx_word' id='word_1_105' title='bbox 1421 897 1566 938; x_wconf 88' lang='lat' dir='ltr'>veritas</span> <span class='ocrx_word' id='word_1_106' title='bbox 1592 911 1653 939; x_wconf 89' lang='lat' dir='ltr'>re-</span> 
     </span>
     <span class='ocr_line' id='line_1_13' title="bbox 125 962 1652 1018; baseline 0.001 -14"><span class='ocrx_word' id='word_1_107' title='bbox 125 970 222 1004; x_wconf 83' lang='lat' dir='ltr'>ctam</span> <span class='ocrx_word' id='word_1_108' title='bbox 258 964 294 1003; x_wconf 90' lang='lat' dir='ltr'>in</span> <span class='ocrx_word' id='word_1_109' title='bbox 322 963 420 1005; x_wconf 87' lang='lat' dir='ltr'>viam</span> <span class='ocrx_word' id='word_1_110' title='bbox 447 963 571 1003; x_wconf 83' lang='lat' dir='ltr'>soleat</span> <span class='ocrx_word' id='word_1_111' title='bbox 595 962 809 1014; x_wconf 85' lang='lat' dir='ltr'>deducere,</span> <span class='ocrx_word' id='word_1_112' title='bbox 853 970 988 1003; x_wconf 88' lang='lat' dir='ltr'>contra</span> <span class='ocrx_word' id='word_1_113' title='bbox 1015 977 1109 1003; x_wconf 86' lang='lat' dir='ltr'>vero</span> <span class='ocrx_word' id='word_1_114' title='bbox 1136 963 1276 1004; x_wconf 89' lang='lat' dir='ltr'>misera</span> <span class='ocrx_word' id='word_1_115' title='bbox 1303 964 1363 1004; x_wconf 89' lang='lat' dir='ltr'>illa</span> <span class='ocrx_word' id='word_1_116' title='bbox 1387 965 1652 1018; x_wconf 87' lang='lat' dir='ltr'>arrogantiae·</span> 
     </span>
     <span class='ocr_line' id='line_1_14' title="bbox 125 1031 1652 1087; baseline 0.002 -17"><span class='ocrx_word' id='word_1_117' title='bbox 125 1045 197 1086; x_wconf 91' lang='lat' dir='ltr'>que</span> <span class='ocrx_word' id='word_1_118' title='bbox 219 1031 330 1086; x_wconf 88' lang='lat' dir='ltr'>plena</span> <span class='ocrx_word' id='word_1_119' title='bbox 356 1031 531 1084; x_wconf 86' lang='lat' dir='ltr'>dogmata</span> <span class='ocrx_word' id='word_1_120' title='bbox 548 1061 558 1081; x_wconf 96' lang='lat'>,</span> <span class='ocrx_word' id='word_1_121' title='bbox 593 1037 631 1070; x_wconf 90' lang='lat' dir='ltr'>et</span> <span class='ocrx_word' id='word_1_122' title='bbox 654 1031 850 1085; x_wconf 84' lang='lat' dir='ltr'>exquisito</span> <span class='ocrx_word' id='word_1_123' title='bbox 875 1033 997 1071; x_wconf 78' lang='lat' dir='ltr'>fucata</span> <span class='ocrx_word' id='word_1_124' title='bbox 1020 1031 1213 1071; x_wconf 86' lang='lat' dir='ltr'>lenocinio</span> <span class='ocrx_word' id='word_1_125' title='bbox 1238 1031 1419 1087; x_wconf 87' lang='lat' dir='ltr'>dissipet,</span> <span class='ocrx_word' id='word_1_126' title='bbox 1452 1046 1496 1073; x_wconf 88' lang='lat' dir='ltr'>ac</span> <span class='ocrx_word' id='word_1_127' title='bbox 1518 1039 1652 1087; x_wconf 87' lang='lat' dir='ltr'>pacate</span> 
     </span>
     <span class='ocr_line' id='line_1_15' title="bbox 124 1098 1650 1156; baseline 0.001 -16"><span class='ocrx_word' id='word_1_128' title='bbox 124 1099 338 1153; x_wconf 82' lang='lat' dir='ltr'>leniterque</span> <span class='ocrx_word' id='word_1_129' title='bbox 363 1098 613 1154; x_wconf 88' lang='lat' dir='ltr'>progrediens</span> <span class='ocrx_word' id='word_1_130' title='bbox 640 1106 792 1139; x_wconf 86' lang='lat' dir='ltr'>evertat</span> <span class='ocrx_word' id='word_1_131' title='bbox 819 1100 989 1140; x_wconf 84' lang='lat' dir='ltr'>funditus</span> <span class='ocrx_word' id='word_1_132' title='bbox 1016 1106 1052 1139; x_wconf 87' lang='lat' dir='ltr'>et</span> <span class='ocrx_word' id='word_1_133' title='bbox 1078 1100 1303 1153; x_wconf 81' lang='lat' dir='ltr'>extinguat3</span> <span class='ocrx_word' id='word_1_134' title='bbox 1349 1107 1390 1141; x_wconf 85' lang='lat' dir='ltr'>ut</span> <span class='ocrx_word' id='word_1_135' title='bbox 1414 1114 1465 1141; x_wconf 83' lang='lat' dir='ltr'>ex</span> <span class='ocrx_word' id='word_1_136' title='bbox 1488 1101 1650 1156; x_wconf 89' lang='lat' dir='ltr'>prophe-</span> 
     </span>
     <span class='ocr_line' id='line_1_16' title="bbox 125 1165 1651 1223; baseline 0.001 -15"><span class='ocrx_word' id='word_1_137' title='bbox 125 1175 185 1208; x_wconf 86' lang='lat' dir='ltr'>tae</span> <span class='ocrx_word' id='word_1_138' title='bbox 211 1166 430 1207; x_wconf 89' lang='lat' dir='ltr'>testimonio</span> <span class='ocrx_word' id='word_1_139' title='bbox 456 1165 657 1207; x_wconf 80' lang='lat' dir='ltr'>manifeste</span> <span class='ocrx_word' id='word_1_140' title='bbox 681 1167 892 1221; x_wconf 85' lang='lat' dir='ltr'>colligitur,</span> <span class='ocrx_word' id='word_1_141' title='bbox 927 1167 988 1221; x_wconf 89' lang='lat' dir='ltr'>qui</span> <span class='ocrx_word' id='word_1_142' title='bbox 1014 1168 1218 1208; x_wconf 89' lang='lat' dir='ltr'>nonnullos</span> <span class='ocrx_word' id='word_1_143' title='bbox 1240 1167 1354 1223; x_wconf 89' lang='lat' dir='ltr'>impia</span> <span class='ocrx_word' id='word_1_144' title='bbox 1377 1170 1562 1223; x_wconf 86' lang='lat' dir='ltr'>quaedam</span> <span class='ocrx_word' id='word_1_145' title='bbox 1586 1183 1651 1209; x_wconf 90' lang='lat' dir='ltr'>cu-</span> 
     </span>
     <span class='ocr_line' id='line_1_17' title="bbox 121 1234 1649 1290; baseline 0.001 -14"><span class='ocrx_word' id='word_1_146' title='bbox 121 1235 262 1276; x_wconf 90' lang='lat' dir='ltr'>riosius</span> <span class='ocrx_word' id='word_1_147' title='bbox 284 1234 568 1286; x_wconf 84' lang='lat' dir='ltr'>adsciscenteS,</span> <span class='ocrx_word' id='word_1_148' title='bbox 611 1249 656 1275; x_wconf 88' lang='lat' dir='ltr'>ac</span> <span class='ocrx_word' id='word_1_149' title='bbox 678 1235 867 1276; x_wconf 86' lang='lat' dir='ltr'>scelerata</span> <span class='ocrx_word' id='word_1_150' title='bbox 893 1234 1024 1276; x_wconf 89' lang='lat' dir='ltr'>nescio</span> <span class='ocrx_word' id='word_1_151' title='bbox 1052 1249 1149 1290; x_wconf 87' lang='lat' dir='ltr'>quae</span> <span class='ocrx_word' id='word_1_152' title='bbox 1176 1250 1283 1276; x_wconf 89' lang='lat' dir='ltr'>suam</span> <span class='ocrx_word' id='word_1_153' title='bbox 1311 1236 1357 1276; x_wconf 90' lang='lat' dir='ltr'>ad</span> <span class='ocrx_word' id='word_1_154' title='bbox 1384 1237 1554 1277; x_wconf 84' lang='lat' dir='ltr'>fraudem</span> <span class='ocrx_word' id='word_1_155' title='bbox 1581 1250 1649 1277; x_wconf 87' lang='lat' dir='ltr'>ex-</span> 
     </span>
    </p>
   </div>
   <div class='ocr_carea' id='block_1_3' title="bbox 1679 638 1833 682">
    <p class='ocr_par' dir='ltr' id='par_1_4' title="bbox 1679 638 1833 682">
     <span class='ocr_line' id='line_1_18' title="bbox 1679 638 1833 682; baseline 0.013 -12"><span class='ocrx_word' id='word_1_156' title='bbox 1679 638 1755 682; x_wconf 84' lang='lat' dir='ltr'>Cap.</span> <span class='ocrx_word' id='word_1_157' title='bbox 1778 640 1833 672; x_wconf 84' lang='grc' dir='ltr'>ΠΙ.</span> 
     </span>
    </p>
   </div>
   <div class='ocr_carea' id='block_1_4' title="bbox 123 1302 1822 1358">
    <p class='ocr_par' dir='ltr' id='par_1_5' title="bbox 123 1302 1822 1358">
     <span class='ocr_line' id='line_1_19' title="bbox 123 1302 1822 1358; baseline 0.001 -15"><span class='ocrx_word' id='word_1_158' title='bbox 123 1303 336 1356; x_wconf 80' lang='lat' dir='ltr'>cogitantes</span> <span class='ocrx_word' id='word_1_159' title='bbox 370 1302 425 1343; x_wconf 87' lang='lat' dir='ltr'>sic</span> <span class='ocrx_word' id='word_1_160' title='bbox 456 1303 682 1357; x_wconf 85' lang='lat' dir='ltr'>alloquitur:</span> <span class='ocrx_word' id='word_1_161' title='bbox 726 1307 799 1343; x_wconf 75' lang='lat' dir='ltr'>Pro</span> <span class='ocrx_word' id='word_1_162' title='bbox 829 1319 870 1343; x_wconf 87' lang='lat' dir='ltr'>eo</span> <span class='ocrx_word' id='word_1_163' title='bbox 896 1306 995 1356; x_wconf 81' lang='lat' dir='ltr'>qnod</span> <span class='ocrx_word' id='word_1_164' title='bbox 1017 1305 1204 1343; x_wconf 77' lang='lat' dir='ltr'>abiecistis</span> <span class='ocrx_word' id='word_1_165' title='bbox 1227 1319 1358 1356; x_wconf 77' lang='lat' dir='ltr'>aquam</span> <span class='ocrx_word' id='word_1_166' title='bbox 1386 1307 1508 1352; x_wconf 65' lang='lat' dir='ltr'>Silo-³5,</span> <span class='ocrx_word' id='word_1_167' title='bbox 1555 1320 1648 1358; x_wconf 79' lang='lat' dir='ltr'>quae</span> <span class='ocrx_word' id='word_1_168' title='bbox 1665 1321 1735 1352; x_wconf 76' lang='lat' dir='ltr'>lsai.</span> <span class='ocrx_word' id='word_1_169' title='bbox 1753 1323 1779 1358; x_wconf 61' lang='lat' dir='ltr'>e,</span> <span class='ocrx_word' id='word_1_170' title='bbox 1799 1323 1822 1351; x_wconf 72' lang='grc' dir='ltr'>ε,</span> 
     </span>
    </p>
   </div>
   <div class='ocr_carea' id='block_1_5' title="bbox 120 1373 1650 1699">
    <p class='ocr_par' dir='ltr' id='par_1_6' title="bbox 120 1373 1650 1699">
     <span class='ocr_line' id='line_1_20' title="bbox 121 1373 1650 1426; baseline 0.001 -16"><span class='ocrx_word' id='word_1_171' title='bbox 121 1374 222 1411; x_wconf 79' lang='lat' dir='ltr'>vadit</span> <span class='ocrx_word' id='word_1_172' title='bbox 245 1386 326 1410; x_wconf 81' lang='lat' dir='ltr'>cum</span> <span class='ocrx_word' id='word_1_173' title='bbox 346 1373 494 1410; x_wconf 81' lang='lat' dir='ltr'>silentio</span> <span class='ocrx_word' id='word_1_174' title='bbox 506 1402 516 1419; x_wconf 91' lang='lat'>,</span> <span class='ocrx_word' id='word_1_175' title='bbox 549 1374 709 1411; x_wconf 81' lang='lat' dir='ltr'>adducet</span> <span class='ocrx_word' id='word_1_176' title='bbox 725 1387 837 1424; x_wconf 72' lang='lat' dir='ltr'>supet·</span> <span class='ocrx_word' id='word_1_177' title='bbox 857 1387 919 1411; x_wconf 81' lang='lat' dir='ltr'>vos</span> <span class='ocrx_word' id='word_1_178' title='bbox 939 1375 1106 1411; x_wconf 76' lang='lat' dir='ltr'>dominus</span> <span class='ocrx_word' id='word_1_179' title='bbox 1124 1387 1256 1425; x_wconf 77' lang='lat' dir='ltr'>aquam</span> <span class='ocrx_word' id='word_1_180' title='bbox 1266 1375 1395 1426; x_wconf 78' lang='lat' dir='ltr'>fluvii,</span> <span class='ocrx_word' id='word_1_181' title='bbox 1429 1387 1554 1424; x_wconf 82' lang='lat' dir='ltr'>regem</span> <span class='ocrx_word' id='word_1_182' title='bbox 1573 1377 1650 1413; x_wconf 83' lang='lat' dir='ltr'>As-</span> 
     </span>
     <span class='ocr_line' id='line_1_21' title="bbox 120 1437 1649 1494; baseline 0.002 -16"><span class='ocrx_word' id='word_1_183' title='bbox 120 1442 321 1491; x_wconf 75' lang='lat' dir='ltr'>syriorum.</span> <span class='ocrx_word' id='word_1_184' title='bbox 364 1438 466 1480; x_wconf 87' lang='lat' dir='ltr'>Nam</span> <span class='ocrx_word' id='word_1_185' title='bbox 487 1453 621 1494; x_wconf 90' lang='lat' dir='ltr'>aquam</span> <span class='ocrx_word' id='word_1_186' title='bbox 647 1437 754 1480; x_wconf 82' lang='lat' dir='ltr'>Silo&#39;e</span> <span class='ocrx_word' id='word_1_187' title='bbox 775 1440 880 1480; x_wconf 89' lang='lat' dir='ltr'>missi</span> <span class='ocrx_word' id='word_1_188' title='bbox 904 1440 1114 1480; x_wconf 87' lang='lat' dir='ltr'>doctrinam</span> <span class='ocrx_word' id='word_1_189' title='bbox 1134 1440 1383 1494; x_wconf 84' lang='lat' dir='ltr'>interpretari</span> <span class='ocrx_word' id='word_1_190' title='bbox 1403 1440 1505 1481; x_wconf 88' lang='lat' dir='ltr'>licet.</span> <span class='ocrx_word' id='word_1_191' title='bbox 1551 1439 1649 1494; x_wconf 83' lang='lat' dir='ltr'>Quis</span> 
     </span>
     <span class='ocr_line' id='line_1_22' title="bbox 120 1505 1649 1562; baseline 0.001 -15"><span class='ocrx_word' id='word_1_192' title='bbox 120 1508 183 1548; x_wconf 90' lang='lat' dir='ltr'>ille</span> <span class='ocrx_word' id='word_1_193' title='bbox 206 1521 300 1548; x_wconf 90' lang='lat' dir='ltr'>vero</span> <span class='ocrx_word' id='word_1_194' title='bbox 325 1507 421 1548; x_wconf 89' lang='lat' dir='ltr'>alius</span> <span class='ocrx_word' id='word_1_195' title='bbox 445 1515 506 1548; x_wconf 86' lang='lat' dir='ltr'>est</span> <span class='ocrx_word' id='word_1_196' title='bbox 530 1515 685 1562; x_wconf 87' lang='lat' dir='ltr'>praeter</span> <span class='ocrx_word' id='word_1_197' title='bbox 708 1505 835 1548; x_wconf 88' lang='lat' dir='ltr'>Iesum</span> <span class='ocrx_word' id='word_1_198' title='bbox 863 1508 1054 1548; x_wconf 91' lang='lat' dir='ltr'>dominum</span> <span class='ocrx_word' id='word_1_199' title='bbox 1082 1515 1253 1548; x_wconf 87' lang='lat' dir='ltr'>nostrum</span> <span class='ocrx_word' id='word_1_200' title='bbox 1279 1522 1298 1548; x_wconf 89' lang='lat' dir='ltr'>a</span> <span class='ocrx_word' id='word_1_201' title='bbox 1324 1508 1395 1548; x_wconf 88' lang='lat' dir='ltr'>deo</span> <span class='ocrx_word' id='word_1_202' title='bbox 1420 1507 1533 1548; x_wconf 86' lang='lat' dir='ltr'>Patre</span> <span class='ocrx_word' id='word_1_203' title='bbox 1559 1508 1649 1548; x_wconf 91' lang='lat' dir='ltr'>mis-</span> 
     </span>
     <span class='ocr_line' id='line_1_23' title="bbox 120 1576 1645 1631; baseline 0.001 -16"><span class='ocrx_word' id='word_1_204' title='bbox 120 1589 226 1627; x_wconf 90' lang='lat' dir='ltr'>sum,</span> <span class='ocrx_word' id='word_1_205' title='bbox 269 1583 308 1615; x_wconf 89' lang='lat' dir='ltr'>et</span> <span class='ocrx_word' id='word_1_206' title='bbox 330 1576 479 1630; x_wconf 88' lang='lat' dir='ltr'>quidem</span> <span class='ocrx_word' id='word_1_207' title='bbox 508 1576 634 1630; x_wconf 90' lang='lat' dir='ltr'>quiete</span> <span class='ocrx_word' id='word_1_208' title='bbox 650 1607 660 1626; x_wconf 92' lang='lat'>,</span> <span class='ocrx_word' id='word_1_209' title='bbox 703 1576 801 1630; x_wconf 90' lang='lat' dir='ltr'>quod</span> <span class='ocrx_word' id='word_1_210' title='bbox 828 1576 920 1616; x_wconf 91' lang='lat' dir='ltr'>nihil</span> <span class='ocrx_word' id='word_1_211' title='bbox 942 1576 1113 1616; x_wconf 90' lang='lat' dir='ltr'>insolens</span> <span class='ocrx_word' id='word_1_212' title='bbox 1139 1583 1204 1616; x_wconf 87' lang='lat' dir='ltr'>aut</span> <span class='ocrx_word' id='word_1_213' title='bbox 1226 1577 1390 1617; x_wconf 87' lang='lat' dir='ltr'>fucatum</span> <span class='ocrx_word' id='word_1_214' title='bbox 1414 1583 1645 1631; x_wconf 87' lang='lat' dir='ltr'>perstrepat,</span> 
     </span>
     <span class='ocr_line' id='line_1_24' title="bbox 121 1642 1649 1699; baseline 0 -15"><span class='ocrx_word' id='word_1_215' title='bbox 121 1645 186 1684; x_wconf 90' lang='lat' dir='ltr'>sed</span> <span class='ocrx_word' id='word_1_216' title='bbox 213 1657 306 1684; x_wconf 87' lang='lat' dir='ltr'>vere</span> <span class='ocrx_word' id='word_1_217' title='bbox 338 1658 381 1684; x_wconf 88' lang='lat' dir='ltr'>ac</span> <span class='ocrx_word' id='word_1_218' title='bbox 409 1644 560 1684; x_wconf 88' lang='lat' dir='ltr'>sincere</span> <span class='ocrx_word' id='word_1_219' title='bbox 587 1643 868 1684; x_wconf 84' lang='lat' dir='ltr'>sanctissimam</span> <span class='ocrx_word' id='word_1_220' title='bbox 895 1658 1073 1699; x_wconf 88' lang='lat' dir='ltr'>sponsam</span> <span class='ocrx_word' id='word_1_221' title='bbox 1101 1645 1283 1694; x_wconf 88' lang='lat' dir='ltr'>edoceat,</span> <span class='ocrx_word' id='word_1_222' title='bbox 1328 1658 1439 1698; x_wconf 89' lang='lat' dir='ltr'>quam</span> <span class='ocrx_word' id='word_1_223' title='bbox 1469 1644 1508 1684; x_wconf 92' lang='lat' dir='ltr'>in</span> <span class='ocrx_word' id='word_1_224' title='bbox 1537 1642 1649 1686; x_wconf 87' lang='lat' dir='ltr'>Salo-</span> 
     </span>
    </p>
   </div>
   <div class='ocr_carea' id='block_1_6' title="bbox 121 1709 1849 1768">
    <p class='ocr_par' dir='ltr' id='par_1_7' title="bbox 121 1709 1849 1768">
     <span class='ocr_line' id='line_1_25' title="bbox 121 1709 1849 1768; baseline 0.001 -16"><span class='ocrx_word' id='word_1_225' title='bbox 121 1712 245 1752; x_wconf 89' lang='lat' dir='ltr'>monis</span> <span class='ocrx_word' id='word_1_226' title='bbox 265 1709 439 1753; x_wconf 88' lang='lat' dir='ltr'>Canticis</span> <span class='ocrx_word' id='word_1_227' title='bbox 461 1711 671 1752; x_wconf 87' lang='lat' dir='ltr'>columbam</span> <span class='ocrx_word' id='word_1_228' title='bbox 696 1712 743 1752; x_wconf 89' lang='lat' dir='ltr'>ob</span> <span class='ocrx_word' id='word_1_229' title='bbox 763 1712 937 1752; x_wconf 88' lang='lat' dir='ltr'>animalis</span> <span class='ocrx_word' id='word_1_230' title='bbox 958 1712 1238 1768; x_wconf 86' lang='lat' dir='ltr'>simplicitatem</span> <span class='ocrx_word' id='word_1_231' title='bbox 1259 1719 1297 1752; x_wconf 87' lang='lat' dir='ltr'>ct</span> <span class='ocrx_word' id='word_1_232' title='bbox 1315 1712 1646 1753; x_wconf 89' lang='lat' dir='ltr'>mansuetudinem</span> <span class='ocrx_word' id='word_1_233' title='bbox 1667 1731 1791 1766; x_wconf 79' lang='lat' dir='ltr'>Cant-2,</span> <span class='ocrx_word' id='word_1_234' title='bbox 1809 1733 1849 1760; x_wconf 72' lang='grc' dir='ltr'>ιο,</span> 
     </span>
    </p>
   </div>
   <div class='ocr_carea' id='block_1_7' title="bbox 118 1778 1648 2924">
    <p class='ocr_par' dir='ltr' id='par_1_8' title="bbox 118 1778 1648 2924">
     <span class='ocr_line' id='line_1_26' title="bbox 121 1778 1645 1835; baseline 0 -15"><span class='ocrx_word' id='word_1_235' title='bbox 121 1780 403 1835; x_wconf 87' lang='lat' dir='ltr'>puritatemque</span> <span class='ocrx_word' id='word_1_236' title='bbox 426 1780 697 1834; x_wconf 87' lang='lat' dir='ltr'>cognominat?</span> <span class='ocrx_word' id='word_1_237' title='bbox 755 1778 826 1830; x_wconf 90' lang='lat' dir='ltr'>Et,</span> <span class='ocrx_word' id='word_1_238' title='bbox 861 1781 958 1834; x_wconf 90' lang='lat' dir='ltr'>quod</span> <span class='ocrx_word' id='word_1_239' title='bbox 984 1787 1043 1820; x_wconf 90' lang='lat' dir='ltr'>est</span> <span class='ocrx_word' id='word_1_240' title='bbox 1064 1780 1316 1820; x_wconf 88' lang='lat' dir='ltr'>admiratione</span> <span class='ocrx_word' id='word_1_241' title='bbox 1340 1781 1513 1834; x_wconf 87' lang='lat' dir='ltr'>dignius,</span> <span class='ocrx_word' id='word_1_242' title='bbox 1556 1780 1645 1820; x_wconf 90' lang='lat' dir='ltr'>reli-</span> 
     </span>
     <span class='ocr_line' id='line_1_27' title="bbox 121 1847 1647 1903; baseline 0 -15"><span class='ocrx_word' id='word_1_243' title='bbox 121 1862 216 1903; x_wconf 88' lang='lat' dir='ltr'>quas</span> <span class='ocrx_word' id='word_1_244' title='bbox 240 1862 398 1897; x_wconf 87' lang='lat' dir='ltr'>omnes,</span> <span class='ocrx_word' id='word_1_245' title='bbox 433 1862 529 1902; x_wconf 90' lang='lat' dir='ltr'>quae</span> <span class='ocrx_word' id='word_1_246' title='bbox 552 1862 637 1887; x_wconf 91' lang='lat' dir='ltr'>cum</span> <span class='ocrx_word' id='word_1_247' title='bbox 659 1847 808 1888; x_wconf 87' lang='lat' dir='ltr'>alienae</span> <span class='ocrx_word' id='word_1_248' title='bbox 831 1848 929 1899; x_wconf 85' lang='lat' dir='ltr'>sint,</span> <span class='ocrx_word' id='word_1_249' title='bbox 964 1862 1102 1888; x_wconf 90' lang='lat' dir='ltr'>nomen</span> <span class='ocrx_word' id='word_1_250' title='bbox 1126 1848 1246 1903; x_wconf 89' lang='lat' dir='ltr'>ipsius</span> <span class='ocrx_word' id='word_1_251' title='bbox 1267 1855 1474 1903; x_wconf 90' lang='lat' dir='ltr'>usurpant,</span> <span class='ocrx_word' id='word_1_252' title='bbox 1508 1862 1647 1889; x_wconf 90' lang='lat' dir='ltr'>concu-</span> 
     </span>
     <span class='ocr_line' id='line_1_28' title="bbox 120 1914 1647 1971; baseline 0.001 -15"><span class='ocrx_word' id='word_1_253' title='bbox 120 1916 229 1957; x_wconf 88' lang='lat' dir='ltr'>binas</span> <span class='ocrx_word' id='word_1_254' title='bbox 253 1931 297 1956; x_wconf 90' lang='lat' dir='ltr'>ac</span> <span class='ocrx_word' id='word_1_255' title='bbox 321 1915 475 1970; x_wconf 88' lang='lat' dir='ltr'>reginas</span> <span class='ocrx_word' id='word_1_256' title='bbox 499 1916 686 1971; x_wconf 87' lang='lat' dir='ltr'>appellat,</span> <span class='ocrx_word' id='word_1_257' title='bbox 721 1916 768 1955; x_wconf 93' lang='lat' dir='ltr'>ob</span> <span class='ocrx_word' id='word_1_258' title='bbox 790 1916 945 1970; x_wconf 81' lang='lat' dir='ltr'>regium</span> <span class='ocrx_word' id='word_1_259' title='bbox 962 1914 1107 1957; x_wconf 88' lang='lat' dir='ltr'>Christi</span> <span class='ocrx_word' id='word_1_260' title='bbox 1132 1930 1294 1966; x_wconf 89' lang='lat' dir='ltr'>nomen,</span> <span class='ocrx_word' id='word_1_261' title='bbox 1329 1917 1427 1970; x_wconf 88' lang='lat' dir='ltr'>quod</span> <span class='ocrx_word' id='word_1_262' title='bbox 1452 1921 1647 1971; x_wconf 80' lang='lat' dir='ltr'>unaquae-</span> 
     </span>
     <span class='ocr_line' id='line_1_29' title="bbox 121 1983 1648 2039; baseline -0.001 -14"><span class='ocrx_word' id='word_1_263' title='bbox 121 1998 193 2039; x_wconf 85' lang='lat' dir='ltr'>que</span> <span class='ocrx_word' id='word_1_264' title='bbox 214 1984 286 2025; x_wconf 88' lang='lat' dir='ltr'>sibi</span> <span class='ocrx_word' id='word_1_265' title='bbox 310 1983 523 2024; x_wconf 87' lang='lat' dir='ltr'>insolenter</span> <span class='ocrx_word' id='word_1_266' title='bbox 544 1997 727 2037; x_wconf 85' lang='lat' dir='ltr'>arrogare</span> <span class='ocrx_word' id='word_1_267' title='bbox 752 1984 961 2024; x_wconf 90' lang='lat' dir='ltr'>contendit.</span> <span class='ocrx_word' id='word_1_268' title='bbox 1012 1983 1090 2025; x_wconf 89' lang='lat' dir='ltr'>Sed</span> <span class='ocrx_word' id='word_1_269' title='bbox 1114 1985 1184 2025; x_wconf 88' lang='lat' dir='ltr'>etsi</span> <span class='ocrx_word' id='word_1_270' title='bbox 1208 1987 1433 2025; x_wconf 76' lang='lat' dir='ltr'>concubinae</span> <span class='ocrx_word' id='word_1_271' title='bbox 1454 1988 1531 2024; x_wconf 79' lang='lat' dir='ltr'>sint</span> <span class='ocrx_word' id='word_1_272' title='bbox 1549 1993 1648 2024; x_wconf 83' lang='lat' dir='ltr'>octo-</span> 
     </span>
     <span class='ocr_line' id='line_1_30' title="bbox 118 2052 1647 2107; baseline 0 -15"><span class='ocrx_word' id='word_1_273' title='bbox 118 2056 248 2105; x_wconf 81' lang='lat' dir='ltr'>ginta,</span> <span class='ocrx_word' id='word_1_274' title='bbox 286 2052 356 2092; x_wconf 92' lang='lat' dir='ltr'>hoc</span> <span class='ocrx_word' id='word_1_275' title='bbox 380 2058 439 2092; x_wconf 91' lang='lat' dir='ltr'>est</span> <span class='ocrx_word' id='word_1_276' title='bbox 462 2052 662 2102; x_wconf 87' lang='lat' dir='ltr'>haereses,</span> <span class='ocrx_word' id='word_1_277' title='bbox 695 2059 773 2092; x_wconf 91' lang='lat' dir='ltr'>tum</span> <span class='ocrx_word' id='word_1_278' title='bbox 792 2055 941 2104; x_wconf 81' lang='lat' dir='ltr'>puellae</span> <span class='ocrx_word' id='word_1_279' title='bbox 960 2067 1137 2105; x_wconf 80' lang='lat' dir='ltr'>quarum,</span> <span class='ocrx_word' id='word_1_280' title='bbox 1173 2053 1316 2107; x_wconf 92' lang='lat' dir='ltr'>inquit,</span> <span class='ocrx_word' id='word_1_281' title='bbox 1349 2068 1421 2092; x_wconf 75' lang='lat' dir='ltr'>non</span> <span class='ocrx_word' id='word_1_282' title='bbox 1445 2061 1503 2092; x_wconf 83' lang='lat' dir='ltr'>est</span> <span class='ocrx_word' id='word_1_283' title='bbox 1522 2068 1647 2092; x_wconf 85' lang='lat' dir='ltr'>nume-</span> 
     </span>
     <span class='ocr_line' id='line_1_31' title="bbox 119 2121 1648 2175; baseline 0.001 -15"><span class='ocrx_word' id='word_1_284' title='bbox 119 2136 208 2168; x_wconf 81' lang='lat' dir='ltr'>rus,</span> <span class='ocrx_word' id='word_1_285' title='bbox 252 2134 326 2160; x_wconf 74' lang='lat' dir='ltr'>una</span> <span class='ocrx_word' id='word_1_286' title='bbox 354 2128 471 2159; x_wconf 82' lang='lat' dir='ltr'>tamen</span> <span class='ocrx_word' id='word_1_287' title='bbox 498 2128 553 2159; x_wconf 81' lang='lat' dir='ltr'>est</span> <span class='ocrx_word' id='word_1_288' title='bbox 577 2121 743 2159; x_wconf 74' lang='lat' dir='ltr'>columba</span> <span class='ocrx_word' id='word_1_289' title='bbox 769 2135 867 2168; x_wconf 80' lang='lat' dir='ltr'>mea,</span> <span class='ocrx_word' id='word_1_290' title='bbox 907 2123 1076 2175; x_wconf 69' lang='lat' dir='ltr'>petsecta</span> <span class='ocrx_word' id='word_1_291' title='bbox 1101 2135 1200 2169; x_wconf 79' lang='lat' dir='ltr'>mea,</span> <span class='ocrx_word' id='word_1_292' title='bbox 1245 2121 1422 2162; x_wconf 91' lang='lat' dir='ltr'>nimirum</span> <span class='ocrx_word' id='word_1_293' title='bbox 1449 2128 1583 2161; x_wconf 88' lang='lat' dir='ltr'>sancta</span> <span class='ocrx_word' id='word_1_294' title='bbox 1609 2128 1648 2161; x_wconf 90' lang='lat' dir='ltr'>et</span> 
     </span>
     <span class='ocr_line' id='line_1_32' title="bbox 121 2187 1645 2243; baseline -0.001 -14"><span class='ocrx_word' id='word_1_295' title='bbox 121 2189 308 2230; x_wconf 87' lang='lat' dir='ltr'>catholica</span> <span class='ocrx_word' id='word_1_296' title='bbox 333 2188 511 2228; x_wconf 89' lang='lat' dir='ltr'>ecclesia.</span> <span class='ocrx_word' id='word_1_297' title='bbox 574 2187 687 2242; x_wconf 83' lang='lat' dir='ltr'>Quae</span> <span class='ocrx_word' id='word_1_298' title='bbox 709 2188 882 2229; x_wconf 88' lang='lat' dir='ltr'>columba</span> <span class='ocrx_word' id='word_1_299' title='bbox 903 2190 1052 2243; x_wconf 89' lang='lat' dir='ltr'>quidem</span> <span class='ocrx_word' id='word_1_300' title='bbox 1078 2197 1151 2240; x_wconf 87' lang='lat' dir='ltr'>est,</span> <span class='ocrx_word' id='word_1_301' title='bbox 1185 2196 1227 2229; x_wconf 90' lang='lat' dir='ltr'>ut</span> <span class='ocrx_word' id='word_1_302' title='bbox 1247 2189 1430 2239; x_wconf 86' lang='lat' dir='ltr'>diximus,</span> <span class='ocrx_word' id='word_1_303' title='bbox 1465 2189 1511 2228; x_wconf 94' lang='lat' dir='ltr'>ob</span> <span class='ocrx_word' id='word_1_304' title='bbox 1535 2189 1645 2228; x_wconf 90' lang='lat' dir='ltr'>huius</span> 
     </span>
     <span class='ocr_line' id='line_1_33' title="bbox 120 2256 1644 2312; baseline -0.001 -15"><span class='ocrx_word' id='word_1_305' title='bbox 120 2257 203 2297; x_wconf 88' lang='lat' dir='ltr'>avis</span> <span class='ocrx_word' id='word_1_306' title='bbox 234 2256 564 2296; x_wconf 88' lang='lat' dir='ltr'>mansuetudinem</span> <span class='ocrx_word' id='word_1_307' title='bbox 596 2263 634 2296; x_wconf 85' lang='lat' dir='ltr'>et</span> <span class='ocrx_word' id='word_1_308' title='bbox 664 2256 922 2297; x_wconf 81' lang='lat' dir='ltr'>innocentiam</span> <span class='ocrx_word' id='word_1_309' title='bbox 950 2272 993 2297; x_wconf 87' lang='lat' dir='ltr'>ac</span> <span class='ocrx_word' id='word_1_310' title='bbox 1022 2257 1308 2308; x_wconf 81' lang='lat' dir='ltr'>sinceritatem,</span> <span class='ocrx_word' id='word_1_311' title='bbox 1352 2258 1523 2312; x_wconf 82' lang='lat' dir='ltr'>perfecta</span> <span class='ocrx_word' id='word_1_312' title='bbox 1548 2271 1644 2297; x_wconf 88' lang='lat' dir='ltr'>vero</span> 
     </span>
     <span class='ocr_line' id='line_1_34' title="bbox 120 2323 1646 2381; baseline 0.001 -17"><span class='ocrx_word' id='word_1_313' title='bbox 120 2324 220 2379; x_wconf 89' lang='lat' dir='ltr'>quod</span> <span class='ocrx_word' id='word_1_314' title='bbox 245 2325 456 2379; x_wconf 82' lang='lat' dir='ltr'>perfectam</span> <span class='ocrx_word' id='word_1_315' title='bbox 487 2339 507 2364; x_wconf 93' lang='lat' dir='ltr'>a</span> <span class='ocrx_word' id='word_1_316' title='bbox 534 2325 604 2364; x_wconf 92' lang='lat' dir='ltr'>deo</span> <span class='ocrx_word' id='word_1_317' title='bbox 630 2324 828 2364; x_wconf 89' lang='lat' dir='ltr'>scientiam</span> <span class='ocrx_word' id='word_1_318' title='bbox 856 2325 1146 2380; x_wconf 87' lang='lat' dir='ltr'>absolutamque</span> <span class='ocrx_word' id='word_1_319' title='bbox 1172 2325 1218 2365; x_wconf 90' lang='lat' dir='ltr'>ab</span> <span class='ocrx_word' id='word_1_320' title='bbox 1243 2326 1325 2380; x_wconf 85' lang='lat' dir='ltr'>ipso</span> <span class='ocrx_word' id='word_1_321' title='bbox 1350 2323 1554 2366; x_wconf 89' lang='lat' dir='ltr'>Salvatore</span> <span class='ocrx_word' id='word_1_322' title='bbox 1578 2339 1646 2381; x_wconf 92' lang='lat' dir='ltr'>per</span> 
     </span>
     <span class='ocr_line' id='line_1_35' title="bbox 123 2391 1643 2448; baseline 0.001 -15"><span class='ocrx_word' id='word_1_323' title='bbox 123 2391 306 2448; x_wconf 89' lang='lat' dir='ltr'>Spiritum</span> <span class='ocrx_word' id='word_1_324' title='bbox 332 2399 505 2432; x_wconf 88' lang='lat' dir='ltr'>sanctum</span> <span class='ocrx_word' id='word_1_325' title='bbox 529 2392 784 2446; x_wconf 86' lang='lat' dir='ltr'>cognitionem</span> <span class='ocrx_word' id='word_1_326' title='bbox 809 2394 944 2448; x_wconf 88' lang='lat' dir='ltr'>adepta</span> <span class='ocrx_word' id='word_1_327' title='bbox 967 2393 1030 2434; x_wconf 87' lang='lat' dir='ltr'>sit.</span> <span class='ocrx_word' id='word_1_328' title='bbox 1079 2392 1201 2448; x_wconf 84' lang='lat' dir='ltr'>Igitur</span> <span class='ocrx_word' id='word_1_329' title='bbox 1223 2407 1387 2448; x_wconf 88' lang='lat' dir='ltr'>sponsus</span> <span class='ocrx_word' id='word_1_330' title='bbox 1408 2393 1505 2448; x_wconf 87' lang='lat' dir='ltr'>ipse,</span> <span class='ocrx_word' id='word_1_331' title='bbox 1533 2408 1643 2448; x_wconf 85' lang='lat' dir='ltr'>quem</span> 
     </span>
     <span class='ocr_line' id='line_1_36' title="bbox 120 2460 1644 2516; baseline 0.002 -15"><span class='ocrx_word' id='word_1_332' title='bbox 120 2464 268 2501; x_wconf 79' lang='lat' dir='ltr'>missum</span> <span class='ocrx_word' id='word_1_333' title='bbox 294 2461 538 2516; x_wconf 89' lang='lat' dir='ltr'>interpretari</span> <span class='ocrx_word' id='word_1_334' title='bbox 565 2460 676 2510; x_wconf 90' lang='lat' dir='ltr'>licet,</span> <span class='ocrx_word' id='word_1_335' title='bbox 719 2461 790 2501; x_wconf 90' lang='lat' dir='ltr'>hoc</span> <span class='ocrx_word' id='word_1_336' title='bbox 814 2469 873 2502; x_wconf 87' lang='lat' dir='ltr'>est</span> <span class='ocrx_word' id='word_1_337' title='bbox 898 2465 1059 2510; x_wconf 80' lang='lat' dir='ltr'>Siloam,</span> <span class='ocrx_word' id='word_1_338' title='bbox 1095 2475 1230 2515; x_wconf 89' lang='lat' dir='ltr'>aquam</span> <span class='ocrx_word' id='word_1_339' title='bbox 1258 2461 1371 2501; x_wconf 82' lang='lat' dir='ltr'>habet</span> <span class='ocrx_word' id='word_1_340' title='bbox 1396 2461 1535 2502; x_wconf 90' lang='lat' dir='ltr'>leniter</span> <span class='ocrx_word' id='word_1_341' title='bbox 1560 2476 1644 2504; x_wconf 89' lang='lat' dir='ltr'>sca-</span> 
     </span>
     <span class='ocr_line' id='line_1_37' title="bbox 121 2529 1644 2585; baseline 0.002 -17"><span class='ocrx_word' id='word_1_342' title='bbox 121 2529 349 2579; x_wconf 86' lang='lat' dir='ltr'>turientem,</span> <span class='ocrx_word' id='word_1_343' title='bbox 395 2529 607 2569; x_wconf 87' lang='lat' dir='ltr'>doctrinam</span> <span class='ocrx_word' id='word_1_344' title='bbox 639 2529 786 2569; x_wconf 85' lang='lat' dir='ltr'>scilicet</span> <span class='ocrx_word' id='word_1_345' title='bbox 816 2544 890 2570; x_wconf 89' lang='lat' dir='ltr'>non</span> <span class='ocrx_word' id='word_1_346' title='bbox 923 2530 1071 2585; x_wconf 86' lang='lat' dir='ltr'>ingenti</span> <span class='ocrx_word' id='word_1_347' title='bbox 1103 2544 1186 2570; x_wconf 88' lang='lat' dir='ltr'>cum</span> <span class='ocrx_word' id='word_1_348' title='bbox 1221 2529 1382 2583; x_wconf 86' lang='lat' dir='ltr'>strepitu</span> <span class='ocrx_word' id='word_1_349' title='bbox 1414 2544 1458 2570; x_wconf 87' lang='lat' dir='ltr'>ac</span> <span class='ocrx_word' id='word_1_350' title='bbox 1490 2531 1644 2584; x_wconf 80' lang='lat' dir='ltr'>fragore</span> 
     </span>
     <span class='ocr_line' id='line_1_38' title="bbox 120 2595 1643 2653; baseline 0.001 -15"><span class='ocrx_word' id='word_1_351' title='bbox 120 2597 393 2652; x_wconf 87' lang='lat' dir='ltr'>praecipitem,</span> <span class='ocrx_word' id='word_1_352' title='bbox 438 2610 509 2636; x_wconf 88' lang='lat' dir='ltr'>nec</span> <span class='ocrx_word' id='word_1_353' title='bbox 545 2596 648 2636; x_wconf 90' lang='lat' dir='ltr'>inani</span> <span class='ocrx_word' id='word_1_354' title='bbox 682 2610 724 2637; x_wconf 91' lang='lat' dir='ltr'>se</span> <span class='ocrx_word' id='word_1_355' title='bbox 758 2612 891 2653; x_wconf 88' lang='lat' dir='ltr'>pompa</span> <span class='ocrx_word' id='word_1_356' title='bbox 925 2606 962 2638; x_wconf 88' lang='lat' dir='ltr'>et</span> <span class='ocrx_word' id='word_1_357' title='bbox 992 2598 1200 2639; x_wconf 88' lang='lat' dir='ltr'>ambitione</span> <span class='ocrx_word' id='word_1_358' title='bbox 1233 2598 1457 2638; x_wconf 89' lang='lat' dir='ltr'>iactantem.</span> <span class='ocrx_word' id='word_1_359' title='bbox 1521 2595 1643 2640; x_wconf 87' lang='lat' dir='ltr'>Cuius</span> 
     </span>
     <span class='ocr_line' id='line_1_39' title="bbox 120 2664 1643 2719; baseline 0.002 -15"><span class='ocrx_word' id='word_1_360' title='bbox 120 2678 260 2719; x_wconf 90' lang='lat' dir='ltr'>sponsa</span> <span class='ocrx_word' id='word_1_361' title='bbox 299 2665 400 2705; x_wconf 87' lang='lat' dir='ltr'>mitis</span> <span class='ocrx_word' id='word_1_362' title='bbox 429 2664 552 2705; x_wconf 89' lang='lat' dir='ltr'>instar</span> <span class='ocrx_word' id='word_1_363' title='bbox 581 2665 779 2705; x_wconf 90' lang='lat' dir='ltr'>columbae</span> <span class='ocrx_word' id='word_1_364' title='bbox 808 2680 960 2707; x_wconf 90' lang='lat' dir='ltr'>veneno</span> <span class='ocrx_word' id='word_1_365' title='bbox 988 2674 1116 2717; x_wconf 85' lang='lat' dir='ltr'>caret,</span> <span class='ocrx_word' id='word_1_366' title='bbox 1164 2679 1287 2719; x_wconf 91' lang='lat' dir='ltr'>neque</span> <span class='ocrx_word' id='word_1_367' title='bbox 1316 2666 1480 2706; x_wconf 87' lang='lat' dir='ltr'>molares</span> <span class='ocrx_word' id='word_1_368' title='bbox 1508 2667 1643 2708; x_wconf 90' lang='lat' dir='ltr'>dentes</span> 
     </span>
     <span class='ocr_line' id='line_1_40' title="bbox 122 2733 1642 2789; baseline 0.003 -18"><span class='ocrx_word' id='word_1_369' title='bbox 122 2740 185 2772; x_wconf 86' lang='lat' dir='ltr'>aut</span> <span class='ocrx_word' id='word_1_370' title='bbox 210 2733 365 2774; x_wconf 87' lang='lat' dir='ltr'>aculeos</span> <span class='ocrx_word' id='word_1_371' title='bbox 392 2733 512 2788; x_wconf 89' lang='lat' dir='ltr'>gerit,</span> <span class='ocrx_word' id='word_1_372' title='bbox 557 2733 768 2774; x_wconf 90' lang='lat' dir='ltr'>cuiusmodi</span> <span class='ocrx_word' id='word_1_373' title='bbox 796 2742 996 2789; x_wconf 91' lang='lat' dir='ltr'>serpentes</span> <span class='ocrx_word' id='word_1_374' title='bbox 1022 2735 1162 2775; x_wconf 89' lang='lat' dir='ltr'>habent</span> <span class='ocrx_word' id='word_1_375' title='bbox 1194 2734 1256 2773; x_wconf 86' lang='lat' dir='ltr'>isti</span> <span class='ocrx_word' id='word_1_376' title='bbox 1289 2733 1351 2787; x_wconf 89' lang='lat' dir='ltr'>qui</span> <span class='ocrx_word' id='word_1_377' title='bbox 1379 2747 1532 2774; x_wconf 90' lang='lat' dir='ltr'>veneno</span> <span class='ocrx_word' id='word_1_378' title='bbox 1558 2749 1642 2775; x_wconf 87' lang='lat' dir='ltr'>sca-</span> 
     </span>
     <span class='ocr_line' id='line_1_41' title="bbox 122 2801 1643 2858; baseline 0.003 -19"><span class='ocrx_word' id='word_1_379' title='bbox 122 2806 226 2850; x_wconf 87' lang='lat' dir='ltr'>tent,</span> <span class='ocrx_word' id='word_1_380' title='bbox 259 2815 418 2855; x_wconf 90' lang='lat' dir='ltr'>quorum</span> <span class='ocrx_word' id='word_1_381' title='bbox 445 2801 583 2855; x_wconf 89' lang='lat' dir='ltr'>singuli</span> <span class='ocrx_word' id='word_1_382' title='bbox 609 2801 851 2856; x_wconf 88' lang='lat' dir='ltr'>praecipuum</span> <span class='ocrx_word' id='word_1_383' title='bbox 874 2803 1024 2858; x_wconf 90' lang='lat' dir='ltr'>aliquod</span> <span class='ocrx_word' id='word_1_384' title='bbox 1052 2803 1266 2843; x_wconf 87' lang='lat' dir='ltr'>mortalium</span> <span class='ocrx_word' id='word_1_385' title='bbox 1291 2801 1426 2856; x_wconf 89' lang='lat' dir='ltr'>generi</span> <span class='ocrx_word' id='word_1_386' title='bbox 1450 2801 1556 2843; x_wconf 87' lang='lat' dir='ltr'>virus</span> <span class='ocrx_word' id='word_1_387' title='bbox 1578 2817 1643 2843; x_wconf 93' lang='lat' dir='ltr'>co-</span> 
     </span>
     <span class='ocr_line' id='line_1_42' title="bbox 123 2868 1642 2924; baseline 0.002 -16"><span class='ocrx_word' id='word_1_388' title='bbox 123 2874 262 2908; x_wconf 88' lang='lat' dir='ltr'>nantur</span> <span class='ocrx_word' id='word_1_389' title='bbox 282 2869 486 2909; x_wconf 90' lang='lat' dir='ltr'>immittere</span> <span class='ocrx_word' id='word_1_390' title='bbox 509 2883 552 2909; x_wconf 88' lang='lat' dir='ltr'>ac</span> <span class='ocrx_word' id='word_1_391' title='bbox 574 2876 787 2910; x_wconf 86' lang='lat' dir='ltr'>sectatores</span> <span class='ocrx_word' id='word_1_392' title='bbox 808 2884 898 2912; x_wconf 90' lang='lat' dir='ltr'>suos</span> <span class='ocrx_word' id='word_1_393' title='bbox 918 2884 1180 2924; x_wconf 83' lang='lat' dir='ltr'>corrumpere.</span> <span class='ocrx_word' id='word_1_394' title='bbox 1243 2868 1416 2923; x_wconf 82' lang='lat' dir='ltr'>Quorum</span> <span class='ocrx_word' id='word_1_395' title='bbox 1440 2883 1460 2910; x_wconf 94' lang='lat' dir='ltr'>e</span> <span class='ocrx_word' id='word_1_396' title='bbox 1483 2884 1642 2911; x_wconf 90' lang='lat' dir='ltr'>numero</span> 
     </span>
    </p>
   </div>
   <div class='ocr_carea' id='block_1_8' title="bbox 1685 1767 1848 1836">
    <p class='ocr_par' dir='ltr' id='par_1_9' title="bbox 1685 1767 1848 1836">
     <span class='ocr_line' id='line_1_43' title="bbox 1701 1767 1831 1802; baseline 0 -8"><span class='ocrx_word' id='word_1_397' title='bbox 1701 1767 1731 1794; x_wconf 68' lang='lat'>14</span> <span class='ocrx_word' id='word_1_398' title='bbox 1765 1768 1792 1802; x_wconf 86' lang='lat'>5,</span> <span class='ocrx_word' id='word_1_399' title='bbox 1806 1768 1831 1794; x_wconf 83' lang='lat'>2.</span> 
     </span>
     <span class='ocr_line' id='line_1_44' title="bbox 1685 1800 1848 1836; baseline 0.006 -8"><span class='ocrx_word' id='word_1_400' title='bbox 1685 1800 1759 1828; x_wconf 90' lang='lat' dir='ltr'>Item</span> <span class='ocrx_word' id='word_1_401' title='bbox 1777 1804 1803 1836; x_wconf 82' lang='lat' dir='ltr'>ti,</span> <span class='ocrx_word' id='word_1_402' title='bbox 1822 1802 1848 1829; x_wconf 76' lang='lat'>8.</span> 
     </span>
    </p>
   </div>
  </div>
 </body>
</html>
