2034 3267
225 539 310 581 Κεφ.
334 536 374 571 α’.

249 1698 315 1727 pag.
336 1693 375 1720 33.

395 189 444 228 ,52
950 195 1108 227 SANc'm
1129 195 1349 229 EPIPHANH

741 298 945 341 ΚΑΤΑ
998 298 1550 348 ΓΡΑΜΜΑΤΕΩΝ

465 380 651 438 Agna-{pa
675 375 833 437 αἵρεσις
858 371 943 420 ἀπὸ
967 378 1042 421 τοῦ
1067 373 1338 436 Ἰουδαϊσμοῦ
1353 412 1365 435 ,
1402 378 1768 440 πεντεκαιδεκάτη
1795 381 1842 427 ’δὲ

993 458 1051 514 τῇ
1081 451 1322 518 ἀκολουθίᾳ.

508 538 623 580 Meto}
662 538 826 587 τούτους
864 537 956 587 τούς
987 541 1285 588 Σαδδουκαίους
1318 545 1356 580 Γ
1350 546 1559 595 ραμματεῖς
1595 542 1795 597 γεγόνασιν
1835 541 1908 584 ἀνά

397 610 512 660 με’σον
542 611 611 648 τοῦ
645 605 807 661 χρόνου,
844 607 911 648 καὶ
939 604 1011 647 σῦν
1043 604 1175 655 αὐτοῖς
1206 605 1276 659 τήν
1307 605 1457 660 ἡλικίαν
1489 608 1738 662 κατάγοντες,
1770 612 1909 658 οἵτινες

397 670 496 727 ἦσαν
518 676 747 727 δευτερωταὶ
768 678 838 715 τοῦ
860 672 998 726 νόμου,
1030 671 1082 722 ὥς
1105 674 1372 727 γραμματικήν
1396 692 1480 716 τινα
1501 674 1713 728 ἐπιστήμην
1734 675 1908 732 ὑφηγού-

397 759 519 793 μενοι,
548 740 595 782 τά
616 741 708 783 ἅλλα
731 740 960 797 πράττοντες
982 745 1060 782 τῶν
1078 739 1298 792 Ἰουδαίων,
1329 740 1508 796 περιττήν
1534 743 1576 783 δέ
1598 759 1680 783 τινα
1701 746 1824 796 δῆθεν
1845 759 1909 785 σο-

398 808 580 863 φιστικήν
599 807 797 864 ὑφήγησιν
817 807 1092 863 εἷςηγούμενοι,
1123 807 1170 850 οὗ
1193 809 1291 850 κατά
1315 807 1435 861 νόμον
1458 807 1579 861 μόνον
1600 812 1786 862 βιοῦντες,
1818 809 1909 852 ἀλλά

396 876 687 931 περισσότερον,
725 879 868 926 ξεστῶν
896 874 1139 929 βαπτισμούς
1162 875 1422 928 φυλάσσοντες
1444 877 1510 917 καὶ
1537 879 1733 930 ποτηρίων
1757 879 1823 918 καὶ
1850 895 1909 918 πι-

395 943 526 985 νάκων
544 945 610 985 καὶ
632 948 708 985 τῶν
727 942 848 985 ἄλλων
866 948 1014 985 σκευῶν
1033 948 1102 996 τῆς
1119 941 1343 998 ὖπηρεσίας,
1374 941 1427 992 ὥς
1447 946 1571 996 δῆθεν
1592 945 1656 985 ἐπὶ
1679 942 1721 986 τό
1745 942 1910 998 ἀκραιφ-

395 1012 457 1060 νὲς
486 1012 552 1052 καὶ
576 1010 686 1053 ὅσιον
709 1013 962 1064 διακείμενοι,
993 1016 1128 1068 πυγμῇ
1155 1012 1222 1064 μὲν
1251 1010 1319 1059 τάς
1344 1017 1471 1065 χεῖρας
1501 1010 1742 1063 νιπτόμενοι,
1773 1016 1908 1069 πυγμῇ

397 1079 437 1120 δὲ
454 1080 521 1120 καὶ
538 1077 811 1134 καθαρισμούς
829 1095 935 1127 τινας
951 1076 999 1119 δι’
1015 1077 1170 1120 ὑδάτων
1188 1079 1255 1120 καὶ
1272 1083 1445 1132 λουτρῶν
1463 1076 1785 1131 ἀποσμηχόμενοι,
1809 1080 1911 1132 ἕχον-

397 1162 457 1194 τες
481 1147 523 1187 δέ
550 1164 637 1188 τινα
663 1146 864 1200 κράσπεδα
894 1144 1107 1198 σημαντικά
1136 1150 1213 1187 τῶν
1243 1144 1372 1186 αὐτῶν
1405 1148 1618 1195 πολιτείας,
1650 1147 1703 1194 εἰς
1733 1148 1912 1195 ἐπίδειξιν

397 1212 555 1266 κόμπου
576 1215 641 1254 καὶ
663 1215 823 1254 ἔπαινον
845 1218 922 1254 τῶν
943 1214 1162 1265 θεωμένων.
1197 1214 1276 1253 Καὶ
1296 1211 1539 1266 φυλακτήρια
1563 1211 1652 1267 παρ’
1674 1214 1826 1261 ἑαυτοῖς
1847 1214 1913 1255 ε’πὶ

395 1280 442 1322 τά
465 1280 598 1333 ἱμάτια
620 1282 838 1330 ἐπετίθετο,
869 1281 1040 1321 τουτέστι
1061 1281 1203 1321 πλατέα
1225 1281 1378 1332 σήματα
1397 1279 1614 1333 πορφύρας.
1676 1283 1859 1333 Νομίσειε
1880 1279 1912 1320 δ’

398 1347 445 1389 ἅν
471 1365 548 1397 τις,
587 1346 792 1400 ἐπειδήπερ
820 1348 887 1387 καὶ
918 1348 960 1387 ἐν
990 1351 1041 1402 τῷ
1072 1346 1274 1403 εὐαγγελίῳ
1318 1350 1461 1387 1τοῦτο
1492 1348 1716 1402 ἐμφέρεται,
1755 1346 1807 1400 μῆ
1837 1346 1913 1402 ἄρα

400 1416 523 1469 2περὶ
551 1413 771 1468 περιάπτων
804 1415 919 1468 λέγει,
958 1413 1090 1466 ἐπειδὴ
1127 1412 1198 1468 γάρ
1233 1414 1298 1454 καὶ
1330 1415 1492 1454 εἰώθασί
1517 1431 1617 1463 τινες
1645 1413 1692 1455 τοὶ
1720 1418 1914 1469 περίαπτα

400 1481 644 1535 φυλακτήρια
668 1480 877 1534 ὀνομάζειν.
933 1480 1014 1522 Οὐκ
1034 1483 1107 1534 ἔχει
1128 1481 1168 1522 δὲ
1193 1479 1216 1522 ὅ
1238 1480 1351 1535 λόγος
1372 1479 1416 1522 τὸ
1438 1481 1621 1535 παράπαν
1647 1483 1734 1535 περὶ
1760 1480 1912 1523 τούτου.

399 1547 501 1590 Ἀλλ’
526 1548 659 1602 ἐπειδὴ
686 1547 840 1598 στολάς,
873 1546 936 1589 εἴτ’
963 1543 1034 1589 οὗν
1064 1547 1283 1602 ἀμπεχόνας
1308 1550 1347 1589 οἱ
1371 1554 1540 1590 τοιοῦτοι
1567 1547 1818 1602 ἀνεβάλλοντο
1847 1551 1915 1590 καὶ

400 1616 649 1670 δαλματικάς,
681 1614 745 1658 εἴτ’
770 1611 841 1658 οὖν
862 1619 1100 1671 κολοβίωνας
1123 1618 1165 1657 ἐκ
1186 1614 1442 1668 πλατυσήμων
1465 1615 1530 1657 διά
1549 1614 1760 1671 πορφύρας
1779 1615 1914 1671 ἀλουρ-

403 1690 564 1739 γοϋφεῐς
594 1684 966 1736 κατεσκευασμένας,
1003 1681 1050 1724 τά
1082 1683 1125 1724 δὲ
1158 1683 1311 1736 σήματα
1343 1687 1410 1736 τῆς
1436 1682 1644 1739 πορφύρας
1671 1683 1915 1737 φυλακτήρια

400 1751 589 1793 εἰώθασιν
609 1754 649 1793 οἱ
663 1750 926 1805 ήκριβωμένοι
946 1749 1226 1803 μετονομάζειν,
1250 1749 1388 1792 τούτου
1409 1752 1533 1792 ἕνεκεν
1551 1750 1796 1805 φυλακτήρια
1815 1749 1913 1792 αὐτοὶ

399 1820 466 1860 καὶ
492 1816 515 1860 ὁ
534 1817 672 1872 κύριος
694 1817 774 1859 κατ’
799 1819 971 1866 ε’κείνους
990 1820 1129 1872 εἴρηκε.
1189 1823 1315 1870 Δηλοῖ
1335 1817 1376 1859 δὲ
1395 1815 1421 1871 ή
1441 1816 1658 1859 ἀκολουθία
1677 1816 1747 1871 τήν
1768 1817 1914 1873 φράσιν

399 1891 469 1939 τῆς
487 1884 710 1939 ὀνομασίας,
738 1886 806 1926 καὶ
824 1884 870 1926 τά
895 1884 1094 1940 κράσπεδα
1113 1890 1191 1927 τῶν
1212 1888 1382 1939 ἱματίων.
1428 1884 1482 1926 Τά
1500 1885 1711 1939 κράσπεδα,
1737 1887 1803 1926 ἵνα
1820 1887 1911 1943 εἴπῃ

401 1955 611 2007 κροσσούς,
641 1954 706 1994 καὶ
737 1951 785 1994 τά
814 1951 1079 2007 φυλακτήρια,
1124 1955 1188 1994 ἵνα
1223 1956 1313 2010 εἴπῃ
1343 1957 1409 2006 τῆς
1437 1952 1646 2007 πορφύρας
1673 1951 1720 1994 τά
1750 1954 1911 2006 σήματα.

406 2022 510 2074 Φησὶ
529 2020 601 2076 γάρ
614 2054 624 2071 ,
644 2020 733 2061 ’Ότι
758 2019 966 2061 πλατύνετε
992 2019 1038 2060 τά
1059 2019 1323 2075 φυλακτήρια,
1353 2021 1416 2062 καὶ
1437 2018 1484 2061 τά
1506 2019 1706 2075 κράσπεδα
1727 2025 1805 2062 τῶν
1828 2022 1912 2074 ἵμα-

401 2090 493 2130 τίων
511 2086 623 2141 ὑμῶν
644 2086 876 2142 μεγαλύνετε.
921 2085 1115 2136 Ῥοΐσκους
1135 2087 1207 2142 γάρ
1226 2105 1333 2136 τινας
1352 2089 1415 2130 ε’πὶ
1433 2086 1479 2128 w}
1501 2088 1665 2142 τέσσαρα
1698 2086 1912 2143 3πτερύγια

400 2161 471 2197 τοῦ
487 2158 676 2210 τρίβωνος
694 2157 855 2203 ἕκαστος
873 2152 968 2207 εἶχεν
988 2155 1026 2203 ἐξ
1043 2152 1163 2196 αὐτοῦ
1183 2160 1252 2196 τοῦ
1272 2155 1459 2209 στήμονος
1477 2155 1803 2207 καταδεδεμένους
1820 2156 1860 2196 ἐν
1880 2149 1911 2212 ᾧ

398 2221 524 2279 χρόνῳ
553 2221 814 2277 ἒνεκρατεύετο
839 2220 866 2274 ἢ
892 2224 1110 2276 παρθενίαν
1133 2221 1286 2274 ἤσκεεν,
1318 2221 1451 2275 ἐπειδὴ
1473 2220 1543 2276 γάρ
1568 2223 1727 2269 ἕκαστος
1752 2221 1911 2275 ταξάμε-

401 2307 468 2339 νος
487 2289 598 2344 ὥριζε
615 2288 753 2345 καιρόν
773 2287 924 2344 ἁγνείας
941 2288 967 2342 ἢ
988 2291 1218 2343 ἐγκρατείας,
1239 2292 1306 2332 καὶ
1322 2295 1441 2331 ταῦτα
1463 2288 1591 2330 αὐτῶν
1612 2287 1657 2329 τά
1677 2287 1911 2343 πρωτότυπα

401 2352 469 2409 ἦν,
501 2359 554 2406 εἰς
581 2356 624 2399 τὸ
651 2360 854 2411 ἐμφαίνειν
883 2362 964 2405 τοῖς
993 2355 1218 2411 ἀνθρώποις
1244 2357 1290 2399 τά
1317 2355 1405 2412 παρ’
1432 2355 1562 2405 αὐτοῖς
1593 2354 1910 2411 ἐπαγγελλόμενα,

401 2426 467 2465 ἵνα
497 2426 631 2477 μηδεὶς
660 2424 809 2477 ἅψηται
839 2427 962 2477 δῆθεν
991 2428 1067 2465 τῶν
1094 2422 1346 2478 ήγιασμένων.

515 2491 770 2547 Λευτερώσεις
795 2492 837 2533 δὲ
859 2490 948 2546 παρ’
972 2489 1104 2539 αὐτοῖς
1133 2493 1308 2547 τέσσαρες
1336 2487 1445 2545 ἦσαν.
1505 2493 1594 2532 Μία
1619 2490 1687 2543 μὲν
1709 2491 1763 2538 εἰς
1789 2488 1912 2543 ὄνομα

403 2561 608 2608 Μωϋσέως
635 2564 705 2600 τοῦ
734 2558 961 2614 προφήτου,
994 2560 1150 2612 δευτέρα
1175 2560 1216 2600 δὲ
1238 2562 1291 2608 εἰς
1317 2558 1384 2601 τὸν
1409 2557 1636 2600 διδάσκαλον
1662 2554 1790 2597 αὐτῶν
1812 2555 1913 2598 ’Am-

403 2629 476 2679 βᾶν
506 2627 607 2668 οὕτω
636 2626 896 2679 καλούμενον,
926 2625 953 2678 ἢ
975 2628 1221 2679 Βαρακιβᾶν,
1254 2625 1344 2679 άλλη
1368 2627 1409 2667 δὲ
1434 2628 1487 2674 εἰς
1510 2623 1576 2666 τόν
1596 2622 1756 2674 Ἀνδᾶν,
1785 2622 1811 2676 ἢ
1829 2622 1912 2664 Ἀν-

403 2698 494 2743 νᾶν,
525 2693 592 2735 τὸν
620 2696 685 2735 καὶ
706 2692 885 2743 Ἰούδαν,
915 2695 1022 2746 ἑτέρα
1046 2693 1087 2734 δὲ
1113 2695 1165 2740 εἰς
1194 2693 1283 2742 τούς
1311 2693 1423 2742 υἱούς
1448 2691 1778 2745 4Ἀσσαμωναίου.
1836 2689 1912 2731 Ἐκ

402 2760 549 2802 τούτων
568 2766 643 2802 τῶν
672 2760 864 2815 τεσσάρων
887 2759 1151 2815 δευτερώσεων
1175 2765 1191 2789 5
1206 2760 1278 2802 ὅσα
1305 2759 1394 2815 παρ’
1416 2759 1548 2807 αὐτοῖς
1569 2757 1798 2811 νενόμισται,
1830 2757 1911 2810 οἰή-

447 2851 523 2883 cap.
553 2853 575 2884 ¹.
609 2870 651 2875 -
711 2854 738 2884 1.
774 2852 869 2885 τοῦτο
905 2853 971 2884 cod.
1006 2853 1133 2891 Rhediy.
1223 2852 1255 2885 3.
1285 2855 1330 2892 Cf.
1364 2854 1474 2883 Franc.
1496 2852 1608 2882 Franci
1641 2849 1712 2891 (CI.
1738 2850 1910 2892 salmasii)

402 2898 496 2936 Vulgo
519 2896 636 2939 τούτῳ.
1180 2899 1332 2936 confutat.
1363 2897 1668 2928 Animadversionum
1696 2897 1802 2926 Ancon.
1841 2896 1912 2926 Cer-

446 2947 475 2972 ·.¹.
506 2941 579 2983 περὶ
608 2944 792 2981 praepositio
822 2943 1012 2973 desideratur
1040 2943 1131 2981 vulgo
1177 2944 1261 2974 coelii
1282 2952 1316 2981 p.
1337 2942 1376 2974 51
1393 2951 1457 2981 sqq.

400 2990 432 3019 in
456 2989 548 3019 libris.
