2034 3267
447 201 622 233 PANAun
648 202 729 234 ΜΒ.
750 204 774 234 1.
796 203 903 235 TOM.
925 203 979 234 111.
1004 202 1312 233 HAER.XXX1V.
1558 192 1635 231 451

231 279 342 334 Quod
369 280 414 321 ad
443 278 568 321 lesum
597 283 784 335 pertinet,
828 282 945 332 hanc,
979 282 1052 331 ait,
1086 281 1401 334 generationem,
1443 292 1539 333 quae
1568 292 1639 319 ex-
1664 283 1824 326 Cap.1X.

117 348 249 402 plicari
280 349 409 388 verbis
440 349 591 402 nequit,
637 350 796 389 sortitus
828 356 901 389 est.
963 348 1115 388 Etenim
1146 349 1191 388 ab
1219 348 1487 388 universorum
1512 345 1641 387 Matre

118 416 236 470 prima
264 416 327 456 illa
349 415 519 457 Tetrade
545 416 643 456 tiliae
667 418 791 457 instar
813 417 979 456 secunda
1004 416 1147 456 Tetras
1173 423 1310 455 exorta
1337 422 1375 455 et
1399 413 1557 468 Ogdoas
1582 422 1642 455 est

117 485 239 534 faeta,
284 498 303 523 a
330 499 400 537 qna
429 483 554 525 Decas
582 485 786 539 processit.
853 482 983 537 ltaque
1012 482 1137 523 Decas
1165 491 1203 522 et
1229 482 1385 536 Ogdoas
1411 496 1640 537 progressae

116 559 220 592 sunt.
290 550 390 591 Tum
421 551 550 593 Det-as
589 567 673 593 eum
706 550 891 605 Ogdoade
922 551 1097 605 copulata
1134 565 1178 590 ac
1216 550 1343 590 decies
1383 552 1485 590 illam
1517 550 1642 590 multi-

116 620 261 674 plicans
290 617 590 673 Oetogenarium
620 633 819 659 innuerunt
850 618 991 658 effecit.
1054 617 1178 671 Quem
1208 618 1335 658 decies
1362 618 1518 673 insuper
1549 619 1643 658 mul-

115 687 290 741 tiplicans
331 689 375 727 ad
409 688 629 741 octingenta
663 687 855 741 perduxit.
928 685 979 726 Ut
1017 685 1140 725 omnis
1180 686 1243 725 ille
1273 686 1470 725 literarum
1511 700 1644 725 nume-

114 769 180 795 rus
212 755 258 794 ab
292 753 477 808 Ogdoade
509 768 738 810 progressus
770 754 813 794 ad
848 752 1041 792 Deeadem
1074 754 1123 793 sit
1155 756 1202 791 H
1226 760 1261 792 et
1296 755 1341 791 H
1367 761 1404 793 et
1435 755 1497 802 Ω,
1544 768 1641 807 quae

115 830 205 863 sunt
231 820 665 864 DCCCLXXXVlll.
729 820 925 874 Siquidem
954 819 1043 860 lesu
1072 835 1210 861 nomen
1238 821 1285 860 ob
1312 835 1396 861 eum
1425 835 1639 872 numerum,

115 905 226 945 quem
268 891 401 931 literae
439 891 627 939 reddunt,
672 886 1091 929 DCCCLXXXtht
1131 889 1308 939 conticit3
1361 903 1406 929 ae
1443 889 1644 944 perspicue

115 959 248 1009 coelo,
283 967 323 998 ut
346 965 499 1013 putant,
534 958 617 1011 ipso
639 956 874 997 sublimioris
901 955 991 996 lesu
1013 958 1304 1010 generationem
1329 958 1515 997 continet.
1566 955 1645 997 Un-

116 1027 161 1067 de
187 1034 224 1067 et
249 1027 286 1066 in
315 1025 553 1066 Graecorum
580 1025 799 1079 Alphabeto
823 1023 1015 1064 Monades
1043 1032 1152 1074 0010,
1200 1025 1359 1065 totidem
1383 1023 1561 1064 Decades
1588 1031 1645 1064 at-

115 1108 188 1148 que
222 1093 503 1134 Hecatontades
536 1093 698 1147 reperiri
728 1094 882 1143 dicunt,
928 1099 967 1132 ut
997 1090 1418 1133 DCCCLXXXVttl
1443 1107 1642 1132 numerum

116 1162 320 1216 praebeat,
356 1161 426 1200 hoc
447 1168 507 1201 est
528 1159 678 1211 lesum,
712 1175 762 1201 ex
786 1161 962 1201 omnibus
984 1161 1154 1201 numeris
1178 1168 1426 1213 contextumg
1461 1161 1508 1201 ob
1532 1161 1643 1214 idque

115 1244 202 1270 sese
225 1233 264 1268 A
287 1236 324 1270 et
349 1230 390 1267 Ω
410 1229 652 1279 nominasse,
688 1244 761 1282 quo
783 1229 884 1268 illam
909 1243 960 1269 ex
983 1229 1159 1269 omnibus
1180 1229 1237 1269 sui
1259 1229 1549 1283 productionem
1573 1243 1643 1268 ex-

114 1299 310 1353 primeret.
375 1295 487 1350 Quod
514 1297 585 1336 hoe
610 1311 760 1336 rursum
787 1297 899 1337 niodo
926 1298 1136 1352 perfectum
1159 1305 1233 1337 est.
1295 1295 1448 1337 Primus
1476 1296 1644 1350 Quater-

114 1366 246 1406 narius
272 1379 338 1420 per
363 1366 512 1405 numeri
541 1365 854 1419 progressionem
882 1366 1033 1405 in‘sese
1060 1366 1239 1405 redactus
1264 1364 1476 1405 Denarium
1506 1366 1643 1419 produ-

112 1434 186 1474 xit.
247 1432 349 1473 Nam
383 1448 498 1473 unum
532 1439 570 1472 et
600 1434 674 1473 duo
707 1434 778 1472 tria
805 1439 842 1472 et
868 1440 1032 1487 quatuor
1057 1434 1167 1473 simul
1195 1434 1406 1487 composita
1432 1434 1563 1474 decem
1591 1435 1644 1474 fa-

115 1501 243 1552 ciunt3
287 1502 385 1555 quod
422 1502 545 1555 ipsum
583 1515 670 1541 esse
704 1500 833 1541 Iesum
869 1501 1106 1541 existimant.
1172 1499 1248 1541 Sed
1277 1508 1315 1540 et
1339 1499 1543 1552 Christus,
1586 1502 1644 1541 in-

115 1570 264 1624 quiunt,
291 1577 378 1609 octo
399 1583 449 1609 ex
468 1568 591 1609 literis
613 1576 820 1609 contextus
841 1569 1000 1623 primam
1022 1567 1246 1622 Ogdoadem
1269 1570 1522 1618 demonstrat,
1548 1583 1644 1623 quae

115 1652 199 1678 cum
227 1638 356 1677 decem
383 1637 588 1677 coniuncta
610 1635 736 1676 Iesum
764 1637 925 1691 peperit.
987 1636 1141 1677 Dicitur
1164 1651 1313 1691 quoque
1341 1634 1434 1684 Τὶὀς
1461 1633 1644 1690 Χριστὸς,

116 1705 244 1756 aiunt,
279 1705 350 1745 hoe
375 1712 434 1745 est
458 1704 652 1744 Dodeeas.
713 1703 814 1744 Nam
839 1701 931 1750 Υἱός
950 1705 1082 1744 literas
1108 1704 1217 1744 habet
1243 1711 1428 1758 quatuor,
1464 1703 1644 1745 Christus

116 1780 226 1823 octo,
275 1787 371 1827 quae
402 1773 561 1813 eolleeta
594 1771 811 1813 Dodeeadis
846 1772 1011 1813 effecere
1046 1773 1360 1826 magnitudinem.
1424 1771 1502 1814 Sed
1536 1766 1674 1813 ante-¹

116 1856 226 1895 quam
253 1840 417 1881 nominis
445 1841 555 1880 liuius
581 1841 813 1895 episemum‚
856 1840 928 1880 hoc
956 1847 1016 1881 est
1045 1839 1178 1890 Iesus,
1223 1840 1308 1880 filiis
1337 1848 1563 1895 appareret,
1605 1841 1645 1880 in

115 1923 261 1949 summa
287 1909 459 1948 homines
482 1908 699 1962 ignorantia
722 1915 760 1947 et
782 1923 915 1949 errore
939 1909 1081 1954 versati
1103 1915 1206 1949 sunt.
1267 1906 1527 1962 Posteaquam
1550 1923 1643 1949 vero

115 1991 189 2017 sex
216 1977 413 2017 literarum
441 1991 579 2016 nomen
613 1983 671 2016 est
698 1978 952 2030 patefactum,
996 1978 1093 2031 quod
1120 1978 1206 2017 ideo
1233 1991 1387 2017 earnem
1415 1977 1558 2027 induit,
1606 1984 1646 2017 ut

114 2058 187 2084 sex
214 2045 317 2099 ipsas
347 2051 384 2084 et
408 2042 555 2084 XXlV
579 2044 712 2084 literas
739 2045 1068 2099 comprehendens
1096 2045 1141 2086 ad
1169 2059 1306 2085 sensus
1334 2045 1528 2085 hominum
1556 2059 1643 2085 sese

115 2112 354 2163 demitteret,
400 2120 476 2152 tum
501 2112 650 2152 demum
678 2126 724 2152 eo
750 2113 902 2167 cognito
928 2113 974 2153 ab
999 2127 1132 2153 errore
1160 2113 1411 2163 destiterunt,
1454 2120 1492 2153 et
1514 2113 1558 2152 ad
1587 2113 1643 2152 vi-

114 2187 188 2221 tam
220 2188 464 2220 emerserunt
497 2195 517 2218 a
552 2187 696 2230 morte,
740 2195 823 2221 eum
856 2183 899 2221 ad
932 2182 1106 2221 veritatis
1141 2190 1286 2236 patrem
1319 2181 1488 2221 ductoris
1520 2181 1643 2220 instar

115 2248 207 2302 ipsis
234 2263 372 2288 nomen
399 2249 489 2289 illud
517 2248 728 2288 extitisset.
789 2247 988 2289 Placuisse
1015 2249 1200 2304 siqnidem
1228 2249 1394 2289 omnium
1418 2247 1575 2289 Parenti
1604 2254 1642 2288 ut

114 2315 370 2369 ignorantiam
397 2316 607 2356 discuteret
636 2324 874 2370 mortemque
906 2317 1073 2358 tolleret.
1135 2315 1383 2370 Ignorantiae
1418 2331 1534 2371 porro
1564 2315 1641 2356 dis-

116 2385 244 2424 003310
278 2385 398 2439 ipsius
432 2384 600 2437 cognitio
638 2383 720 2423 suit.
781 2382 1026 2439 Proindeque
1054 2385 1224 2425 delectus
1251 2385 1284 2425 is
1311 2392 1370 2424 est
1396 2385 1531 2434 1101110,
1577 2384 1640 2437 qui

116 2453 164 2492 de
187 2453 286 2492 illius
312 2452 510 2493 voluntate
532 2452 579 2491 ad
604 2451 785 2493 eoelestis
806 2451 973 2494 Virtutis
995 2454 1196 2508 exemplar
1219 2453 1406 2507 singulari
1430 2459 1489 2492 est
1511 2451 1640 2507 provi-

115 2521 243 2562 dentia
274 2521 518 2561 constitutus.

114 2655 218 2686 yenem
237 2648 330 2678 verba
343 2641 446 2689 ’Έχει
459 2663 497 2668 -
510 2662 554 2668 -
566 2663 604 2668 -
618 2642 752 2686 γένεσιν.
798 2642 854 2679 Διὸ
948 2646 998 2679 11.
1026 2644 1239 2680 συνεστώτων
1263 2646 1382 2677 Pseudo
1393 2663 1405 2668 -
1419 2647 1570 2685 Oriyenes.

115 2701 174 2722 non
196 2693 397 2731 reperiuntur.
949 2692 997 2723 12.
1022 2691 1117 2725 τοῦτο
1143 2692 1286 2723 Pseudo·
1300 2692 1444 2730 Origenes
1463 2694 1491 2722 et,
1511 2691 1570 2721 Vct.
1587 2691 1638 2723 In-

152 2738 182 2767 ὅ.
198 2734 441 2770 ἐπιδεικνύοντα
454 2737 745 2774 Pseudo-Oriyenes.
769 2733 853 2768 ἔπει·
899 2740 1022 2776 terpres.
1073 2739 1165 2777 Vulgo
1188 2735 1255 2768 τοῦ.

116 2791 156 2813 τα
180 2779 370 2814 δεικνύοντα
392 2782 559 2820 Epiphanii
583 2782 652 2810 libri
673 2782 826 2819 praebent.
946 2782 995 2814 13.
1020 2781 1078 2815 καὶ
1094 2782 1254 2821 τέσσαρες
1274 2782 1419 2813 Petavius
1430 2783 1566 2821 primum
1579 2782 1637 2813 ad-

159 2824 191 2857 9.
213 2824 268 2859 τὸν
290 2822 424 2866 Ἰησοῦν
447 2827 730 2864 Ρεειιάο-Ον19εηεε
747 2828 772 2856 et
794 2827 853 2856 Vet.
898 2828 977 2858 didit
999 2838 1035 2858 ex
1058 2830 1123 2858 cod.
1147 2829 1241 2857 t'utic.

116 2871 273 2909 latet-pres.
308 2870 477 2911 Epiphdnii
495 2872 565 2901 libri
580 2871 688 2901 habent
706 2868 854 2903 τουτέστι
946 2870 995 2904 14.
1017 2871 1228 2916 περιεβάλετο
1260 2873 1348 2903 codd.
1376 2873 1474 2903 Venet.
1506 2873 1635 2912 Rhediy.

116 2912 152 2947 τὸ
182 2916 272 2957 ἓῖῆ.
902 2918 997 2957 Vulyo
1021 2915 1264 2960 περιεβάλλετο.

163 2961 212 2992 10.
236 2961 301 2994 τῶν
320 2962 385 2993 cod.
402 2962 473 2992 Ven.
519 2962 621 2993 Omiu.
644 2961 853 2992 Pseudo—Ori·
946 2964 995 2993 la.
1020 2959 1143 3004 ἑδηγεῦ
1173 2963 1287 3001 10961101
1314 2964 1373 2992 Vel.
1393 2964 1561 3001 Interpres,
1585 2965 1637 3002 qui

116 3013 213 3044 yenes.
849 3029 852 3032 .
897 3009 985 3038 vertit
1007 3007 1163 3039 ducatore
1187 3006 1229 3037 ad
1253 3007 1382 3038 Patrem
1405 3006 1562 3038 veritatis.

1273 3063 1364 3105 29*
