2034 3267
219 957 286 985 pag.
304 949 362 978 384.

196 2995 283 3036 Κεφ.
309 2994 332 3028 ε’
339 3020 346 3027 .

215 3058 282 3086 pag.
299 3049 356 3078 385.

385 167 463 207 698
944 170 1104 203 SANCT1
1128 171 1349 204 EPJPHANII

384 250 512 293 αὐτῶν
544 255 618 292 τῶν
643 252 806 306 γραφῶν
835 246 1098 303 εὖρεθήσεσθε
1128 247 1385 303 ἐλεγχόμενοι,
1423 253 1580 305 πρῶτον
1609 253 1697 306 μὲν,
1737 251 1796 296 ὅτι
1825 250 1908 295 κατ’

382 318 515 361 εἰκόνα
534 323 633 360 θεοῦ
653 319 830 370 ἐποίησεν
851 314 874 358 ὅ
892 315 987 365 θεὸς
1007 315 1074 358 τόν
1093 315 1318 371 ἄνθρωπον.
1357 314 1400 358 Ὁ
1419 317 1460 359 δὲ
1479 317 1646 372 ποιήσας
1665 322 1753 374 ἔφη,
1781 319 1906 375 Ποιή-

383 403 506 440 σωμεν
530 385 746 442 ἄνθρωπον
774 383 854 427 κατ’
877 383 1009 426 εἰκόνα
1033 382 1241 439 ἡμετέραν,
1281 386 1348 426 καὶ
1371 383 1462 427 καθ’
1487 383 1687 439 ὁμοίωσιν·
1720 387 1773 438 ὥς
1796 391 1833 430 εἷ’
1852 406 1910 438 τις

382 454 460 497 <ind
492 460 561 508 τῆς
595 469 665 496 σου
687 454 984 506 πεπλανημένης
1012 454 1192 507 αἱρέσεως
1215 454 1456 508 ε’πιστρέψειε
1487 452 1586 508 πρὸς
1611 454 1680 507 τὴν
1704 454 1907 510 ἅλήθειαν,

384 522 435 572 ὥς
457 522 532 565 άπὸ
555 521 718 571 σκότους
740 519 966 575 ἀποδράσεις
988 523 1054 562 καὶ
1077 519 1154 563 άπὸ
1181 520 1321 570 νυκτός
1344 520 1528 572 ἀναστάς,
1560 521 1665 576 εὕροι
1689 522 1737 565 ὂὶν
1759 523 1800 567 τὸ
1824 529 1910 577 φῶς

382 591 485 650 αὐτῷ
513 590 714 633 οἷνατεῐλαν
737 594 806 643 τῆς
835 594 904 631 τοῦ
928 593 1028 630 θεοῦ
1054 588 1228 644 γνώσεως
1258 587 1370 642 ἡλίου
1401 592 1532 642 δίκην,
1562 591 1624 630 καὶ
1656 587 1754 646 ὑπὲρ
1787 592 1907 646 ἥλιον.

385 659 602 714 Φανήσεται
624 657 695 714 γάρ
719 659 833 699 παντὶ
855 661 907 715 τῷ
929 656 995 699 τὸν
1020 656 1175 713 εὔλογον
1196 656 1376 712 λογισμόν
1400 659 1618 716 κεκτημένῳ
1646 658 1705 701 ὅτι
1729 658 1751 701 ὅ
1776 659 1908 712 εἰπών,

384 727 620 782 Ποιήσωμεν
639 726 878 781 ἄνθρωπον,
910 723 932 766 ό
954 724 1046 774 θεός
1069 727 1168 768 ἐστιν
1189 724 1211 767 ὁ
1230 730 1306 767 τῶν
1330 725 1430 767 ὅλων
1450 725 1589 781 πατήρ.
1650 732 1907 782 Συγκαλεῖται

382 798 423 839 δὲ
452 794 540 850 μεθ’
572 797 711 837 ἑαυτοῦ
740 793 808 835 τὸν
831 792 890 835 del
914 792 1005 835 ὅντα
1028 793 1097 835 ‹nh›
1121 792 1225 851 αὐτῷ
1248 792 1345 835 θεὸν
1367 793 1481 849 λόγον
1505 794 1592 836 υἷόν
1618 800 1831 850 μονογενῆ,
1873 796 1910 845 ἐξ

382 863 504 906 αὐτοῦ
527 863 703 918 άνάρχως
724 864 789 905 καὶ
811 859 984 918 οἷχρόνως
1006 863 1299 917 γεγεννημένον,
1341 861 1420 914 ἅμα
1443 862 1485 903 δὲ
1507 864 1570 903 καὶ
1594 861 1635 904 τὸ
1660 861 1770 918 ἅγιον
1791 861 1912 904 αὐτοῦ

383 937 548 986 πνεῦμα,
579 930 620 973 τὸ
643 930 714 973 οὐκ
737 929 936 985 ἀλλότριον
955 929 1095 981 αὐτοῦ,
1128 929 1219 972 οὐδὲ
1243 935 1312 972 τοῦ
1331 928 1451 972 αὐτοῦ
1473 932 1577 972 ἰδίου
1603 933 1705 972 υἱοῦ.
1767 933 1821 972 Εἰ
1837 930 1909 987 γάρ

382 1000 495 1050 ἄλλος
524 996 572 1054 ἧν
603 999 624 1042 ό
650 999 799 1049 πλάσας
823 998 889 1041 τόν
914 998 1130 1054 ἄνθρωπον
1152 1000 1219 1040 καὶ
1241 997 1307 1040 τόν
1327 997 1474 1051 κόσμον
1497 1001 1648 1049 κτίσας,
1689 997 1799 1048 ἄλλος
1824 999 1865 1040 δὲ
1889 997 1912 1042 o‘

381 1069 460 1111 ἅνω
493 1067 644 1124 άγαθός
674 1067 768 1117 θεὸς
798 1066 886 1121 παρ’
920 1062 967 1109 οὗ
998 1072 1188 1121 κατῆλθεν
1218 1065 1240 1108 ὁ
1271 1065 1461 1121 Χριστός,
1505 1065 1576 1108 οὐκ
1610 1065 1658 1107 ἂν
1689 1065 1712 1108 ό
1742 1066 1911 1123 Χριστὸς

381 1137 590 1191 ἐλάμβανεν
613 1138 736 1178 ἓαυτῶ
759 1141 870 1189 σῶμα
894 1137 957 1177 καὶ
979 1137 1114 1177 ἔπλασε
1138 1135 1209 1189 τὴν
1235 1134 1366 1176 εἰκόνα
1391 1139 1459 1176 τοῦ
1480 1138 1721 1190 δημιουργοῦ
1747 1137 1801 1184 εἰς
1824 1136 1910 1177 ἑαυ-

379 1205 447 1248 τὸν
471 1204 698 1255 άνατυπῶν,
742 1203 834 1245 ἄλλα
861 1203 1016 1257 δῆλον
1005 1204 1063 1245 ότι
1087 1202 1205 1252 αυτός
1228 1205 1328 1245 ἐστιν
1355 1201 1376 1244 ὁ
1402 1202 1639 1258 δημιουργός
1661 1207 1730 1245 τοῦ
1754 1201 1909 1259 ἀνθρώ-

381 1292 459 1316 που
491 1275 557 1316 καὶ
587 1277 655 1315 τοῦ
679 1271 847 1326 κόσμου,
890 1274 918 1329 ᾠ
954 1269 1060 1312 εἶπεν
1090 1270 1112 1312 ό
1136 1271 1283 1325 πατὴρ,
1329 1270 1562 1324 Ποιησωμεν
1586 1270 1804 1326 ἄνθρωπον
1827 1270 1910 1313 κατ’

379 1342 510 1384 εἰκόνα
535 1340 722 1396 ημετὲραν
747 1342 812 1381 καὶ
833 1338 925 1381 καθ’
947 1337 1144 1392 ὁμοίωσιν.
1202 1338 1296 1381 'And
1319 1340 1360 1381 δὲ
1381 1344 1450 1381 τοῦ
1473 1338 1559 1388 ἑνός
1583 1341 1647 1395 ε’ργ
1651 1357 1697 1381 ου
1722 1339 1910 1394 σταθήσε-

381 1429 440 1452 ται
466 1410 635 1465 φανερὸς
660 1408 862 1465 γινόμενος
891 1406 911 1449 ό
934 1411 1122 1461 τεχνίτης,
1164 1407 1221 1449 ὅτι
1248 1403 1365 1456 οὗτός
1389 1409 1487 1449 ε’στιν
1513 1406 1536 1449 ὁ
1558 1406 1641 1449 τότε
1661 1407 1730 1450 τόν
1753 1407 1908 1465 ἅνθρω-

378 1497 453 1521 πον
480 1477 725 1532 πεποιηκώς,
757 1475 906 1525 πλάσας
935 1493 973 1517 τε
1003 1478 1046 1518 ἐκ
1072 1494 1142 1531 γης
1171 1475 1213 1517 τό
1240 1481 1310 1517 τοῦ
1333 1473 1453 1529 Ἀδαμ
1485 1480 1617 1529 σῶμα,
1647 1478 1713 1517 καὶ
1740 1476 1909 1531 ποιήσας

377 1546 471 1589 αυτό
498 1549 552 1595 εἰς
574 1545 706 1600 ψυχὴν
730 1550 864 1596 ζῶσαν.
926 1543 999 1586 Διό
1025 1546 1090 1585 καὶ
1112 1544 1374 1599 εἰιαρτύρησεν
1405 1542 1427 1586 ὁ
1449 1543 1559 1599 ἅγιος
1575 1542 1758 1598 Ἰωάννης
1787 1546 1828 1587 ἐν
1856 1549 1908 1602 τῷ

377 1614 472 1697 ἁγίῳ
498 1613 701 1671 ευα,γελίῳ
724 1615 844 1669 λέγων
867 1612 947 1662 ότι,
977 1611 1042 1653 Ἐν
1065 1611 1161 1670 ἄρχῃ
1187 1631 1236 1665 ην
1262 1611 1284 1654 ὁ
1303 1612 1439 1668 λόγος,
1470 1613 1533 1654 καὶ
1562 1610 1584 1654 ὁ
1607 1612 1720 1668 λόγος
1741 1615 1789 1666 ἡν
1810 1612 1910 1667 πρὸς

376 1702 442 1726 τον
471 1682 590 1734 θεὸν,
631 1684 696 1724 καὶ
730 1681 826 1731 θεὸς
855 1685 904 1734 ἠν
934 1679 955 1722 ὁ
979 1680 1110 1736 λόγος,
1153 1682 1268 1730 οὗτος
1298 1684 1346 1734 ἠν
1377 1682 1418 1722 ἐν
1449 1679 1546 1738 α’ρχῆ
1573 1679 1674 1736 πρὸς
1701 1680 1769 1723 τὸν
1793 1680 1907 1723 θεόν·

374 1751 503 1794 πάντα
523 1749 570 1793 δι’
592 1749 712 1792 αὐτοῦ
735 1751 893 1805 ἐγένετο,
925 1750 991 1790 καὶ
1010 1751 1127 1803 χωρὶς
1149 1747 1269 1791 αὐτοῦ
1290 1750 1437 1804 ἐγένετο
1460 1746 1580 1790 οὐδὲ
1575 1766 1630 1799 εν,
1662 1750 1728 1791 καὶ
1747 1768 1793 1790 τα
1813 1750 1908 1803 ἑξῆς.

373 1822 429 1861 Εἰ
451 1820 491 1861 δὲ
515 1821 556 1861 ἐν
579 1817 684 1876 αὐτῷ
707 1819 873 1873 ἐγένετο,
915 1818 982 1859 καὶ
1008 1814 1070 1857 ὕπ’
1097 1815 1218 1859 αὐτοῦ
1244 1818 1412 1872 ἐγένετο,
1454 1815 1570 1865 αὐτός
1592 1815 1676 1859 τότε
1699 1816 1766 1859 τόν
1786 1816 1910 1871 Ἀδάμ

375 1890 526 1938 ἔπλασε,
551 1888 617 1928 καὶ
637 1885 754 1935 αὐτὸς
773 1885 886 1927 πάλιν
905 1885 946 1928 to*
969 1889 1080 1938 σῶμα
1102 1884 1179 1926 α’πὸ
1201 1888 1362 1940 Μαρίας
1381 1889 1448 1938 τῆς
1467 1887 1672 1939 παρθένου
1694 1888 1747 1934 εἰς
1767 1884 1905 1928 ἑαυτὸν

376 1954 637 2005 άνεπλάσατο,
679 1955 745 1995 καὶ
776 1957 923 2002 τελείως
952 1951 1022 2006 τὴν
1052 1958 1180 1994 πᾶσαν
1213 1952 1334 1995 αὐτοῦ
1364 1952 1665 2009 ε’νανθρώπησιν
1695 1953 1908 2007 συνήνωσε,

375 2023 445 2077 τὴν
467 2021 531 2064 ’ὑπ’
554 2020 674 2064 αὐτοῦ
697 2021 780 2063 τότε
799 2026 1041 2063 πλασθεῐσαν
1055 2055 1063 2071 ,
1105 2023 1171 2062 καὶ
1194 2026 1265 2062 νῦν
1287 2023 1328 2063 ἐν
1349 2023 1473 2078 ἑαυτῷ
1496 2028 1794 2064 συνενωθεῖσαν.
1856 2023 1912 2063 Εἰ

377 2093 418 2134 δὲ
443 2090 643 2145 ἀλλοτρίαν
666 2092 846 2145 ἐργασίαν
868 2092 921 2137 εἰς
946 2088 1087 2130 ἑαυτὸν
1113 2091 1224 2143 ἔλαβε
1245 2095 1315 2131 τοῦ
1336 2094 1468 2137 κακῶς
1490 2089 1560 2143 τὴν
1580 2089 1719 2132 πλάσιν
1742 2091 1908 2132 πλάσον-

374 2178 439 2210 τος
462 2161 526 2201 καὶ
549 2163 674 2201 κακοῦ
696 2157 939 2213 ὑπάρχοντος
961 2156 1058 2198 κατά
1081 2157 1150 2211 τήν
1173 2172 1244 2199 σου
1269 2160 1540 2208 διδασκαλίαν,
1582 2159 1648 2199 καὶ
1674 2160 1708 2199 εἰ
1726 2157 1827 2207 ὅλως
1848 2159 1909 2200 κέ-

374 2247 510 2283 χρηται
532 2233 614 2275 τοῖς
634 2232 772 2275 κακοῖς
794 2225 1009 2279 ποιήμασιν
1034 2223 1094 2275 οἷς
1120 2224 1142 2267 ὁ
1167 2224 1263 2267 κατά
1291 2226 1332 2267 σὲ
1355 2224 1476 2274 κακός
1499 2225 1666 2279 ποιητὴς
1690 2226 1908 2282 εἰργάσατο,

376 2296 451 2349 ἄρα
475 2298 636 2351 ε’πεμίγη
666 2300 713 2353 τῇ
737 2297 854 2351 κακίᾳ
883 2299 952 2336 τοῦ
977 2299 1162 2346 ποιητοῦ,
1206 2293 1336 2349 χρήσει
1361 2311 1400 2335 τε
1422 2295 1488 2336 καὶ
1512 2292 1726 2351 εὐεργεσία,
1769 2296 1835 2336 καὶ
1860 2299 1909 2352 τῇ

376 2367 456 2422 ἰδία
483 2363 605 2406 αὐτοῦ
635 2362 767 2405 εἰκόνι.
823 2361 916 2403 Ἀλλ’
948 2360 1020 2402 οὐκ
1051 2363 1249 2415 ἐνδέχεται.
1309 2363 1365 2403 Εἰ
1390 2360 1463 2417 γάρ
1495 2361 1818 2418 ἕνηνθρώπησεν,
1860 2361 1909 2404 οὕ

376 2432 496 2486 μόνον
521 2431 644 2486 σάρκα
667 2434 845 2484 εἴληφεν,
877 2428 969 2471 ἄλλα
992 2431 1055 2471 καὶ
1078 2429 1222 2483 ψυχήν.
1281 2434 1411 2483 Δῆλον
1437 2430 1510 2486 γάρ
1532 2432 1637 2472 ἔσται
1659 2435 1791 2472 τοῦτο·
1825 2432 1908 2472 ἐπεὶ

376 2500 503 2543 πόθεν
523 2502 657 2556 ἔλεγεν,
686 2498 888 2549 Ἐξουσίαν
910 2500 980 2551 ἔχω
1003 2501 1132 2552 λαβεῖν
1154 2497 1223 2551 τήν
1242 2497 1376 2552 ψυχήν
1398 2516 1494 2552 μου,
1527 2500 1592 2540 καὶ
1611 2504 1740 2540 θεῖναι
1762 2497 1905 2552 αὐτήν,-

382 2568 460 2622 Τήν
486 2573 615 2610 πᾶσαν
639 2570 772 2610 τοίνυν
795 2569 1059 2623 πραγματείαν
1085 2564 1383 2619 ἀναλεξάμενος,
1426 2565 1496 2620 τὴν
1519 2569 1708 2621 ῥηθεῖσαν
1732 2564 1809 2608 ὖπό
1836 2572 1907 2609 τοῦ

377 2639 618 2691 δημιουργοῦ
642 2635 795 2687 εἰκόνα,
837 2640 966 2676 πᾶσαν
989 2638 1250 2689 πραγματείαν
1274 2633 1497 2686 ἀνεδέξατο,
1529 2637 1570 2676 έν
1593 2640 1646 2692 τῷ
1669 2634 1815 2688 σώματι
1839 2637 1906 2677 καὶ

377 2710 484 2762 ψυχῇ
508 2703 635 2746 ε’λθών
656 2702 676 2746 ὁ
695 2703 822 2759 λόγος,
853 2704 919 2745 καὶ
939 2704 979 2744 έν
998 2700 1150 2750 ὁποίοις
1171 2702 1316 2744 ἅπασίν
1335 2704 1433 2744 ἐστιν
1455 2700 1476 2744 ὁ
1495 2702 1725 2757 ἅνθρωπος·
1755 2702 1905 2745 τούτων

379 2773 420 2813 δὲ
450 2772 574 2821 οὕτως
604 2773 859 2814 τελεσθέντων
884 2769 1094 2820 ἔξάπαντος
1117 2769 1344 2825 ήμαύρωταί
1375 2785 1445 2813 σου
1475 2769 1516 2813 τὸ
1544 2772 1797 2825 δηλητήριον,
1839 2773 1906 2814 καὶ

378 2841 488 2882 ἔπεσέ
510 2855 581 2882 σου
602 2838 628 2893 ἡ
647 2839 778 2888 στάσις
800 2838 825 2893 ἡ
849 2838 1126 2892 ἄθεμελίωτος,
1159 2838 1210 2892 μή
1233 2841 1372 2892 ἔχουσα
1395 2842 1510 2892 πῆξιν
1531 2837 1792 2894 ἕδραιώματος
1815 2838 1901 2892 άλη-

377 2911 501 2957 θείας.

490 2978 544 3018 Εἰ
566 2977 606 3018 δὲ
626 2978 692 3020 καὶ
713 2977 737 3018 ἃ
760 2975 890 3030 βούλει
913 2973 1120 3028 λαμβάνεις
1139 2972 1217 3016 άπὸ
1240 2979 1309 3027 τῆς
1330 2977 1441 3024 θείας
1461 2979 1634 3030 γραφῆς,
1673 2975 1740 3016 καὶ
1761 2974 1786 3016 ἃ
1809 2974 1902 3028 βού-
