2034 3267
510 161 687 194 PANARII
709 161 791 194 LIB.
809 162 833 194 1.
857 162 963 195 TOM.
982 162 1038 194 111.
1064 161 1192 194 HAER.
1209 161 1284 193 XL.
1574 152 1653 192 537

139 239 378 295 dogmatibus
400 246 504 280 esset
525 240 689 282 imbutus
704 274 714 293 ,
758 242 869 282 talem
897 249 1041 296 pestem
1064 241 1169 281 velut
1191 240 1402 294 exquisitas
1425 253 1572 281 merces
1594 254 1653 280 se-

140 322 222 347 cum
250 308 287 347 in
315 307 474 362 patriam
503 309 671 349 revexit.
736 308 830 350 Erat
856 310 971 359 haee,
1017 317 1055 348 ut
1084 308 1271 358 diximus,
1314 308 1498 348 Armenia
1525 307 1656 348 Minor

138 376 176 415 in
196 375 322 415 vicina
344 373 500 416 Satalae
523 377 696 430 regione.
760 376 847 431 Quo
872 391 954 416 cum
980 383 1084 417 essct
1105 391 1302 427 reversus,
1337 376 1564 430 contagione
1585 391 1655 417 sua

139 457 248 498 quam
281 443 462 498 plurimos
493 444 568 484 illic
599 445 743 485 infecit.
805 444 905 485 Nam
938 457 980 484 se
1012 444 1049 483 in
1084 444 1314 498 locupletum
1344 444 1578 497 quorundam
1611 458 1655 483 ac

139 511 322 551 senatorii
347 511 490 552 ordinis
514 513 701 562 feminae,
743 512 978 565 aliorumque
1006 511 1295 565 primariorum,
1338 511 1540 551 amicitiam
1565 512 1655 551 insi-

137 593 260 619 nuans
283 593 349 634 per
372 593 438 619 eos
462 586 590 634 utpote
613 580 803 634 principes
828 580 931 619 viros
955 579 1112 618 infinitis
1137 579 1350 618 hominibus
1373 578 1531 618 exitium
1558 586 1654 619 attu-

136 646 194 687 lit.
257 645 334 687 Sed
364 661 448 686 eum
477 647 650 687 dominus
678 647 857 687 celeriter
881 661 900 686 e
927 646 1050 686 medio
1075 646 1252 696 sustulit,
1298 661 1380 685 cum
1407 646 1478 686 iam
1501 647 1653 687 zizania

137 729 207 756 sua
238 715 458 769 sparsisset.

250 780 432 823 Ceterum
465 783 525 822 isti
553 783 791 837 apocryphos
819 782 1005 835 quosdam
1036 781 1153 821 libros
1186 782 1392 821 finxerunt.
1455 781 1488 821 E
1519 783 1653 836 quibus
1680 788 1756 831 Gap.
1785 789 1823 819 ιι.

139 851 212 891 duo
245 858 334 890 sunt
356 848 617 905 Symphoniae
646 849 822 899 nomine,
865 848 992 889 Maior
1016 849 1195 889 videlicet
1221 863 1264 889 ac
1287 848 1430 889 Minor.
1494 848 1657 890 Praeter

138 932 231 973 quos
252 919 455 958 nonnullos
476 918 571 958 alios
596 917 642 956 iis
665 917 800 970 quibus
821 931 904 957 cum
928 924 1043 970 agunt
1062 931 1291 970 percensere
1315 917 1453 968 solent,
1484 925 1525 957 ut
1549 932 1655 958 erro-

137 1000 217 1027 rem
240 1000 348 1026 suum
373 984 498 1025 multis
521 985 812 1025 auctoritatibus
835 986 1021 1025 affirmare
1046 999 1089 1024 ac
1114 985 1276 1039 probare
1301 985 1517 1025 videantur.
1578 985 1656 1025 Ha-

137 1055 229 1094 bent
252 1061 287 1094 et
311 1067 405 1107 quos
426 1049 682 1106 Ἀλλογενεῖς,
714 1053 785 1093 hoc
809 1060 868 1092 est
893 1055 1150 1104 Alienigena&
1187 1060 1339 1104 vocant,
1373 1054 1427 1094 sic
1450 1053 1655 1108 inscriptos

136 1122 299 1162 libellos.
362 1119 456 1160 Item
485 1135 534 1160 ex
558 1121 773 1161 Anabatico
796 1119 960 1172 Esaiae,
996 1129 1033 1161 et
1056 1121 1091 1160 id
1114 1135 1236 1175 genus
1260 1122 1509 1176 apocryphiS,
1543 1135 1656 1175 argu-

137 1197 264 1230 menta
292 1189 531 1244 depromunt.
595 1186 671 1229 Sed
697 1203 742 1228 eo
768 1189 864 1229 libro
892 1189 951 1229 cui
979 1187 1240 1244 Symphoniae
1266 1203 1403 1229 nomen
1431 1197 1489 1229 est
1513 1189 1565 1229 uti
1590 1204 1656 1244 po-

136 1258 320 1298 tissimum
349 1256 496 1308 solent,
540 1258 576 1297 in
609 1272 681 1310 quo
708 1257 897 1298 coelestes
924 1258 1038 1297 orbes
1072 1264 1158 1297 octo
1188 1257 1247 1297 vel
1275 1265 1419 1311 septem
1452 1271 1538 1298 esse
1566 1258 1656 1297 defi-

136 1327 258 1366 niunt.
320 1324 468 1365 Horum
499 1325 536 1364 iu
569 1325 730 1379 singulis
761 1325 934 1365 residere
960 1323 1182 1379 Principes,
1228 1326 1279 1365 ita
1311 1332 1350 1365 ut
1379 1339 1446 1380 per
1476 1333 1657 1380 septenos

137 1393 251 1434 orbes
279 1392 466 1433 distributi
501 1392 577 1433 sint
603 1400 716 1446 atque
742 1407 840 1433 unus
871 1392 908 1432 in
935 1393 1104 1447 quolibet
1129 1391 1314 1447 Princeps
1342 1394 1496 1434 existat.
1560 1391 1657 1434 Cer-

137 1469 196 1502 tos
229 1475 345 1516 porro
376 1461 580 1515 unicuique
611 1459 779 1515 Principi
812 1461 966 1501 ordines
999 1475 1085 1500 esse
1118 1461 1344 1516 descriptos.
1406 1461 1531 1516 Supra
1562 1476 1656 1515 quos

137 1544 270 1570 omnes
299 1536 435 1569 octavo
468 1530 506 1569 in
539 1528 646 1569 coelo
674 1528 833 1568 lucidam
859 1527 1026 1568 Matrem
1062 1536 1274 1569 ceterarum
1303 1530 1512 1570 haereseon
1550 1543 1657 1569 more

137 1598 387 1638 constituunt.
459 1594 535 1637 Sed
569 1611 701 1637 eorum
735 1597 847 1651 aliqui
883 1597 1112 1637 foedissimis
1145 1597 1360 1638 libidinibus
1393 1613 1555 1653 corpora
1587 1612 1656 1638 sua

137 1666 411 1707 contaminant.
471 1665 547 1705 Alii
569 1664 708 1705 ieiunia
730 1665 953 1705 simulantes
975 1665 1243 1705 monachorum
1267 1667 1394 1720 specie
1417 1666 1657 1721 simpliciori-

137 1735 208 1774 bus
240 1733 422 1782 illudunt,
469 1747 513 1772 ac
546 1747 587 1773 se
618 1733 801 1772 bonorum
835 1733 1001 1772 omnium
1034 1733 1273 1774 abdicatione
1303 1735 1516 1774 venditant.
1580 1732 1657 1774 lani

138 1815 231 1843 vero
258 1801 295 1840 in
321 1815 574 1855 unoquoque,
617 1808 657 1841 ut
681 1801 819 1840 dictum
847 1809 928 1851 est,
973 1801 1080 1841 coelo
1107 1800 1322 1856 Principem
1355 1810 1392 1842 et
1420 1800 1656 1842 Potestatem

138 1884 222 1910 cum
251 1869 397 1923 angelis
425 1869 569 1923 aliquot
595 1868 875 1924 apparitoribus
904 1869 1106 1909 collocant.
1170 1868 1389 1923 Quemlibet
1417 1871 1517 1910 euim
1545 1869 1657 1910 Priu-

138 1937 259 1992 cipem
292 1951 382 1977 suos
414 1937 484 1977 sibi
515 1936 696 1990 genuisse
726 1951 770 1976 ac
802 1940 1028 1991 procreasse
1056 1938 1255 1978 satellites.
1319 1936 1485 1979 Carnem
1518 1946 1659 1992 negant

137 2018 360 2059 resurgere,
392 2005 504 2059 idque
524 2005 595 2044 soli
615 2005 763 2044 animae
784 2005 968 2045 tribuunt.
1027 2004 1262 2060 Baptismum
1286 2006 1488 2058 damnant3
1522 2013 1658 2045 tamet-

138 2074 169 2114 si
194 2073 295 2113 inter
319 2087 385 2113 eos
410 2072 508 2124 sint,
554 2073 614 2127 qui
641 2071 836 2127 Baptismo
863 2080 976 2113 antea
1001 2073 1138 2114 initiati
1164 2075 1317 2114 fuerint.
1380 2073 1657 2128 Mysteriorum

138 2141 444 2182 communionem
471 2155 514 2181 ac
539 2141 745 2181 bonitatem
771 2141 970 2196 repudiant
993 2148 1166 2195 tanquam
1194 2142 1355 2182 alienam
1382 2149 1418 2181 et
1441 2141 1478 2181 in
1505 2142 1657 2182 nomine

141 2208 310 2251 Sabaoth
332 2215 537 2264 repertam.
593 2208 705 2248 Hune
730 2209 845 2259 enim,
873 2217 912 2249 ut
933 2217 971 2249 et
992 2210 1088 2250 aliae
1112 2211 1292 2264 quaedam
1317 2210 1515 2260 haereses,
1542 2210 1658 2264 septi-

138 2292 200 2318 mo
228 2278 264 2317 in
291 2277 383 2317 orbe
410 2277 580 2327 versari,
623 2290 666 2316 ac
689 2278 928 2332 tyrannidem
954 2291 1163 2328 exercere,
1204 2278 1446 2332 praedicant,
1489 2285 1660 2318 eeteros-

138 2360 210 2400 que
241 2345 433 2386 violeuter
463 2345 693 2400 opprimere.
755 2343 1042 2401 Principatuum
1074 2344 1388 2399 Potestatumque
1422 2345 1546 2385 cibum
1578 2346 1659 2385 aui-

139 2428 237 2454 mam
258 2414 464 2468 appellant,
499 2413 581 2453 sine
607 2427 679 2467 qua
704 2414 836 2454 vivere
859 2414 942 2454 illos
965 2429 1039 2454 non
1062 2428 1191 2469 posse,
1225 2415 1321 2468 quod
1349 2427 1368 2453 a
1392 2413 1551 2453 coelesti
1572 2428 1660 2454 rore

139 2489 342 2537 procreata
366 2488 521 2535 vegetet
544 2481 629 2521 illos
655 2495 699 2521 ac
723 2483 865 2522 foveat.
929 2481 1038 2537 Quae
1063 2498 1146 2523 cum
1173 2483 1216 2523 ad
1242 2482 1498 2535 cognitionem
1525 2496 1659 2536 perve-

141 2550 260 2601 nerit,
293 2564 337 2589 ac
363 2550 588 2604 baptismum
617 2549 805 2590 ecelesiae
836 2565 1051 2605 nomenque
1081 2548 1274 2601 Sabaoth,
1309 2550 1369 2604 qui
1401 2557 1536 2589 auctor
1563 2550 1658 2604 legis

141 2625 224 2668 est,
273 2618 477 2671 effugerit,
526 2618 570 2657 ad
608 2617 779 2671 singulos
815 2619 969 2659 evolare
1002 2619 1191 2659 coelestes
1227 2618 1365 2667 orbes,
1410 2631 1526 2672 seque
1562 2619 1656 2673 apud

144 2744 310 2775 Cornarius
323 2745 430 2774 vertit:
444 2761 487 2766 —
508 2742 594 2786 apud
608 2753 642 2773 se
659 2742 872 2782 accumulant,
964 2745 994 2775 ἵ).
1018 2741 1098 2777 εἶναι
1116 2746 1225 2783 scripsi
1243 2753 1279 2774 ex
1300 2744 1441 2774 Cor-narii
1460 2746 1549 2782 atque
1569 2745 1660 2775 Peta-
1682 2762 1695 2777 ι

142 2798 206 2830 quo
224 2787 257 2819 in
279 2787 502 2830 congressibus
519 2787 688 2819 videantur
706 2799 797 2819 suum
818 2800 871 2820 er—
916 2791 960 2821 vii
973 2791 1188 2821 emendatione.
1214 2790 1298 2819 Libri
1313 2790 1392 2819 enim
1406 2790 1514 2819 habent
1529 2787 1658 2821 εἰδέναι.

142 2844 247 2864 rorem
268 2844 326 2876 per
344 2833 463 2865 multos
482 2833 671 2865 confirmare
697 2839 729 2865 et
748 2833 780 2864 in
803 2845 872 2865 me·
963 2833 994 2867 6.
1019 2832 1240 2877 κεχρεκμμένοι
1258 2835 1323 2864 cod.
1341 2834 1435 2864 Vacic.
1471 2832 1658 2876 κεχραμμέ-

143 2877 231 2909 dium
255 2878 382 2910 afferre.
922 2891 984 2913 νων
1007 2882 1098 2919 vulgo
1121 2881 1278 2918 reperitur.

185 2920 216 2955 4.
235 2919 380 2964 ου’ρανών
398 2927 539 2965 rescripsi
555 2934 612 2964 pro
632 2920 778 2967 οὐρανὸν,
797 2926 878 2965 quod
969 2924 1000 2959 7.
1023 2921 1139 2958 ταυτὸν
1163 2925 1209 2955 ed.
1229 2925 1326 2963 princ.

142 2970 233 3009 vulgo
257 2972 346 3000 extat.
