<?xml version="1.0" encoding="UTF-8"?>
<!DOCTYPE html PUBLIC "-//W3C//DTD XHTML 1.0 Transitional//EN"
    "http://www.w3.org/TR/xhtml1/DTD/xhtml1-transitional.dtd">
<html xmlns="http://www.w3.org/1999/xhtml" xml:lang="en" lang="en">
 <head>
  <title>
</title>
<meta http-equiv="Content-Type" content="text/html;charset=utf-8" />
  <meta name='ocr-system' content='tesseract 3.04.00' />
  <meta name='ocr-capabilities' content='ocr_page ocr_carea ocr_par ocr_line ocrx_word'/>
</head>
<body>
  <div class='ocr_page' id='page_1' title='image "./p1corporishaereseo02epipuoft/p1corporishaereseo02epipuoft_0186.png"; bbox 0 0 2034 3267; ppageno 0'>
   <div class='ocr_carea' id='block_1_1' title="bbox 212 1808 364 1855">
    <p class='ocr_par' dir='ltr' id='par_1_1' title="bbox 212 1808 364 1855">
     <span class='ocr_line' id='line_1_1' title="bbox 212 1808 364 1855; baseline -0.033 -8"><span class='ocrx_word' id='word_1_1' title='bbox 212 1814 300 1855; x_wconf 77' lang='grc' dir='ltr'><em>Κεφ.</em></span> <span class='ocrx_word' id='word_1_2' title='bbox 324 1808 364 1844; x_wconf 78' lang='grc' dir='ltr'><em>δ’.</em></span> 
     </span>
    </p>
   </div>
   <div class='ocr_carea' id='block_1_2' title="bbox 249 2090 376 2128">
    <p class='ocr_par' dir='ltr' id='par_1_2' title="bbox 249 2090 376 2128">
     <span class='ocr_line' id='line_1_2' title="bbox 249 2090 376 2128; baseline -0.016 -10"><span class='ocrx_word' id='word_1_3' title='bbox 249 2099 316 2128; x_wconf 78' lang='lat' dir='ltr'><strong>pag.</strong></span> <span class='ocrx_word' id='word_1_4' title='bbox 333 2090 376 2116; x_wconf 76' lang='lat'><em>86.</em></span> 
     </span>
    </p>
   </div>
   <div class='ocr_carea' id='block_1_3' title="bbox 390 116 1344 154">
    <p class='ocr_par' dir='ltr' id='par_1_3' title="bbox 390 116 1344 154">
     <span class='ocr_line' id='line_1_3' title="bbox 390 116 1344 154; baseline -0.005 0"><span class='ocrx_word' id='word_1_5' title='bbox 390 116 466 154; x_wconf 78' lang='lat'><em>174</em></span> <span class='ocrx_word' id='word_1_6' title='bbox 942 117 1101 148; x_wconf 74' lang='lat' dir='ltr'>SANCTI</span> <span class='ocrx_word' id='word_1_7' title='bbox 1125 117 1344 149; x_wconf 77' lang='lat' dir='ltr'>EP1PHAN11</span> 
     </span>
    </p>
   </div>
   <div class='ocr_carea' id='block_1_4' title="bbox 383 190 1910 1724">
    <p class='ocr_par' dir='ltr' id='par_1_4' title="bbox 383 190 1910 1724">
     <span class='ocr_line' id='line_1_4' title="bbox 387 190 1902 252; baseline -0.003 -15"><span class='ocrx_word' id='word_1_8' title='bbox 387 211 526 252; x_wconf 82' lang='grc' dir='ltr'><em>ψαιμι,</em></span> <span class='ocrx_word' id='word_1_9' title='bbox 557 195 681 247; x_wconf 71' lang='grc' dir='ltr'><em>ὥςπερ</em></span> <span class='ocrx_word' id='word_1_10' title='bbox 703 194 923 245; x_wconf 83' lang='grc' dir='ltr'><em>βασιλίσκου</em></span> <span class='ocrx_word' id='word_1_11' title='bbox 944 190 1048 239; x_wconf 80' lang='grc' dir='ltr'><em>τινός</em></span> <span class='ocrx_word' id='word_1_12' title='bbox 1075 190 1203 241; x_wconf 79' lang='grc' dir='ltr'><em>ὄφεως</em></span> <span class='ocrx_word' id='word_1_13' title='bbox 1223 191 1267 233; x_wconf 81' lang='grc' dir='ltr'><em>τὸ</em></span> <span class='ocrx_word' id='word_1_14' title='bbox 1289 191 1509 246; x_wconf 77' lang='grc' dir='ltr'><strong><em>πρόςωπον,</em></strong></span> <span class='ocrx_word' id='word_1_15' title='bbox 1541 196 1594 243; x_wconf 84' lang='grc' dir='ltr'><em>εἷς</em></span> <span class='ocrx_word' id='word_1_16' title='bbox 1615 193 1739 247; x_wconf 95' lang='grc' dir='ltr'><em>λύμην</em></span> <span class='ocrx_word' id='word_1_17' title='bbox 1761 196 1902 246; x_wconf 79' lang='grc' dir='ltr'><em>μᾶλλον</em></span> 
     </span>
     <span class='ocr_line' id='line_1_5' title="bbox 386 255 1901 316; baseline -0.005 -8"><span class='ocrx_word' id='word_1_18' title='bbox 386 270 465 308; x_wconf 85' lang='grc' dir='ltr'><em>τῶν</em></span> <span class='ocrx_word' id='word_1_19' title='bbox 492 259 820 314; x_wconf 81' lang='grc' dir='ltr'><em>ἐντυγχανόντων,</em></span> <span class='ocrx_word' id='word_1_20' title='bbox 861 257 958 311; x_wconf 81' lang='grc' dir='ltr'><em>ἥπερ</em></span> <span class='ocrx_word' id='word_1_21' title='bbox 988 259 1042 306; x_wconf 84' lang='grc' dir='ltr'><em>εἷς</em></span> <span class='ocrx_word' id='word_1_22' title='bbox 1073 257 1299 311; x_wconf 81' lang='grc' dir='ltr'><em>διόρθωσιν.</em></span> <span class='ocrx_word' id='word_1_23' title='bbox 1360 263 1518 314; x_wconf 89' lang='grc' dir='ltr'><em>Χραίνει</em></span> <span class='ocrx_word' id='word_1_24' title='bbox 1546 262 1614 315; x_wconf 84' lang='grc' dir='ltr'><em>μὲν</em></span> <span class='ocrx_word' id='word_1_25' title='bbox 1644 260 1716 316; x_wconf 76' lang='grc' dir='ltr'><em>γάρ</em></span> <span class='ocrx_word' id='word_1_26' title='bbox 1746 259 1791 301; x_wconf 78' lang='grc' dir='ltr'><em>τοὶ</em></span> <span class='ocrx_word' id='word_1_27' title='bbox 1822 255 1901 301; x_wconf 79' lang='grc' dir='ltr'><em>ὦτα</em></span> 
     </span>
     <span class='ocr_line' id='line_1_6' title="bbox 387 324 1903 383; baseline -0.003 -11"><span class='ocrx_word' id='word_1_28' title='bbox 387 330 545 383; x_wconf 69' lang='grc' dir='ltr'><em>ἀληθῶς</em></span> <span class='ocrx_word' id='word_1_29' title='bbox 566 326 592 379; x_wconf 76' lang='grc' dir='ltr'><em>ἦ</em></span> <span class='ocrx_word' id='word_1_30' title='bbox 614 329 682 379; x_wconf 84' lang='grc' dir='ltr'><em>τῆς</em></span> <span class='ocrx_word' id='word_1_31' title='bbox 707 324 871 380; x_wconf 81' lang='grc' dir='ltr'><em>μεγάλης</em></span> <span class='ocrx_word' id='word_1_32' title='bbox 893 324 1034 377; x_wconf 79' lang='grc' dir='ltr'><em>τόλμης</em></span> <span class='ocrx_word' id='word_1_33' title='bbox 1057 324 1285 377; x_wconf 79' lang='grc' dir='ltr'><em>βλάσφημος</em></span> <span class='ocrx_word' id='word_1_34' title='bbox 1311 327 1534 380; x_wconf 83' lang='grc' dir='ltr'><em>συναγωγὴ,</em></span> <span class='ocrx_word' id='word_1_35' title='bbox 1574 329 1641 369; x_wconf 83' lang='grc' dir='ltr'><em>καὶ</em></span> <span class='ocrx_word' id='word_1_36' title='bbox 1662 333 1730 380; x_wconf 86' lang='grc' dir='ltr'><em>τῆς</em></span> <span class='ocrx_word' id='word_1_37' title='bbox 1754 325 1903 380; x_wconf 81' lang='grc' dir='ltr'><em>αἰσχρό-</em></span> 
     </span>
     <span class='ocr_line' id='line_1_7' title="bbox 386 390 1902 450; baseline -0.001 -14"><span class='ocrx_word' id='word_1_38' title='bbox 386 413 498 450; x_wconf 87' lang='grc' dir='ltr'><em>τητος</em></span> <span class='ocrx_word' id='word_1_39' title='bbox 522 392 620 445; x_wconf 82' lang='grc' dir='ltr'><em>αὖτή</em></span> <span class='ocrx_word' id='word_1_40' title='bbox 643 391 806 447; x_wconf 81' lang='grc' dir='ltr'><em>συλλογή</em></span> <span class='ocrx_word' id='word_1_41' title='bbox 830 409 868 432; x_wconf 90' lang='grc' dir='ltr'><em>τε</em></span> <span class='ocrx_word' id='word_1_42' title='bbox 891 393 955 433; x_wconf 84' lang='grc' dir='ltr'><em>καὶ</em></span> <span class='ocrx_word' id='word_1_43' title='bbox 977 391 1175 446; x_wconf 80' lang='grc' dir='ltr'><em>διήγησις,</em></span> <span class='ocrx_word' id='word_1_44' title='bbox 1204 393 1270 433; x_wconf 84' lang='grc' dir='ltr'><em>καὶ</em></span> <span class='ocrx_word' id='word_1_45' title='bbox 1292 390 1318 444; x_wconf 74' lang='grc' dir='ltr'><em>ἦ</em></span> <span class='ocrx_word' id='word_1_46' title='bbox 1340 396 1409 444; x_wconf 86' lang='grc' dir='ltr'><em>τῆς</em></span> <span class='ocrx_word' id='word_1_47' title='bbox 1431 390 1678 447; x_wconf 76' lang='grc' dir='ltr'><em>άγυρτῶδους</em></span> <span class='ocrx_word' id='word_1_48' title='bbox 1700 397 1902 448; x_wconf 82' lang='grc' dir='ltr'><em>αἰσχρουρ-</em></span> 
     </span>
     <span class='ocr_line' id='line_1_8' title="bbox 386 458 1902 519; baseline -0.001 -17"><span class='ocrx_word' id='word_1_49' title='bbox 386 467 470 519; x_wconf 87' lang='grc' dir='ltr'><em>γίας</em></span> <span class='ocrx_word' id='word_1_50' title='bbox 491 459 748 514; x_wconf 76' lang='grc' dir='ltr'><em>βορβορώδης</em></span> <span class='ocrx_word' id='word_1_51' title='bbox 768 458 969 501; x_wconf 80' lang='grc' dir='ltr'><strong><em>κακόνοια.</em></strong></span> <span class='ocrx_word' id='word_1_52' title='bbox 1031 458 1148 513; x_wconf 81' lang='grc' dir='ltr'><em>Παρά</em></span> <span class='ocrx_word' id='word_1_53' title='bbox 1167 474 1243 501; x_wconf 91' lang='grc' dir='ltr'><em>τισι</em></span> <span class='ocrx_word' id='word_1_54' title='bbox 1262 459 1302 500; x_wconf 80' lang='grc' dir='ltr'><em>δὲ</em></span> <span class='ocrx_word' id='word_1_55' title='bbox 1326 458 1443 510; x_wconf 84' lang='grc' dir='ltr'><em>φύσει</em></span> <span class='ocrx_word' id='word_1_56' title='bbox 1465 464 1721 515; x_wconf 86' lang='grc' dir='ltr'><em>Βορβοριανοὶ</em></span> <span class='ocrx_word' id='word_1_57' title='bbox 1743 466 1902 503; x_wconf 83' lang='grc' dir='ltr'><em>καλοῦν-</em></span> 
     </span>
     <span class='ocr_line' id='line_1_9' title="bbox 384 525 1904 584; baseline -0.002 -13"><span class='ocrx_word' id='word_1_58' title='bbox 384 547 468 579; x_wconf 84' lang='grc' dir='ltr'><em>ται,</em></span> <span class='ocrx_word' id='word_1_59' title='bbox 509 530 628 581; x_wconf 76' lang='grc' dir='ltr'><em>ἕτεροι</em></span> <span class='ocrx_word' id='word_1_60' title='bbox 655 527 696 568; x_wconf 82' lang='grc' dir='ltr'><em>δὲ</em></span> <span class='ocrx_word' id='word_1_61' title='bbox 721 525 966 575; x_wconf 83' lang='grc' dir='ltr'><em>Κοδδιανούς</em></span> <span class='ocrx_word' id='word_1_62' title='bbox 992 525 1134 575; x_wconf 72' lang='grc' dir='ltr'><em>αὐτούς</em></span> <span class='ocrx_word' id='word_1_63' title='bbox 1157 528 1442 579; x_wconf 84' lang='grc' dir='ltr'><em>ἐπιφημίζουσι.</em></span> <span class='ocrx_word' id='word_1_64' title='bbox 1502 528 1637 569; x_wconf 76' lang='grc' dir='ltr'><em>Κοδδοὶ</em></span> <span class='ocrx_word' id='word_1_65' title='bbox 1661 529 1734 584; x_wconf 75' lang='grc' dir='ltr'><em>γάρ</em></span> <span class='ocrx_word' id='word_1_66' title='bbox 1760 530 1904 583; x_wconf 87' lang='grc' dir='ltr'><em>λέγεται</em></span> 
     </span>
     <span class='ocr_line' id='line_1_10' title="bbox 383 592 1903 648; baseline -0.001 -10"><span class='ocrx_word' id='word_1_67' title='bbox 383 595 482 638; x_wconf 76' lang='grc' dir='ltr'><em>κατα</em></span> <span class='ocrx_word' id='word_1_68' title='bbox 500 594 570 648; x_wconf 79' lang='grc' dir='ltr'><em>τὴν</em></span> <span class='ocrx_word' id='word_1_69' title='bbox 588 592 790 648; x_wconf 78' lang='grc' dir='ltr'><em>Συριακὴν</em></span> <span class='ocrx_word' id='word_1_70' title='bbox 813 592 1010 635; x_wconf 84' lang='grc' dir='ltr'><em>διάλεκτον</em></span> <span class='ocrx_word' id='word_1_71' title='bbox 1030 595 1226 648; x_wconf 84' lang='grc' dir='ltr'><em>παροψὶς,</em></span> <span class='ocrx_word' id='word_1_72' title='bbox 1256 593 1282 647; x_wconf 79' lang='grc' dir='ltr'><em>ἢ</em></span> <span class='ocrx_word' id='word_1_73' title='bbox 1304 596 1495 648; x_wconf 89' lang='grc' dir='ltr'><em>τρυβλίον,</em></span> <span class='ocrx_word' id='word_1_74' title='bbox 1526 592 1603 635; x_wconf 79' lang='grc' dir='ltr'><em>άπὸ</em></span> <span class='ocrx_word' id='word_1_75' title='bbox 1621 601 1691 636; x_wconf 88' lang='grc' dir='ltr'><em>τοῦ</em></span> <span class='ocrx_word' id='word_1_76' title='bbox 1713 595 1764 648; x_wconf 84' lang='grc' dir='ltr'><em>μὴ</em></span> <span class='ocrx_word' id='word_1_77' title='bbox 1786 595 1903 636; x_wconf 87' lang='grc' dir='ltr'><em>δύνα-</em></span> 
     </span>
     <span class='ocr_line' id='line_1_11' title="bbox 385 659 1903 714; baseline -0.001 -9"><span class='ocrx_word' id='word_1_78' title='bbox 385 666 481 705; x_wconf 87' lang='grc' dir='ltr'><em>σθαί</em></span> <span class='ocrx_word' id='word_1_79' title='bbox 497 680 604 711; x_wconf 87' lang='grc' dir='ltr'><em>τινας</em></span> <span class='ocrx_word' id='word_1_80' title='bbox 624 660 699 714; x_wconf 78' lang='grc' dir='ltr'><em>μετ’</em></span> <span class='ocrx_word' id='word_1_81' title='bbox 718 660 846 702; x_wconf 73' lang='grc' dir='ltr'><em>αὐτῶν</em></span> <span class='ocrx_word' id='word_1_82' title='bbox 865 662 1026 711; x_wconf 82' lang='grc' dir='ltr'><em>ἐσθίειν,</em></span> <span class='ocrx_word' id='word_1_83' title='bbox 1045 659 1125 702; x_wconf 81' lang='grc' dir='ltr'><em>κατ’</em></span> <span class='ocrx_word' id='word_1_84' title='bbox 1148 663 1249 702; x_wconf 84' lang='grc' dir='ltr'><em>ἰδίαν</em></span> <span class='ocrx_word' id='word_1_85' title='bbox 1269 661 1310 702; x_wconf 84' lang='grc' dir='ltr'><em>δὲ</em></span> <span class='ocrx_word' id='word_1_86' title='bbox 1331 667 1411 709; x_wconf 88' lang='grc' dir='ltr'><em>τοῖς</em></span> <span class='ocrx_word' id='word_1_87' title='bbox 1429 662 1702 714; x_wconf 81' lang='grc' dir='ltr'><em>μεμιαμμένοις</em></span> <span class='ocrx_word' id='word_1_88' title='bbox 1721 665 1903 704; x_wconf 78' lang='grc' dir='ltr'><em>δίδοσθαι</em></span> 
     </span>
     <span class='ocr_line' id='line_1_12' title="bbox 385 726 1905 785; baseline -0.002 -12"><span class='ocrx_word' id='word_1_89' title='bbox 385 730 432 773; x_wconf 72' lang='grc' dir='ltr'><em>τά</em></span> <span class='ocrx_word' id='word_1_90' title='bbox 455 729 657 785; x_wconf 74' lang='grc' dir='ltr'><em>βρώματα.</em></span> <span class='ocrx_word' id='word_1_91' title='bbox 697 729 764 770; x_wconf 84' lang='grc' dir='ltr'><em>καὶ</em></span> <span class='ocrx_word' id='word_1_92' title='bbox 787 727 839 781; x_wconf 84' lang='grc' dir='ltr'><em>μή</em></span> <span class='ocrx_word' id='word_1_93' title='bbox 860 746 944 769; x_wconf 91' lang='grc' dir='ltr'><em>τινα</em></span> <span class='ocrx_word' id='word_1_94' title='bbox 966 727 1160 770; x_wconf 88' lang='grc' dir='ltr'><em>δύνασθαι</em></span> <span class='ocrx_word' id='word_1_95' title='bbox 1184 727 1256 769; x_wconf 79' lang='grc' dir='ltr'><em>σὺν</em></span> <span class='ocrx_word' id='word_1_96' title='bbox 1279 726 1412 776; x_wconf 72' lang='grc' dir='ltr'><em>αὐτοῖς</em></span> <span class='ocrx_word' id='word_1_97' title='bbox 1437 727 1502 769; x_wconf 78' lang='grc' dir='ltr'><em>διά</em></span> <span class='ocrx_word' id='word_1_98' title='bbox 1523 727 1591 769; x_wconf 81' lang='grc' dir='ltr'><em>τὸν</em></span> <span class='ocrx_word' id='word_1_99' title='bbox 1615 729 1808 782; x_wconf 74' lang='grc' dir='ltr'><em>μολυσμὸν</em></span> <span class='ocrx_word' id='word_1_100' title='bbox 1831 728 1905 771; x_wconf 65' lang='grc' dir='ltr'><em>κᾶν</em></span> 
     </span>
     <span class='ocr_line' id='line_1_13' title="bbox 386 793 1909 853; baseline -0.003 -12"><span class='ocrx_word' id='word_1_101' title='bbox 386 798 502 853; x_wconf 67' lang='grc' dir='ltr'><em>ἄρτον</em></span> <span class='ocrx_word' id='word_1_102' title='bbox 525 799 754 838; x_wconf 80' lang='grc' dir='ltr'><em>συνεσθίειν.</em></span> <span class='ocrx_word' id='word_1_103' title='bbox 815 794 891 836; x_wconf 86' lang='grc' dir='ltr'><em>Διά</em></span> <span class='ocrx_word' id='word_1_104' title='bbox 915 813 976 837; x_wconf 88' lang='grc' dir='ltr'><em>τοι</em></span> <span class='ocrx_word' id='word_1_105' title='bbox 998 801 1109 837; x_wconf 89' lang='grc' dir='ltr'><em>τοῦτο</em></span> <span class='ocrx_word' id='word_1_106' title='bbox 1132 793 1430 850; x_wconf 80' lang='grc' dir='ltr'><em>άφωρισμένους</em></span> <span class='ocrx_word' id='word_1_107' title='bbox 1452 794 1614 844; x_wconf 79' lang='grc' dir='ltr'><em>τούτους</em></span> <span class='ocrx_word' id='word_1_108' title='bbox 1639 794 1848 850; x_wconf 77' lang='grc' dir='ltr'><em>ἡγούμενοι</em></span> <span class='ocrx_word' id='word_1_109' title='bbox 1870 797 1909 838; x_wconf 83' lang='grc' dir='ltr'><em>οἵ</em></span> 
     </span>
     <span class='ocr_line' id='line_1_14' title="bbox 387 861 1906 920; baseline -0.003 -12"><span class='ocrx_word' id='word_1_110' title='bbox 387 866 633 919; x_wconf 88' lang='grc' dir='ltr'><em>συμμέτοικοι</em></span> <span class='ocrx_word' id='word_1_111' title='bbox 658 862 903 911; x_wconf 79' lang='grc' dir='ltr'><em>Κοδδιανοῦς</em></span> <span class='ocrx_word' id='word_1_112' title='bbox 927 862 1197 916; x_wconf 81' lang='grc' dir='ltr'><em>ἐπωνόμασαν,</em></span> <span class='ocrx_word' id='word_1_113' title='bbox 1251 865 1302 903; x_wconf 83' lang='grc' dir='ltr'><em>Οἱ</em></span> <span class='ocrx_word' id='word_1_114' title='bbox 1319 861 1430 904; x_wconf 78' lang='grc' dir='ltr'><em>αὐτοὶ</em></span> <span class='ocrx_word' id='word_1_115' title='bbox 1451 863 1491 904; x_wconf 83' lang='grc' dir='ltr'><em>δὲ</em></span> <span class='ocrx_word' id='word_1_116' title='bbox 1514 865 1554 904; x_wconf 81' lang='grc' dir='ltr'><em>ἐν</em></span> <span class='ocrx_word' id='word_1_117' title='bbox 1573 862 1762 920; x_wconf 78' lang='grc' dir='ltr'><em>Αἰγύπτῳ</em></span> <span class='ocrx_word' id='word_1_118' title='bbox 1783 869 1906 918; x_wconf 90' lang='grc' dir='ltr'><em>Στρα-</em></span> 
     </span>
     <span class='ocr_line' id='line_1_15' title="bbox 386 928 1906 984; baseline -0.003 -9"><span class='ocrx_word' id='word_1_119' title='bbox 386 933 557 974; x_wconf 87' lang='grc' dir='ltr'><em>τιωτικοὶ</em></span> <span class='ocrx_word' id='word_1_120' title='bbox 585 935 813 981; x_wconf 83' lang='grc' dir='ltr'><em>καλοῦνται,</em></span> <span class='ocrx_word' id='word_1_121' title='bbox 854 932 921 971; x_wconf 83' lang='grc' dir='ltr'><em>καὶ</em></span> <span class='ocrx_word' id='word_1_122' title='bbox 949 933 1200 983; x_wconf 84' lang='grc' dir='ltr'><em>Φιβιωνῖται,</em></span> <span class='ocrx_word' id='word_1_123' title='bbox 1243 929 1296 978; x_wconf 76' lang='grc' dir='ltr'><em>ῶς</em></span> <span class='ocrx_word' id='word_1_124' title='bbox 1325 928 1405 971; x_wconf 69' lang='grc' dir='ltr'><em>ἅνω</em></span> <span class='ocrx_word' id='word_1_125' title='bbox 1437 947 1502 982; x_wconf 91' lang='grc' dir='ltr'><em>μοι</em></span> <span class='ocrx_word' id='word_1_126' title='bbox 1532 932 1572 972; x_wconf 85' lang='grc' dir='ltr'><em>ἐν</em></span> <span class='ocrx_word' id='word_1_127' title='bbox 1602 931 1706 984; x_wconf 84' lang='grc' dir='ltr'><em>μέρει</em></span> <span class='ocrx_word' id='word_1_128' title='bbox 1730 932 1906 972; x_wconf 88' lang='grc' dir='ltr'><em>λέλεκται.</em></span> 
     </span>
     <span class='ocr_line' id='line_1_16' title="bbox 392 997 1908 1050; baseline -0.002 -8"><span class='ocrx_word' id='word_1_129' title='bbox 392 1001 502 1049; x_wconf 78' lang='grc' dir='ltr'><em>Τινὲς</em></span> <span class='ocrx_word' id='word_1_130' title='bbox 536 1000 577 1040; x_wconf 78' lang='grc' dir='ltr'><em>δὲ</em></span> <span class='ocrx_word' id='word_1_131' title='bbox 609 997 751 1046; x_wconf 74' lang='grc' dir='ltr'><em>αύτούς</em></span> <span class='ocrx_word' id='word_1_132' title='bbox 785 1000 1000 1050; x_wconf 81' lang='grc' dir='ltr'><em>Ζακχαίους</em></span> <span class='ocrx_word' id='word_1_133' title='bbox 1028 1003 1230 1048; x_wconf 86' lang='grc' dir='ltr'><em>καλοῦσιν,</em></span> <span class='ocrx_word' id='word_1_134' title='bbox 1270 997 1376 1038; x_wconf 72' lang='grc' dir='ltr'><em>ἄλλοι</em></span> <span class='ocrx_word' id='word_1_135' title='bbox 1407 997 1447 1038; x_wconf 81' lang='grc' dir='ltr'><em>δὲ</em></span> <span class='ocrx_word' id='word_1_136' title='bbox 1475 1000 1725 1050; x_wconf 84' lang='grc' dir='ltr'><em>Βαρβηλίτας.</em></span> <span class='ocrx_word' id='word_1_137' title='bbox 1769 997 1908 1050; x_wconf 60' lang='grc' dir='ltr'><em>’Ὀμως</em></span> 
     </span>
     <span class='ocr_line' id='line_1_17' title="bbox 387 1063 1907 1119; baseline -0.003 -9"><span class='ocrx_word' id='word_1_138' title='bbox 387 1069 470 1110; x_wconf 85' lang='grc' dir='ltr'><em>ἐπεὶ</em></span> <span class='ocrx_word' id='word_1_139' title='bbox 500 1065 592 1108; x_wconf 75' lang='grc' dir='ltr'><em>οὐδὲ</em></span> <span class='ocrx_word' id='word_1_140' title='bbox 626 1070 836 1118; x_wconf 77' lang='grc' dir='ltr'><em>παρελθεῖν</em></span> <span class='ocrx_word' id='word_1_141' title='bbox 862 1065 1077 1117; x_wconf 84' lang='grc' dir='ltr'><em>δυνήσομαι</em></span> <span class='ocrx_word' id='word_1_142' title='bbox 1107 1065 1198 1116; x_wconf 82' lang='grc' dir='ltr'><em>ὅλα,</em></span> <span class='ocrx_word' id='word_1_143' title='bbox 1239 1063 1499 1119; x_wconf 72' lang='grc' dir='ltr'><em>ἀναγκάζομαι</em></span> <span class='ocrx_word' id='word_1_144' title='bbox 1524 1067 1692 1114; x_wconf 78' lang='grc' dir='ltr'><em>ἐξειπεῖν.</em></span> <span class='ocrx_word' id='word_1_145' title='bbox 1750 1063 1907 1117; x_wconf 82' lang='grc' dir='ltr'><em>Ἐπειδὴ</em></span> 
     </span>
     <span class='ocr_line' id='line_1_18' title="bbox 385 1130 1908 1188; baseline -0.003 -12"><span class='ocrx_word' id='word_1_146' title='bbox 385 1137 452 1177; x_wconf 83' lang='grc' dir='ltr'><em>καὶ</em></span> <span class='ocrx_word' id='word_1_147' title='bbox 482 1132 504 1176; x_wconf 82' lang='grc' dir='ltr'>ὁ</span> <span class='ocrx_word' id='word_1_148' title='bbox 535 1133 644 1188; x_wconf 74' lang='grc' dir='ltr'><em>ἅγιος</em></span> <span class='ocrx_word' id='word_1_149' title='bbox 667 1137 848 1185; x_wconf 84' lang='grc' dir='ltr'><em>Μωϋσῆς</em></span> <span class='ocrx_word' id='word_1_150' title='bbox 872 1130 948 1173; x_wconf 73' lang='grc' dir='ltr'><em>άπὸ</em></span> <span class='ocrx_word' id='word_1_151' title='bbox 974 1131 1194 1185; x_wconf 86' lang='grc' dir='ltr'><em>πνεύματος</em></span> <span class='ocrx_word' id='word_1_152' title='bbox 1216 1130 1329 1187; x_wconf 79' lang='grc' dir='ltr'><em>ἇγίου</em></span> <span class='ocrx_word' id='word_1_153' title='bbox 1353 1131 1648 1186; x_wconf 79' lang='grc' dir='ltr'><em>ἐμφορούμενος</em></span> <span class='ocrx_word' id='word_1_154' title='bbox 1672 1131 1813 1187; x_wconf 88' lang='grc' dir='ltr'><em>γράφει</em></span> <span class='ocrx_word' id='word_1_155' title='bbox 1836 1131 1908 1182; x_wconf 80' lang='grc' dir='ltr'><em>ὅτι,</em></span> 
     </span>
     <span class='ocr_line' id='line_1_19' title="bbox 385 1198 1908 1257; baseline -0.003 -14"><span class='ocrx_word' id='word_1_156' title='bbox 385 1201 474 1243; x_wconf 81' lang='grc' dir='ltr'><em>Ἐάν</em></span> <span class='ocrx_word' id='word_1_157' title='bbox 500 1219 555 1249; x_wconf 91' lang='grc' dir='ltr'><em>τις</em></span> <span class='ocrx_word' id='word_1_158' title='bbox 585 1203 650 1257; x_wconf 78' lang='grc' dir='ltr'><em>ἴδῃ</em></span> <span class='ocrx_word' id='word_1_159' title='bbox 681 1199 805 1250; x_wconf 85' lang='grc' dir='ltr'><em>φόνον</em></span> <span class='ocrx_word' id='word_1_160' title='bbox 834 1201 898 1240; x_wconf 86' lang='grc' dir='ltr'><em>καὶ</em></span> <span class='ocrx_word' id='word_1_161' title='bbox 929 1198 979 1251; x_wconf 81' lang='grc' dir='ltr'><strong><em>μή</em></strong></span> <span class='ocrx_word' id='word_1_162' title='bbox 1011 1198 1233 1255; x_wconf 71' lang='grc' dir='ltr'><em>ἀναγγείλῃ,</em></span> <span class='ocrx_word' id='word_1_163' title='bbox 1276 1198 1554 1252; x_wconf 84' lang='grc' dir='ltr'><em>ἐπικατάρατος</em></span> <span class='ocrx_word' id='word_1_164' title='bbox 1582 1198 1603 1240; x_wconf 73' lang='grc' dir='ltr'>ὁ</span> <span class='ocrx_word' id='word_1_165' title='bbox 1632 1204 1808 1248; x_wconf 87' lang='grc' dir='ltr'><em>τοιοῦτος</em></span> <span class='ocrx_word' id='word_1_166' title='bbox 1837 1201 1908 1251; x_wconf 80' lang='grc' dir='ltr'><em>εἶή.</em></span> 
     </span>
     <span class='ocr_line' id='line_1_20' title="bbox 389 1264 1910 1322; baseline -0.001 -13"><span class='ocrx_word' id='word_1_167' title='bbox 389 1268 537 1322; x_wconf 86' lang='grc' dir='ltr'><em>Διόπερ</em></span> <span class='ocrx_word' id='word_1_168' title='bbox 567 1266 614 1308; x_wconf 83' lang='grc' dir='ltr'><em>ού</em></span> <span class='ocrx_word' id='word_1_169' title='bbox 643 1266 809 1319; x_wconf 86' lang='grc' dir='ltr'><em>δύναμαι</em></span> <span class='ocrx_word' id='word_1_170' title='bbox 840 1271 975 1306; x_wconf 88' lang='grc' dir='ltr'><em>τοῦτον</em></span> <span class='ocrx_word' id='word_1_171' title='bbox 1004 1264 1071 1306; x_wconf 76' lang='grc' dir='ltr'><em>τόν</em></span> <span class='ocrx_word' id='word_1_172' title='bbox 1095 1267 1212 1319; x_wconf 80' lang='grc' dir='ltr'><em>μέγαν</em></span> <span class='ocrx_word' id='word_1_173' title='bbox 1237 1264 1364 1315; x_wconf 88' lang='grc' dir='ltr'><em>φόνον</em></span> <span class='ocrx_word' id='word_1_174' title='bbox 1392 1268 1458 1306; x_wconf 84' lang='grc' dir='ltr'><em>καὶ</em></span> <span class='ocrx_word' id='word_1_175' title='bbox 1484 1265 1553 1318; x_wconf 79' lang='grc' dir='ltr'><em>τήν</em></span> <span class='ocrx_word' id='word_1_176' title='bbox 1578 1266 1741 1322; x_wconf 79' lang='grc' dir='ltr'><em>μεγάλην</em></span> <span class='ocrx_word' id='word_1_177' title='bbox 1765 1267 1910 1318; x_wconf 86' lang='grc' dir='ltr'><em>ταύτην</em></span> 
     </span>
     <span class='ocr_line' id='line_1_21' title="bbox 389 1330 1908 1388; baseline -0.002 -11"><span class='ocrx_word' id='word_1_178' title='bbox 389 1334 551 1388; x_wconf 78' lang='grc' dir='ltr'><em>φονῶδη</em></span> <span class='ocrx_word' id='word_1_179' title='bbox 582 1336 762 1387; x_wconf 79' lang='grc' dir='ltr'><em>ἐργασίαν</em></span> <span class='ocrx_word' id='word_1_180' title='bbox 793 1338 1003 1385; x_wconf 78' lang='grc' dir='ltr'><em>παρελθεῖν</em></span> <span class='ocrx_word' id='word_1_181' title='bbox 1032 1333 1098 1372; x_wconf 82' lang='grc' dir='ltr'><em>καὶ</em></span> <span class='ocrx_word' id='word_1_182' title='bbox 1129 1330 1214 1386; x_wconf 76' lang='grc' dir='ltr'><em>οὐχὶ</em></span> <span class='ocrx_word' id='word_1_183' title='bbox 1239 1335 1363 1384; x_wconf 88' lang='grc' dir='ltr'><em>δηλῶν</em></span> <span class='ocrx_word' id='word_1_184' title='bbox 1387 1335 1567 1385; x_wconf 83' lang='grc' dir='ltr'><em>δηλῶσαι.</em></span> <span class='ocrx_word' id='word_1_185' title='bbox 1625 1332 1812 1386; x_wconf 80' lang='grc' dir='ltr'><em>Δηλῶσας</em></span> <span class='ocrx_word' id='word_1_186' title='bbox 1836 1331 1908 1387; x_wconf 73' lang='grc' dir='ltr'><em>γάρ</em></span> 
     </span>
     <span class='ocr_line' id='line_1_22' title="bbox 388 1398 1909 1456; baseline -0.003 -12"><span class='ocrx_word' id='word_1_187' title='bbox 388 1405 483 1456; x_wconf 80' lang='grc' dir='ltr'><em>τάχα</em></span> <span class='ocrx_word' id='word_1_188' title='bbox 512 1407 592 1449; x_wconf 92' lang='grc' dir='ltr'><em>τοῖς</em></span> <span class='ocrx_word' id='word_1_189' title='bbox 621 1405 792 1447; x_wconf 88' lang='grc' dir='ltr'><em>συνετοῖς</em></span> <span class='ocrx_word' id='word_1_190' title='bbox 821 1398 864 1440; x_wconf 81' lang='grc' dir='ltr'>τὸ</span> <span class='ocrx_word' id='word_1_191' title='bbox 895 1403 1034 1452; x_wconf 91' lang='grc' dir='ltr'><em>πτῶμα</em></span> <span class='ocrx_word' id='word_1_192' title='bbox 1062 1403 1198 1449; x_wconf 86' lang='grc' dir='ltr'><em>τοῦτο,</em></span> <span class='ocrx_word' id='word_1_193' title='bbox 1241 1398 1365 1454; x_wconf 74' lang='grc' dir='ltr'><em>ὥςπερ</em></span> <span class='ocrx_word' id='word_1_194' title='bbox 1395 1399 1437 1441; x_wconf 85' lang='grc' dir='ltr'>τὸ</span> <span class='ocrx_word' id='word_1_195' title='bbox 1461 1401 1584 1454; x_wconf 83' lang='grc' dir='ltr'><em>φρέαρ</em></span> <span class='ocrx_word' id='word_1_196' title='bbox 1613 1405 1680 1453; x_wconf 87' lang='grc' dir='ltr'><em>τῆς</em></span> <span class='ocrx_word' id='word_1_197' title='bbox 1707 1400 1909 1450; x_wconf 73' lang='grc' dir='ltr'><em>ἀπωλείας,</em></span> 
     </span>
     <span class='ocr_line' id='line_1_23' title="bbox 391 1465 1909 1524; baseline -0.003 -13"><span class='ocrx_word' id='word_1_198' title='bbox 391 1470 517 1524; x_wconf 88' lang='grc' dir='ltr'><em>φόβον</em></span> <span class='ocrx_word' id='word_1_199' title='bbox 539 1469 604 1509; x_wconf 87' lang='grc' dir='ltr'><em>καὶ</em></span> <span class='ocrx_word' id='word_1_200' title='bbox 624 1470 753 1520; x_wconf 78' lang='grc' dir='ltr'><em>φρίξιν</em></span> <span class='ocrx_word' id='word_1_201' title='bbox 776 1466 987 1519; x_wconf 84' lang='grc' dir='ltr'><em>ἐμποιήσω,</em></span> <span class='ocrx_word' id='word_1_202' title='bbox 1019 1468 1072 1514; x_wconf 86' lang='grc' dir='ltr'><em>εἰς</em></span> <span class='ocrx_word' id='word_1_203' title='bbox 1093 1465 1134 1507; x_wconf 83' lang='grc' dir='ltr'><em>τὸ</em></span> <span class='ocrx_word' id='word_1_204' title='bbox 1156 1465 1207 1519; x_wconf 80' lang='grc' dir='ltr'><em>μή</em></span> <span class='ocrx_word' id='word_1_205' title='bbox 1227 1468 1346 1519; x_wconf 82' lang='grc' dir='ltr'><em>μόνον</em></span> <span class='ocrx_word' id='word_1_206' title='bbox 1367 1466 1586 1521; x_wconf 69' lang='grc' dir='ltr'><em>ἀποδρᾶναι</em></span> <span class='ocrx_word' id='word_1_207' title='bbox 1601 1466 1691 1516; x_wconf 75' lang='grc' dir='ltr'><em>τούς</em></span> <span class='ocrx_word' id='word_1_208' title='bbox 1713 1466 1909 1518; x_wconf 72' lang='grc' dir='ltr'><em>συνετούς,</em></span> 
     </span>
     <span class='ocr_line' id='line_1_24' title="bbox 389 1533 1909 1591; baseline -0.002 -13"><span class='ocrx_word' id='word_1_209' title='bbox 389 1536 480 1579; x_wconf 66' lang='grc' dir='ltr'><em>ἄλλα</em></span> <span class='ocrx_word' id='word_1_210' title='bbox 506 1537 570 1577; x_wconf 85' lang='grc' dir='ltr'><em>καὶ</em></span> <span class='ocrx_word' id='word_1_211' title='bbox 589 1533 847 1576; x_wconf 79' lang='grc' dir='ltr'><em>καταλιθάσαι</em></span> <span class='ocrx_word' id='word_1_212' title='bbox 868 1533 935 1575; x_wconf 83' lang='grc' dir='ltr'><em>τὸν</em></span> <span class='ocrx_word' id='word_1_213' title='bbox 961 1535 1000 1575; x_wconf 91' lang='grc' dir='ltr'><em>ἐν</em></span> <span class='ocrx_word' id='word_1_214' title='bbox 1020 1538 1072 1590; x_wconf 77' lang='grc' dir='ltr'><em>τῷ</em></span> <span class='ocrx_word' id='word_1_215' title='bbox 1096 1535 1288 1591; x_wconf 73' lang='grc' dir='ltr'><em>βαράθρῳ</em></span> <span class='ocrx_word' id='word_1_216' title='bbox 1309 1539 1448 1575; x_wconf 89' lang='grc' dir='ltr'><em>τοῦτον</em></span> <span class='ocrx_word' id='word_1_217' title='bbox 1468 1533 1621 1576; x_wconf 75' lang='grc' dir='ltr'><em>σκολιὸν</em></span> <span class='ocrx_word' id='word_1_218' title='bbox 1644 1534 1736 1586; x_wconf 76' lang='grc' dir='ltr'><em>ὅφιν</em></span> <span class='ocrx_word' id='word_1_219' title='bbox 1756 1536 1821 1575; x_wconf 87' lang='grc' dir='ltr'><em>καὶ</em></span> <span class='ocrx_word' id='word_1_220' title='bbox 1841 1537 1909 1588; x_wconf 87' lang='grc' dir='ltr'><em>βα-</em></span> 
     </span>
     <span class='ocr_line' id='line_1_25' title="bbox 390 1601 1908 1658; baseline -0.002 -13"><span class='ocrx_word' id='word_1_221' title='bbox 390 1607 570 1653; x_wconf 88' lang='grc' dir='ltr'><em>σιλίσκον,</em></span> <span class='ocrx_word' id='word_1_222' title='bbox 601 1604 654 1650; x_wconf 90' lang='grc' dir='ltr'><em>εἰς</em></span> <span class='ocrx_word' id='word_1_223' title='bbox 673 1601 714 1643; x_wconf 80' lang='grc' dir='ltr'><em>τὸ</em></span> <span class='ocrx_word' id='word_1_224' title='bbox 737 1601 831 1654; x_wconf 78' lang='grc' dir='ltr'><em>μηδὲ</em></span> <span class='ocrx_word' id='word_1_225' title='bbox 854 1602 1061 1654; x_wconf 83' lang='grc' dir='ltr'><em>πλησιάσαι</em></span> <span class='ocrx_word' id='word_1_226' title='bbox 1083 1601 1168 1642; x_wconf 76' lang='grc' dir='ltr'><em>τινα</em></span> <span class='ocrx_word' id='word_1_227' title='bbox 1188 1606 1342 1654; x_wconf 77' lang='grc' dir='ltr'><em>τολμᾶν.</em></span> <span class='ocrx_word' id='word_1_228' title='bbox 1394 1603 1473 1642; x_wconf 82' lang='grc' dir='ltr'><em>Καὶ</em></span> <span class='ocrx_word' id='word_1_229' title='bbox 1494 1607 1613 1643; x_wconf 88' lang='grc' dir='ltr'><em>ταῦτα</em></span> <span class='ocrx_word' id='word_1_230' title='bbox 1635 1603 1702 1656; x_wconf 80' lang='grc' dir='ltr'><em>μὲν</em></span> <span class='ocrx_word' id='word_1_231' title='bbox 1722 1601 1797 1656; x_wconf 79' lang='grc' dir='ltr'><em>ἤδη</em></span> <span class='ocrx_word' id='word_1_232' title='bbox 1818 1603 1908 1658; x_wconf 78' lang='grc' dir='ltr'><em>περὶ</em></span> 
     </span>
     <span class='ocr_line' id='line_1_26' title="bbox 390 1667 1563 1724; baseline -0.001 -12"><span class='ocrx_word' id='word_1_233' title='bbox 390 1670 519 1712; x_wconf 76' lang='grc' dir='ltr'><em>αὐτῶν</em></span> <span class='ocrx_word' id='word_1_234' title='bbox 549 1671 749 1724; x_wconf 81' lang='grc' dir='ltr'><em>εἰρημένα,</em></span> <span class='ocrx_word' id='word_1_235' title='bbox 781 1667 888 1723; x_wconf 77' lang='grc' dir='ltr'><em>ὀλίγα</em></span> <span class='ocrx_word' id='word_1_236' title='bbox 917 1667 1002 1710; x_wconf 75' lang='grc' dir='ltr'><em>τινα</em></span> <span class='ocrx_word' id='word_1_237' title='bbox 1033 1667 1144 1719; x_wconf 81' lang='grc' dir='ltr'><em>ὅντα,</em></span> <span class='ocrx_word' id='word_1_238' title='bbox 1175 1671 1216 1710; x_wconf 86' lang='grc' dir='ltr'><em>ἐν</em></span> <span class='ocrx_word' id='word_1_239' title='bbox 1245 1670 1351 1724; x_wconf 85' lang='grc' dir='ltr'><em>μέρει</em></span> <span class='ocrx_word' id='word_1_240' title='bbox 1378 1670 1563 1722; x_wconf 75' lang='grc' dir='ltr'><em>τετάχθω.</em></span> 
     </span>
    </p>
   </div>
   <div class='ocr_carea' id='block_1_5' title="bbox 392 1801 1913 2937">
    <p class='ocr_par' dir='ltr' id='par_1_5' title="bbox 392 1801 1913 2937">
     <span class='ocr_line' id='line_1_27' title="bbox 506 1801 1907 1857; baseline 0 -13"><span class='ocrx_word' id='word_1_241' title='bbox 506 1802 798 1857; x_wconf 86' lang='grc' dir='ltr'><em>Παρελεύσομαι</em></span> <span class='ocrx_word' id='word_1_242' title='bbox 822 1804 862 1844; x_wconf 83' lang='grc' dir='ltr'><em>δὲ</em></span> <span class='ocrx_word' id='word_1_243' title='bbox 883 1805 936 1852; x_wconf 87' lang='grc' dir='ltr'><em>εἰς</em></span> <span class='ocrx_word' id='word_1_244' title='bbox 956 1802 1023 1844; x_wconf 75' lang='grc' dir='ltr'><em>τὸν</em></span> <span class='ocrx_word' id='word_1_245' title='bbox 1046 1801 1155 1845; x_wconf 81' lang='grc' dir='ltr'><em>οἶκον</em></span> <span class='ocrx_word' id='word_1_246' title='bbox 1177 1808 1247 1845; x_wconf 90' lang='grc' dir='ltr'><em>τοῦ</em></span> <span class='ocrx_word' id='word_1_247' title='bbox 1268 1806 1398 1856; x_wconf 80' lang='grc' dir='ltr'><em>βυθοῦ</em></span> <span class='ocrx_word' id='word_1_248' title='bbox 1418 1808 1485 1856; x_wconf 87' lang='grc' dir='ltr'><em>τῆς</em></span> <span class='ocrx_word' id='word_1_249' title='bbox 1503 1802 1761 1852; x_wconf 79' lang='grc' dir='ltr'><em>θανατώδους</em></span> <span class='ocrx_word' id='word_1_250' title='bbox 1777 1801 1907 1845; x_wconf 78' lang='grc' dir='ltr'><em>αὐτῶν</em></span> 
     </span>
     <span class='ocr_line' id='line_1_28' title="bbox 392 1869 1907 1927; baseline -0.001 -13"><span class='ocrx_word' id='word_1_251' title='bbox 392 1871 612 1927; x_wconf 82' lang='grc' dir='ltr'><em>διηγήσεως.</em></span> <span class='ocrx_word' id='word_1_252' title='bbox 671 1870 875 1924; x_wconf 84' lang='grc' dir='ltr'><em>Διάφορος</em></span> <span class='ocrx_word' id='word_1_253' title='bbox 905 1869 976 1924; x_wconf 73' lang='grc' dir='ltr'><em>γάρ</em></span> <span class='ocrx_word' id='word_1_254' title='bbox 1004 1869 1092 1921; x_wconf 81' lang='grc' dir='ltr'><em>παρ’</em></span> <span class='ocrx_word' id='word_1_255' title='bbox 1115 1869 1248 1919; x_wconf 70' lang='grc' dir='ltr'><em>αὐτοῖς</em></span> <span class='ocrx_word' id='word_1_256' title='bbox 1280 1869 1302 1924; x_wconf 81' lang='grc' dir='ltr'><strong><em>ἧ</em></strong></span> <span class='ocrx_word' id='word_1_257' title='bbox 1330 1876 1398 1924; x_wconf 85' lang='grc' dir='ltr'><em>τῆς</em></span> <span class='ocrx_word' id='word_1_258' title='bbox 1425 1869 1570 1924; x_wconf 76' lang='grc' dir='ltr'><em>ἡδονῆς</em></span> <span class='ocrx_word' id='word_1_259' title='bbox 1598 1869 1726 1912; x_wconf 77' lang='grc' dir='ltr'><em>αὐτῶν</em></span> <span class='ocrx_word' id='word_1_260' title='bbox 1749 1873 1907 1912; x_wconf 84' lang='grc' dir='ltr'><em>κακοδι-</em></span> 
     </span>
     <span class='ocr_line' id='line_1_29' title="bbox 393 1937 1913 1993; baseline -0.002 -12"><span class='ocrx_word' id='word_1_261' title='bbox 393 1942 598 1989; x_wconf 89' lang='grc' dir='ltr'><em>δασκαλία,</em></span> <span class='ocrx_word' id='word_1_262' title='bbox 632 1938 690 1979; x_wconf 81' lang='grc' dir='ltr'><em>ὅτι</em></span> <span class='ocrx_word' id='word_1_263' title='bbox 714 1943 868 1992; x_wconf 84' lang='grc' dir='ltr'><em>πρῶτον</em></span> <span class='ocrx_word' id='word_1_264' title='bbox 893 1939 960 1990; x_wconf 77' lang='grc' dir='ltr'><em>μὲν</em></span> <span class='ocrx_word' id='word_1_265' title='bbox 984 1937 1117 1986; x_wconf 72' lang='grc' dir='ltr'><em>κοινάς</em></span> <span class='ocrx_word' id='word_1_266' title='bbox 1140 1937 1208 1987; x_wconf 77' lang='grc' dir='ltr'><em>τάς</em></span> <span class='ocrx_word' id='word_1_267' title='bbox 1230 1940 1377 1980; x_wconf 77' lang='grc' dir='ltr'><em>ἑαυτῶν</em></span> <span class='ocrx_word' id='word_1_268' title='bbox 1398 1944 1582 1993; x_wconf 89' lang='grc' dir='ltr'><em>γυναῖκας</em></span> <span class='ocrx_word' id='word_1_269' title='bbox 1607 1940 1756 1991; x_wconf 72' lang='grc' dir='ltr'><em>ἔχουσι,</em></span> <span class='ocrx_word' id='word_1_270' title='bbox 1786 1939 1852 1979; x_wconf 81' lang='grc' dir='ltr'><em>καὶ</em></span> <span class='ocrx_word' id='word_1_271' title='bbox 1876 1940 1913 1979; x_wconf 77' lang='grc' dir='ltr'><em>εἴ</em></span> 
     </span>
     <span class='ocr_line' id='line_1_30' title="bbox 392 2004 1908 2060; baseline -0.001 -12"><span class='ocrx_word' id='word_1_272' title='bbox 392 2025 449 2055; x_wconf 91' lang='grc' dir='ltr'><em>τις</em></span> <span class='ocrx_word' id='word_1_273' title='bbox 477 2008 583 2056; x_wconf 80' lang='grc' dir='ltr'><em>ξένος</em></span> <span class='ocrx_word' id='word_1_274' title='bbox 605 2007 857 2060; x_wconf 84' lang='grc' dir='ltr'><em>παραγένοιτο</em></span> <span class='ocrx_word' id='word_1_275' title='bbox 881 2010 950 2046; x_wconf 91' lang='grc' dir='ltr'><em>τοῦ</em></span> <span class='ocrx_word' id='word_1_276' title='bbox 973 2005 1100 2046; x_wconf 79' lang='grc' dir='ltr'><em>αὐτῶν</em></span> <span class='ocrx_word' id='word_1_277' title='bbox 1124 2005 1338 2060; x_wconf 85' lang='grc' dir='ltr'><em>δόγματος,</em></span> <span class='ocrx_word' id='word_1_278' title='bbox 1379 2005 1536 2058; x_wconf 86' lang='grc' dir='ltr'><em>σημεῖόν</em></span> <span class='ocrx_word' id='word_1_279' title='bbox 1561 2008 1638 2047; x_wconf 91' lang='grc' dir='ltr'><em>ἐστι</em></span> <span class='ocrx_word' id='word_1_280' title='bbox 1661 2004 1749 2060; x_wconf 85' lang='grc' dir='ltr'><em>παρ’</em></span> <span class='ocrx_word' id='word_1_281' title='bbox 1776 2004 1908 2053; x_wconf 76' lang='grc' dir='ltr'><em>αὐτοῖς</em></span> 
     </span>
     <span class='ocr_line' id='line_1_31' title="bbox 395 2071 1910 2129; baseline -0.001 -14"><span class='ocrx_word' id='word_1_282' title='bbox 395 2073 546 2129; x_wconf 71' lang='grc' dir='ltr'><em>ἀνδρῶν</em></span> <span class='ocrx_word' id='word_1_283' title='bbox 575 2072 673 2128; x_wconf 77' lang='grc' dir='ltr'><em>πρὸς</em></span> <span class='ocrx_word' id='word_1_284' title='bbox 700 2079 906 2128; x_wconf 90' lang='grc' dir='ltr'><em>γυναῖκας,</em></span> <span class='ocrx_word' id='word_1_285' title='bbox 944 2074 1008 2113; x_wconf 80' lang='grc' dir='ltr'><em>καὶ</em></span> <span class='ocrx_word' id='word_1_286' title='bbox 1037 2079 1231 2127; x_wconf 87' lang='grc' dir='ltr'><em>γυναικῶν</em></span> <span class='ocrx_word' id='word_1_287' title='bbox 1261 2071 1359 2128; x_wconf 74' lang='grc' dir='ltr'><em>πρὸς</em></span> <span class='ocrx_word' id='word_1_288' title='bbox 1383 2071 1545 2127; x_wconf 71' lang='grc' dir='ltr'><em>ἄνδρας,</em></span> <span class='ocrx_word' id='word_1_289' title='bbox 1586 2075 1627 2114; x_wconf 84' lang='grc' dir='ltr'><em>ἐν</em></span> <span class='ocrx_word' id='word_1_290' title='bbox 1654 2078 1707 2129; x_wconf 78' lang='grc' dir='ltr'><em>τῷ</em></span> <span class='ocrx_word' id='word_1_291' title='bbox 1733 2075 1910 2114; x_wconf 81' lang='grc' dir='ltr'><em>ἐκτείνειν</em></span> 
     </span>
     <span class='ocr_line' id='line_1_32' title="bbox 393 2138 1910 2195; baseline -0.002 -12"><span class='ocrx_word' id='word_1_292' title='bbox 393 2141 463 2195; x_wconf 82' lang='grc' dir='ltr'><em>τήν</em></span> <span class='ocrx_word' id='word_1_293' title='bbox 488 2147 613 2195; x_wconf 84' lang='grc' dir='ltr'><em>χεῖρα,</em></span> <span class='ocrx_word' id='word_1_294' title='bbox 644 2144 766 2194; x_wconf 82' lang='grc' dir='ltr'><em>δῆθεν</em></span> <span class='ocrx_word' id='word_1_295' title='bbox 787 2142 841 2188; x_wconf 87' lang='grc' dir='ltr'><em>εἰς</em></span> <span class='ocrx_word' id='word_1_296' title='bbox 863 2138 1084 2192; x_wconf 79' lang='grc' dir='ltr'><em>ἆσπασμόν,</em></span> <span class='ocrx_word' id='word_1_297' title='bbox 1114 2139 1371 2182; x_wconf 73' lang='grc' dir='ltr'><em>ὑποκάτωθεν</em></span> <span class='ocrx_word' id='word_1_298' title='bbox 1393 2145 1461 2193; x_wconf 83' lang='grc' dir='ltr'><em>τῆς</em></span> <span class='ocrx_word' id='word_1_299' title='bbox 1481 2139 1659 2192; x_wconf 87' lang='grc' dir='ltr'><em>παλάμης</em></span> <span class='ocrx_word' id='word_1_300' title='bbox 1681 2139 1910 2192; x_wconf 84' lang='grc' dir='ltr'><em>ψηλάφησίν</em></span> 
     </span>
     <span class='ocr_line' id='line_1_33' title="bbox 394 2205 1910 2263; baseline -0.002 -13"><span class='ocrx_word' id='word_1_301' title='bbox 394 2227 478 2250; x_wconf 89' lang='grc' dir='ltr'><em>τινα</em></span> <span class='ocrx_word' id='word_1_302' title='bbox 499 2213 759 2263; x_wconf 87' lang='grc' dir='ltr'><em>γαργαλισμοῦ</em></span> <span class='ocrx_word' id='word_1_303' title='bbox 785 2209 976 2260; x_wconf 85' lang='grc' dir='ltr'><em>ἐμποιεῖν,</em></span> <span class='ocrx_word' id='word_1_304' title='bbox 1015 2206 1079 2248; x_wconf 74' lang='grc' dir='ltr'><em>δια</em></span> <span class='ocrx_word' id='word_1_305' title='bbox 1109 2207 1250 2249; x_wconf 89' lang='grc' dir='ltr'><em>τούτου</em></span> <span class='ocrx_word' id='word_1_306' title='bbox 1283 2207 1563 2260; x_wconf 77' lang='grc' dir='ltr'><em>ύποφαίνοντες</em></span> <span class='ocrx_word' id='word_1_307' title='bbox 1593 2205 1646 2256; x_wconf 75' lang='grc' dir='ltr'><em>ῶς</em></span> <span class='ocrx_word' id='word_1_308' title='bbox 1678 2212 1747 2259; x_wconf 86' lang='grc' dir='ltr'><em>τῆς</em></span> <span class='ocrx_word' id='word_1_309' title='bbox 1781 2205 1910 2248; x_wconf 75' lang='grc' dir='ltr'><em>αὐτῶν</em></span> 
     </span>
     <span class='ocr_line' id='line_1_34' title="bbox 395 2272 1910 2332; baseline -0.003 -14"><span class='ocrx_word' id='word_1_310' title='bbox 395 2279 608 2332; x_wconf 81' lang='grc' dir='ltr'><em>θρησκείας</em></span> <span class='ocrx_word' id='word_1_311' title='bbox 628 2277 729 2317; x_wconf 89' lang='grc' dir='ltr'><em>ἐστὶν</em></span> <span class='ocrx_word' id='word_1_312' title='bbox 755 2273 777 2316; x_wconf 78' lang='grc' dir='ltr'>ὁ</span> <span class='ocrx_word' id='word_1_313' title='bbox 798 2273 1117 2329; x_wconf 82' lang='grc' dir='ltr'><em>παραγενόμενος.</em></span> <span class='ocrx_word' id='word_1_314' title='bbox 1175 2273 1380 2316; x_wconf 82' lang='grc' dir='ltr'><em>Ἐντεῦθεν</em></span> <span class='ocrx_word' id='word_1_315' title='bbox 1403 2274 1536 2317; x_wconf 81' lang='grc' dir='ltr'><em>λοιπὸν</em></span> <span class='ocrx_word' id='word_1_316' title='bbox 1560 2274 1777 2329; x_wconf 84' lang='grc' dir='ltr'><em>ἐπιγνόντες</em></span> <span class='ocrx_word' id='word_1_317' title='bbox 1800 2272 1910 2326; x_wconf 76' lang='grc' dir='ltr'><em>άλλη-</em></span> 
     </span>
     <span class='ocr_line' id='line_1_35' title="bbox 396 2341 1910 2398; baseline -0.003 -12"><span class='ocrx_word' id='word_1_318' title='bbox 396 2351 487 2393; x_wconf 90' lang='grc' dir='ltr'><em>λους</em></span> <span class='ocrx_word' id='word_1_319' title='bbox 504 2344 707 2398; x_wconf 85' lang='grc' dir='ltr'><em>τρέπονται</em></span> <span class='ocrx_word' id='word_1_320' title='bbox 723 2341 845 2391; x_wconf 76' lang='grc' dir='ltr'><em>εὐθύς</em></span> <span class='ocrx_word' id='word_1_321' title='bbox 862 2345 915 2391; x_wconf 86' lang='grc' dir='ltr'><em>εἰς</em></span> <span class='ocrx_word' id='word_1_322' title='bbox 933 2343 1107 2383; x_wconf 74' lang='grc' dir='ltr'><em>ἑστίασιν.</em></span> <span class='ocrx_word' id='word_1_323' title='bbox 1148 2348 1309 2396; x_wconf 82' lang='grc' dir='ltr'><em>Δαψιλῆ</em></span> <span class='ocrx_word' id='word_1_324' title='bbox 1333 2343 1374 2384; x_wconf 78' lang='grc' dir='ltr'><em>δὲ</em></span> <span class='ocrx_word' id='word_1_325' title='bbox 1391 2341 1437 2384; x_wconf 76' lang='grc' dir='ltr'><em>τά</em></span> <span class='ocrx_word' id='word_1_326' title='bbox 1460 2343 1645 2395; x_wconf 80' lang='grc' dir='ltr'><em>ἐδέσματα</em></span> <span class='ocrx_word' id='word_1_327' title='bbox 1662 2344 1910 2395; x_wconf 86' lang='grc' dir='ltr'><em>κρεωφαγίας</em></span> 
     </span>
     <span class='ocr_line' id='line_1_36' title="bbox 396 2408 1907 2465; baseline -0.003 -13"><span class='ocrx_word' id='word_1_328' title='bbox 396 2412 462 2453; x_wconf 82' lang='grc' dir='ltr'><em>καὶ</em></span> <span class='ocrx_word' id='word_1_329' title='bbox 487 2413 708 2459; x_wconf 84' lang='grc' dir='ltr'><em>οἰνοποσίας</em></span> <span class='ocrx_word' id='word_1_330' title='bbox 730 2411 1005 2465; x_wconf 80' lang='grc' dir='ltr'><em>παρατιθέασι,</em></span> <span class='ocrx_word' id='word_1_331' title='bbox 1037 2408 1109 2450; x_wconf 68' lang='grc' dir='ltr'><em>κᾶν</em></span> <span class='ocrx_word' id='word_1_332' title='bbox 1133 2411 1291 2463; x_wconf 82' lang='grc' dir='ltr'><em>πένητες</em></span> <span class='ocrx_word' id='word_1_333' title='bbox 1311 2408 1395 2451; x_wconf 79' lang='grc' dir='ltr'><em>εἶεν.</em></span> <span class='ocrx_word' id='word_1_334' title='bbox 1451 2408 1515 2451; x_wconf 82' lang='grc' dir='ltr'><em>Ἐκ</em></span> <span class='ocrx_word' id='word_1_335' title='bbox 1537 2408 1677 2450; x_wconf 83' lang='grc' dir='ltr'><em>τούτου</em></span> <span class='ocrx_word' id='word_1_336' title='bbox 1699 2408 1738 2449; x_wconf 81' lang='grc' dir='ltr'><em>δὲ</em></span> <span class='ocrx_word' id='word_1_337' title='bbox 1760 2423 1907 2460; x_wconf 84' lang='grc' dir='ltr'><em>συμπο·</em></span> 
     </span>
     <span class='ocr_line' id='line_1_37' title="bbox 397 2474 1909 2532; baseline -0.003 -13"><span class='ocrx_word' id='word_1_338' title='bbox 397 2478 594 2527; x_wconf 86' lang='grc' dir='ltr'><em>σιάσαντες</em></span> <span class='ocrx_word' id='word_1_339' title='bbox 615 2479 694 2528; x_wconf 86' lang='grc' dir='ltr'><em>καὶ,</em></span> <span class='ocrx_word' id='word_1_340' title='bbox 727 2476 779 2526; x_wconf 77' lang='grc' dir='ltr'><em>ῶς</em></span> <span class='ocrx_word' id='word_1_341' title='bbox 798 2479 890 2526; x_wconf 75' lang='grc' dir='ltr'><em>ἔπος</em></span> <span class='ocrx_word' id='word_1_342' title='bbox 908 2479 1040 2525; x_wconf 88' lang='grc' dir='ltr'><em>εἰπεῖν,</em></span> <span class='ocrx_word' id='word_1_343' title='bbox 1066 2475 1134 2524; x_wconf 77' lang='grc' dir='ltr'><em>τας</em></span> <span class='ocrx_word' id='word_1_344' title='bbox 1156 2479 1300 2530; x_wconf 85' lang='grc' dir='ltr'><em>φλέβας</em></span> <span class='ocrx_word' id='word_1_345' title='bbox 1319 2483 1386 2518; x_wconf 89' lang='grc' dir='ltr'><em>τοῦ</em></span> <span class='ocrx_word' id='word_1_346' title='bbox 1406 2476 1526 2532; x_wconf 83' lang='grc' dir='ltr'><em>κόρου</em></span> <span class='ocrx_word' id='word_1_347' title='bbox 1546 2474 1801 2529; x_wconf 84' lang='grc' dir='ltr'><em>ἐμπλήσαντες</em></span> <span class='ocrx_word' id='word_1_348' title='bbox 1823 2477 1909 2516; x_wconf 79' lang='grc' dir='ltr'><em>ἑαυ-</em></span> 
     </span>
     <span class='ocr_line' id='line_1_38' title="bbox 396 2540 1910 2600; baseline -0.004 -12"><span class='ocrx_word' id='word_1_349' title='bbox 396 2552 487 2597; x_wconf 88' lang='grc' dir='ltr'><em>τῶν,</em></span> <span class='ocrx_word' id='word_1_350' title='bbox 519 2548 571 2594; x_wconf 83' lang='grc' dir='ltr'><em>εἰς</em></span> <span class='ocrx_word' id='word_1_351' title='bbox 589 2544 742 2600; x_wconf 82' lang='grc' dir='ltr'><em>οἶστρον</em></span> <span class='ocrx_word' id='word_1_352' title='bbox 761 2546 974 2599; x_wconf 88' lang='grc' dir='ltr'><em>τρέπονται.</em></span> <span class='ocrx_word' id='word_1_353' title='bbox 1019 2545 1098 2584; x_wconf 87' lang='grc' dir='ltr'><em>Καὶ</em></span> <span class='ocrx_word' id='word_1_354' title='bbox 1119 2542 1140 2585; x_wconf 82' lang='grc' dir='ltr'>ὁ</span> <span class='ocrx_word' id='word_1_355' title='bbox 1160 2545 1228 2597; x_wconf 80' lang='grc' dir='ltr'><em>μὲν</em></span> <span class='ocrx_word' id='word_1_356' title='bbox 1251 2543 1348 2599; x_wconf 77' lang='grc' dir='ltr'><em>άνήρ</em></span> <span class='ocrx_word' id='word_1_357' title='bbox 1368 2550 1436 2597; x_wconf 84' lang='grc' dir='ltr'><em>τῆς</em></span> <span class='ocrx_word' id='word_1_358' title='bbox 1457 2542 1635 2599; x_wconf 73' lang='grc' dir='ltr'><em>γυναικὸς</em></span> <span class='ocrx_word' id='word_1_359' title='bbox 1654 2540 1910 2596; x_wconf 67' lang='grc' dir='ltr'><em>ὑποχωρήσας</em></span> 
     </span>
     <span class='ocr_line' id='line_1_39' title="bbox 398 2607 1908 2670; baseline -0.003 -15"><span class='ocrx_word' id='word_1_360' title='bbox 398 2613 538 2665; x_wconf 84' lang='grc' dir='ltr'><em>φάσκει</em></span> <span class='ocrx_word' id='word_1_361' title='bbox 557 2615 676 2668; x_wconf 85' lang='grc' dir='ltr'><em>λέγων</em></span> <span class='ocrx_word' id='word_1_362' title='bbox 694 2617 739 2670; x_wconf 81' lang='grc' dir='ltr'><em>τῇ</em></span> <span class='ocrx_word' id='word_1_363' title='bbox 760 2614 899 2653; x_wconf 80' lang='grc' dir='ltr'><em>ἑαυτοῦ</em></span> <span class='ocrx_word' id='word_1_364' title='bbox 916 2613 1067 2666; x_wconf 84' lang='grc' dir='ltr'><em>γυναικὶ</em></span> <span class='ocrx_word' id='word_1_365' title='bbox 1088 2611 1160 2661; x_wconf 77' lang='grc' dir='ltr'><em>ὅτι,</em></span> <span class='ocrx_word' id='word_1_366' title='bbox 1185 2611 1359 2661; x_wconf 81' lang='grc' dir='ltr'><em>Ἀνάστα,</em></span> <span class='ocrx_word' id='word_1_367' title='bbox 1386 2613 1518 2666; x_wconf 84' lang='grc' dir='ltr'><em>λέγων,</em></span> <span class='ocrx_word' id='word_1_368' title='bbox 1547 2613 1711 2662; x_wconf 90' lang='grc' dir='ltr'><em>ποίησον</em></span> <span class='ocrx_word' id='word_1_369' title='bbox 1728 2609 1797 2662; x_wconf 80' lang='grc' dir='ltr'><em>τήν</em></span> <span class='ocrx_word' id='word_1_370' title='bbox 1816 2607 1908 2664; x_wconf 77' lang='grc' dir='ltr'><em>ἆγά-</em></span> 
     </span>
     <span class='ocr_line' id='line_1_40' title="bbox 397 2674 1909 2734; baseline -0.003 -12"><span class='ocrx_word' id='word_1_371' title='bbox 397 2698 475 2733; x_wconf 92' lang='grc' dir='ltr'><em>πην</em></span> <span class='ocrx_word' id='word_1_372' title='bbox 504 2680 597 2734; x_wconf 73' lang='grc' dir='ltr'><em>μετα</em></span> <span class='ocrx_word' id='word_1_373' title='bbox 625 2685 694 2722; x_wconf 88' lang='grc' dir='ltr'><em>τοῦ</em></span> <span class='ocrx_word' id='word_1_374' title='bbox 725 2679 905 2731; x_wconf 71' lang='grc' dir='ltr'><em>ἀδελφοῦ.</em></span> <span class='ocrx_word' id='word_1_375' title='bbox 967 2681 1018 2720; x_wconf 83' lang='grc' dir='ltr'><em>Οἱ</em></span> <span class='ocrx_word' id='word_1_376' title='bbox 1045 2679 1086 2720; x_wconf 83' lang='grc' dir='ltr'><em>δὲ</em></span> <span class='ocrx_word' id='word_1_377' title='bbox 1114 2678 1269 2728; x_wconf 87' lang='grc' dir='ltr'><em>τάλανες</em></span> <span class='ocrx_word' id='word_1_378' title='bbox 1292 2680 1461 2734; x_wconf 84' lang='grc' dir='ltr'><em>μιγέντες</em></span> <span class='ocrx_word' id='word_1_379' title='bbox 1483 2677 1654 2731; x_wconf 70' lang='grc' dir='ltr'><em>ἀλλήλοις</em></span> <span class='ocrx_word' id='word_1_380' title='bbox 1681 2702 1736 2708; x_wconf 92' lang='grc'>-</span> <span class='ocrx_word' id='word_1_381' title='bbox 1764 2678 1830 2718; x_wconf 84' lang='grc' dir='ltr'><em>καὶ</em></span> <span class='ocrx_word' id='word_1_382' title='bbox 1854 2674 1909 2725; x_wconf 71' lang='grc' dir='ltr'><em>ὥς</em></span> 
     </span>
     <span class='ocr_line' id='line_1_41' title="bbox 399 2742 1905 2801; baseline -0.003 -13"><span class='ocrx_word' id='word_1_383' title='bbox 399 2749 462 2789; x_wconf 82' lang='grc' dir='ltr'><em>ἐπὶ</em></span> <span class='ocrx_word' id='word_1_384' title='bbox 485 2747 669 2800; x_wconf 74' lang='grc' dir='ltr'><em>ἀληθείας</em></span> <span class='ocrx_word' id='word_1_385' title='bbox 693 2746 918 2800; x_wconf 82' lang='grc' dir='ltr'><em>αἰσχύνομαι</em></span> <span class='ocrx_word' id='word_1_386' title='bbox 939 2748 1057 2787; x_wconf 83' lang='grc' dir='ltr'><em>εἰπεῖν</em></span> <span class='ocrx_word' id='word_1_387' title='bbox 1085 2746 1132 2787; x_wconf 76' lang='grc' dir='ltr'><em>τά</em></span> <span class='ocrx_word' id='word_1_388' title='bbox 1156 2746 1262 2801; x_wconf 72' lang='grc' dir='ltr'><em>παρὰ</em></span> <span class='ocrx_word' id='word_1_389' title='bbox 1284 2753 1365 2795; x_wconf 91' lang='grc' dir='ltr'><em>τοῖς</em></span> <span class='ocrx_word' id='word_1_390' title='bbox 1387 2745 1520 2794; x_wconf 73' lang='grc' dir='ltr'><em>αὐτοῖς</em></span> <span class='ocrx_word' id='word_1_391' title='bbox 1539 2742 1674 2799; x_wconf 67' lang='grc' dir='ltr'><em>αἰσχροὶ</em></span> <span class='ocrx_word' id='word_1_392' title='bbox 1697 2743 1905 2798; x_wconf 88' lang='grc' dir='ltr'><em>πραττόμε-</em></span> 
     </span>
     <span class='ocr_line' id='line_1_42' title="bbox 398 2810 1906 2870; baseline -0.003 -14"><span class='ocrx_word' id='word_1_393' title='bbox 398 2833 466 2865; x_wconf 87' lang='grc' dir='ltr'><em>να,</em></span> <span class='ocrx_word' id='word_1_394' title='bbox 507 2814 603 2856; x_wconf 73' lang='grc' dir='ltr'><em>κατὰ</em></span> <span class='ocrx_word' id='word_1_395' title='bbox 627 2814 694 2856; x_wconf 75' lang='grc' dir='ltr'><em>τὸν</em></span> <span class='ocrx_word' id='word_1_396' title='bbox 717 2814 826 2870; x_wconf 68' lang='grc' dir='ltr'><em>ἅγιον</em></span> <span class='ocrx_word' id='word_1_397' title='bbox 848 2812 1060 2855; x_wconf 68' lang='grc' dir='ltr'><em>ἀπόστολον</em></span> <span class='ocrx_word' id='word_1_398' title='bbox 1081 2813 1162 2864; x_wconf 76' lang='grc' dir='ltr'><em>ὅτι,</em></span> <span class='ocrx_word' id='word_1_399' title='bbox 1209 2813 1263 2855; x_wconf 71' lang='grc' dir='ltr'><em>Τά</em></span> <span class='ocrx_word' id='word_1_400' title='bbox 1285 2812 1375 2869; x_wconf 82' lang='grc' dir='ltr'><em>παρ’</em></span> <span class='ocrx_word' id='word_1_401' title='bbox 1398 2811 1529 2861; x_wconf 76' lang='grc' dir='ltr'><em>αὐτοῖς</em></span> <span class='ocrx_word' id='word_1_402' title='bbox 1551 2810 1731 2867; x_wconf 85' lang='grc' dir='ltr'><em>γινόμενα</em></span> <span class='ocrx_word' id='word_1_403' title='bbox 1753 2811 1906 2866; x_wconf 84' lang='grc' dir='ltr'><em>αἰσχρόν</em></span> 
     </span>
     <span class='ocr_line' id='line_1_43' title="bbox 400 2877 1904 2937; baseline -0.003 -13"><span class='ocrx_word' id='word_1_404' title='bbox 400 2883 478 2924; x_wconf 84' lang='grc' dir='ltr'><em>ἐστι</em></span> <span class='ocrx_word' id='word_1_405' title='bbox 501 2883 563 2923; x_wconf 77' lang='grc' dir='ltr'><em>καὶ</em></span> <span class='ocrx_word' id='word_1_406' title='bbox 586 2883 725 2936; x_wconf 87' lang='grc' dir='ltr'><em>λέγειν,</em></span> <span class='ocrx_word' id='word_1_407' title='bbox 766 2881 872 2935; x_wconf 77' lang='grc' dir='ltr'><em>ὅμως</em></span> <span class='ocrx_word' id='word_1_408' title='bbox 896 2879 968 2923; x_wconf 73' lang='grc' dir='ltr'><em>οὐκ</em></span> <span class='ocrx_word' id='word_1_409' title='bbox 989 2882 1186 2934; x_wconf 82' lang='grc' dir='ltr'><em>αἰσχυνθῶ</em></span> <span class='ocrx_word' id='word_1_410' title='bbox 1208 2883 1328 2937; x_wconf 88' lang='grc' dir='ltr'><em>λέγειν</em></span> <span class='ocrx_word' id='word_1_411' title='bbox 1352 2880 1377 2922; x_wconf 72' lang='grc' dir='ltr'>ἃ</span> <span class='ocrx_word' id='word_1_412' title='bbox 1399 2878 1509 2922; x_wconf 73' lang='grc' dir='ltr'><em>αὐτοὶ</em></span> <span class='ocrx_word' id='word_1_413' title='bbox 1532 2884 1658 2921; x_wconf 87' lang='grc' dir='ltr'><em>ποιεῖν</em></span> <span class='ocrx_word' id='word_1_414' title='bbox 1681 2877 1754 2920; x_wconf 79' lang='grc' dir='ltr'><em>οὐκ</em></span> <span class='ocrx_word' id='word_1_415' title='bbox 1779 2877 1904 2932; x_wconf 83' lang='grc' dir='ltr'><em>αἰσχύ-</em></span> 
     </span>
    </p>
   </div>
  </div>
 </body>
</html>
