2034 3267
486 182 661 214 PANARII
690 184 770 214 LIB.
792 185 815 215 1.
842 184 946 215 TOM.
970 185 1009 215 H.
1036 184 1164 216 HAER.
1184 185 1350 217 XXXIII.
1599 179 1676 220 423

156 263 279 305 sibilis
304 262 384 303 suis
410 268 569 312 evocat,
614 262 670 303 sic
694 262 797 303 illum
823 261 976 303 Floram
1004 263 1126 305 literis
1149 264 1364 314 excivisse,
1409 279 1451 305 ac
1476 273 1549 305 tam
1575 280 1674 317 eam,

157 345 266 386 quam
293 336 444 371 ceteros
473 330 509 369 in
537 330 706 371 fraudem
734 331 943 384 impulisse.
1005 330 1090 372 Nos
1115 339 1239 372 autem
1266 340 1510 388 posteaquam
1536 335 1676 375 verita-

156 399 204 439 tis
226 399 324 438 hune
348 412 513 452 sagena,
551 398 658 438 cuius
682 398 928 439 similitudine
951 399 1118 439 coeleste
1142 400 1177 439 in
1204 401 1406 455 evaugelio
1429 415 1585 456 regnum
1609 403 1675 442 do-

154 466 279 506 minus
303 466 521 520 expressit,
556 466 744 506 irretitum
769 466 982 515 tenuimus,
1016 474 1129 520 atque
1154 481 1174 507 e
1197 468 1383 508 malorum
1407 469 1564 523 piscium
1587 484 1674 512 esse

155 547 315 574 numero
342 534 713 584 demonstravimus,
757 533 842 573 dum
868 533 1042 573 sincerae
1071 534 1155 574 {idei
1184 535 1355 576 doctrina
1382 536 1548 591 impuras
1576 538 1674 579 illius

154 615 271 642 voces
297 601 491 651 elisimus,
539 602 678 642 obtrito
711 600 769 640 dei
802 615 872 655 ope
899 601 1174 655 profligatoque
1199 610 1393 653 monstro,
1438 606 1598 658 primum
1623 606 1673 646 illi

155 676 317 723 quantas
352 683 552 724 possumus
586 670 730 722 gratias
764 668 969 718 habemus,
1016 668 1151 709 deinde
1182 670 1226 709 ad
1258 677 1407 710 ceteras
1437 672 1592 725 eodem,
1634 680 1675 714 ut

154 737 344 787 diximus,
379 738 472 792 pede
503 737 661 791 gradum
696 736 892 776 faciemus.

458 827 571 858 LIBRI
599 825 722 857 PRlMl
747 826 898 858 TOMUS
925 825 1157 874 SECUNDUS
1183 826 1368 860 DESINIT.

156 939 352 984 Καρχαρίας
370 949 433 972 una
453 949 521 972 cnm
542 937 751 981 σμυραίναις,
777 942 804 970 et
823 939 894 969 aliis
983 938 1014 971 2.
1040 943 1086 970 An
1107 938 1394 981 προκαλούμενοςῗ)

153 986 337 1024 quibusdam
368 987 445 1016 inter
474 987 636 1016 venenatos
665 986 763 1023 pisces
791 985 893 1015 retulit
981 982 1012 1016 3.
1035 985 1081 1016 lta
1095 986 1301 1022 reponendum
1316 988 1416 1026 ulique
1432 989 1497 1019 erat
1511 996 1569 1028 pro
1587 983 1672 1032 η’τῆ-

153 1031 348 1070 Epiphanius
369 1039 464 1070 supra
488 1030 571 1061 haer.
592 1028 645 1061 30.
657 1052 667 1068 ,
692 1038 761 1069 cap.
782 1030 835 1060 ult.
937 1039 1060 1072 σαμεν,
1083 1031 1164 1070 quod
1187 1031 1256 1061 libri
1277 1032 1411 1063 retinent.
