2034 3267
445 116 622 148 PANARH
646 118 727 149 Lm.
747 119 769 150 1.
794 119 900 151 ΤοΜ.
919 121 958 152 11.
983 120 1111 153 HAER.
1132 123 1295 156 xxviii.
1550 120 1629 159 225

103 201 231 235 stante
261 201 406 244 morte,
450 194 483 235 si
507 195 657 248 quidem
687 196 948 238 catechumeni
976 199 1073 250 sint,
1115 214 1158 241 ea
1182 216 1248 256 spe
1276 202 1365 243 freti
1388 217 1498 244 sacra
1521 206 1626 246 lava-

100 262 206 301 tione
234 269 467 315 purgantur‚
513 277 557 302 ac
580 270 750 304 mortuos
776 272 1020 306 surrecturos
1051 280 1138 308 esse
1164 269 1449 322 demonstrant,
1491 272 1538 312 ob
1568 274 1624 313 id-

102 343 174 382 que
207 330 488 369 condonatione
519 330 582 369 illa
612 330 799 371 scelerum
832 346 926 385 quae
957 347 1025 386 per
1051 333 1278 389 baptismum
1306 339 1500 379 obtinetur
1526 341 1623 380 indi—

98 409 206 449 gere.
270 394 347 437 Sed
373 397 521 436 illorum
551 397 611 436 alii
642 398 806 437 nondum
833 396 1029 439 Christum
1052 404 1274 444 surrexisse
1300 407 1542 459 praedicant,
1577 423 1621 449 ac

99 477 182 502 cum
216 465 380 503 caeteris
417 464 591 504 omnibus
625 478 711 504 esse
741 472 1025 516 surrecturum,
1072 469 1136 507 alii
1167 479 1339 513 mortuos
1375 482 1620 517 surrecturos

97 543 260 583 unquam
296 532 463 571 funditus
497 538 652 585 negant.
723 529 856 583 ltaque
894 533 1056 573 medium
1094 537 1280 588 quoddam
1316 540 1390 579 iter
1418 542 1618 595 ingressus

96 598 292 650 apostolus
327 613 410 637 cum
442 605 624 651 utrosque
658 597 765 646 illos,
811 604 887 636 tum
918 599 1087 652 reliquas
1114 616 1247 643 omnes
1275 605 1456 648 haereses
1484 612 1616 651 eadem

96 677 211 718 opera
235 666 436 714 disturbat,
470 679 553 705 cum
578 665 622 703 de
644 670 880 703 mortuorum
907 666 1145 707 excitatione
1167 670 1346 724 disputat,
1380 682 1494 729 atque
1515 679 1617 719 eius·

95 732 194 771 modi
220 733 448 772 testimoniis
472 732 590 771 utitur
610 730 745 783 quibus
768 731 988 784 singillatim
1012 736 1202 788 expositis
1226 746 1462 781 mortuorum
1486 757 1616 784 resur-

93 799 303 839 rectionem
329 814 371 839 ae
396 799 554 838 salutem
580 804 617 836 et
641 811 746 851 spem
772 805 942 838 nostram
967 800 1210 843 solidissimis
1237 806 1452 847 rationibus
1476 813 1615 851 confir-

93 873 194 914 mat,
230 867 286 906 his
313 866 463 906 verbis:
507 867 658 915 Oportet
679 867 746 903 lzoc
769 867 1010 917 corruptibile
1033 871 1186 908 iuduere
1209 874 1541 924 incorruptionem,
1578 888 1615 917 et
1639 891 1710 921 thid.

89 935 157 971 hoc
182 937 334 972 mortale
357 935 506 972 iuduere
526 934 849 970 immortalitatem.
911 933 972 973 Ac
999 949 1166 988 rursum,
1206 941 1380 979 Christus
1401 950 1614 984 resurre.1·2'c

86 1004 274 1051 prz‘nu‘lz'ae
293 1001 561 1044 dormientium,
598 1005 636 1037 ut
655 999 850 1039 ambarum
875 1000 1099 1042 haereseum
1121 1007 1442 1059 respondentibus
1465 1010 1536 1050 sibi
1561 1026 1613 1053 ex

91 1068 253 1108 adverso
287 1065 528 1120 opinionibus
563 1066 759 1106 convulsis
792 1081 924 1107 veram
955 1082 999 1108 ac
1032 1070 1224 1111 sinceram
1252 1070 1497 1117 Christianae
1525 1079 1610 1119 fidei

89 1135 319 1189 disciplinam
349 1133 396 1172 iis
429 1132 597 1172 traderet
627 1134 689 1187 qui
719 1134 885 1175 divinam
920 1136 1120 1178 veritatem
1153 1139 1436 1196 salutaremque
1468 1146 1609 1186 doctri-

87 1215 170 1242 nam
202 1201 342 1241 vellent
372 1201 585 1254 percipere.

193 1266 385 1320 Quocirca
414 1268 676 1322 deprehensus
704 1269 871 1323 undique
897 1268 1106 1312 Corinthus
1137 1287 1183 1314 ac
1210 1277 1409 1318 convictus
1432 1286 1601 1328 tenetur,
1631 1286 1708 1330 Cap.
1735 1291 1804 1324 VH.

80 1350 152 1378 una
177 1350 259 1375 cum
285 1335 356 1386 iis,
401 1335 464 1389 qui
490 1336 623 1375 eodem
655 1336 693 1376 in
718 1350 852 1377 errore
876 1347 1105 1391 versantur,
1147 1340 1323 1383 infelices
1348 1344 1521 1388 homines
1546 1356 1603 1388 at—

80 1418 150 1459 que
181 1403 349 1443 eiusdem
381 1416 510 1442 secum
549 1403 657 1442 exitii
696 1404 778 1444 aliis
810 1404 968 1459 insuper
997 1414 1176 1448 auctores
1208 1411 1344 1465 quippe
1385 1427 1467 1454 cum
1509 1416 1602 1457 haec

77 1472 202 1512 omnia
232 1484 366 1510 sacrae
396 1470 530 1510 literae
558 1471 758 1525 perspicue
786 1479 1041 1526 accurateque
1069 1475 1179 1516 nobis
1205 1478 1436 1521 edisserant.
1496 1482 1598 1523 Nam

75 1552 199 1593 neque
232 1539 278 1578 de
308 1536 463 1591 losephi
493 1539 640 1578 semine
672 1546 784 1579 uatus
824 1546 881 1579 est
912 1537 1112 1582 Christus:
1158 1544 1221 1597 qui
1253 1546 1353 1586 enim
1385 1550 1597 1603 prodigium

75 1613 205 1661 posset
236 1605 336 1646 illius
369 1619 456 1645 esse
487 1605 710 1659 generatio,
759 1621 804 1645 ac
835 1608 933 1660 quod
966 1608 1012 1647 ab
1047 1607 1149 1650 isaia
1179 1611 1320 1653 dictum
1352 1622 1411 1655 est
1443 1617 1594 1670 probari

73 1674 227 1714 omnino
252 1673 407 1727 posset?
464 1676 641 1711 Dominus
664 1677 740 1724 ipse
762 1675 864 1712 (labit
887 1676 987 1714 vobis
1008 1679 1178 1727 Signum:
1219 1682 1319 1719 Ecce
1342 1686 1448 1733 virgo
1472 1689 1594 1723 couci·
1612 1699 1690 1727 Esai.
1711 1703 1736 1737 τ,
1754 1705 1791 1732 1⁴.

68 1745 165 1794 piet,
208 1748 246 1779 et
261 1742 525 1792 parietfilium
553 1747 626 1780 etc.
690 1739 864 1793 Quanam
889 1755 985 1782 vero
1010 1744 1158 1785 ratione
1184 1747 1313 1800 perlici
1338 1751 1479 1802 poterit
1501 1751 1591 1791 illud

71 1809 168 1862 quod
195 1806 365 1848 Gabrieli
391 1808 499 1861 virgo
524 1806 766 1847 sanctissima
793 1808 912 1848 dixit:
956 1812 1140 1860 Quomodo
1156 1815 1235 1864 fiet
1259 1818 1377 1863 istud,
1421 1822 1590 1868 quoniam
1610 1834 1672 1861 Luc
1695 1838 1772 1871 nsi.

71 1879 188 1914 virum
208 1890 279 1914 non
301 1879 512 1926 cognosco?
569 1872 644 1914 Cui
667 1875 730 1914 ille
753 1877 972 1930 respondit:
1005 1881 1170 1930 Spiritus
1189 1890 1340 1920 sanctus
1359 1890 1593 1934 superveniet

69 1947 106 1982 in
133 1951 186 1990 te,
230 1951 269 1980 et
287 1945 405 1981 virtus
428 1945 603 1981 altissimi
620 1943 850 1982 obumbrabit
871 1945 941 2002 tibi
965 1951 1040 1986 etc.
1101 1945 1244 1987 Nonne
1274 1949 1427 1990 illorum
1458 1965 1510 1992 ex
1534 1967 1587 2002 ‘eo

66 2009 222 2052 stultitia
253 2010 361 2050 facile
393 2010 657 2058 convincitur,
701 2010 797 2062 quod
830 2011 972 2052 diserte
1001 2012 1038 2051 in
1064 2014 1267 2067 evangelio
1292 2017 1476 2071 scriptum
1509 2028 1583 2070 est,

65 2082 217 2117 Inventa
247 2085 302 2116 cst
331 2080 367 2116 iu
394 2085 498 2115 utero
524 2078 659 2115 habeus
686 2085 878 2130 autequam
906 2084 1168 2119 convenirent?
1224 2080 1320 2122 lllud
1347 2092 1473 2126 autem
1499 2102 1583 2128 cer·
1603 2103 1710 2133 Manli.

65 2145 252 2186 tissimum
277 2151 359 2194 est,
402 2158 594 2198 nunquam
617 2144 702 2184 illos
729 2146 883 2185 omnino
909 2148 1153 2186 convenisse.
1215 2149 1330 2189 Absit
1355 2153 1454 2192 enim
1482 2162 1522 2194 ut
1546 2157 1581 2195 id
1617 2139 1639 2171 ¹³
1660 2140 1698 2165 ’δ’

65 2227 228 2266 unquam
251 2212 435 2252 dicamus.
497 2212 654 2264 Alioqui
677 2226 758 2251 cum
781 2212 820 2252 in
840 2226 952 2253 cruce
976 2214 1180 2267 penderet,
1214 2230 1289 2256 non
1312 2227 1446 2259 sancto
1467 2219 1581 2262 loan-

61 2281 123 2330 ni,
165 2279 226 2333 qui
258 2286 297 2319 et
323 2279 406 2333 ipse
439 2279 693 2332 virginitatem
720 2280 910 2329 servavit,
955 2287 1113 2320 matrem
1142 2284 1429 2325 commendaret
1452 2302 1576 2340 suam,

62 2362 147 2388 eum
167 2346 220 2386 ita
242 2347 391 2386 locutus
415 2355 495 2386 est:
527 2349 625 2384 Ecce
644 2354 760 2385 mater
782 2354 857 2385 tua.
912 2346 964 2387 Et
985 2348 1086 2387 illam
1108 2348 1331 2403 alloquens:
1356 2356 1578 2406 Eccefilius
1598 2366 1697 2416 ronna.

63 2423 158 2454 tuus.
224 2413 334 2454 Hanc
357 2414 457 2453 enim
482 2413 540 2453 vel
564 2413 736 2466 cognatis
759 2414 837 2454 suis
860 2415 1098 2455 committere
1120 2418 1301 2469 oportuit,
1334 2420 1395 2460 vel
1423 2419 1575 2477 losephi
1597 2402 1637 2436 Μ’
1656 2403 1697 2430 H'

59 2481 211 2530 liberis,
244 2480 277 2521 si
306 2495 401 2534 quos
427 2495 477 2520 ex
504 2481 584 2534 ipsa
610 2480 838 2532 sustulerat,
872 2490 961 2536 puta
990 2481 1156 2534 lacobo,
1191 2482 1302 2535 lose,
1335 2484 1476 2540 Iudae,
1511 2489 1574 2531 Si-

58 2549 206 2599 meoni,
251 2563 345 2602 quos
375 2547 560 2602 losephus
589 2547 663 2586 alia
689 2561 740 2587 ex
766 2562 889 2588 uxore
913 2558 1114 2602 genuerat.
1174 2550 1313 2605 Neque
1340 2554 1440 2595 enim
1467 2557 1571 2598 illum

60 2630 142 2655 cum
164 2614 293 2656 Maria
317 2614 567 2655 consuevisse
589 2615 664 2654 ullo
689 2615 798 2655 modo
822 2617 1049 2670 reperimus,
1082 2625 1327 2672 posteaquam
1350 2621 1571 2679 incorrupta

58 2681 118 2722 illa
144 2689 181 2722 et
204 2682 417 2722 castissima
442 2681 552 2735 virgo
579 2681 737 2736 peperit.
797 2682 941 2723 Verum
966 2685 1011 2724 de
1036 2685 1092 2724 his
1117 2686 1190 2726 alio
1214 2686 1252 2726 in
1274 2688 1372 2729 libro
1393 2701 1571 2733 accurate

57 2749 318 2800 tractavimus,
343 2749 666 2801 tractabimusque
686 2756 832 2802 postea.
885 2749 1039 2791 interim
1063 2753 1133 2792 hoc
1156 2754 1192 2792 iu
1212 2754 1297 2794 loco
1317 2770 1435 2808 pauca
1454 2773 1570 2812 quae-

59 2814 140 2854 dam
172 2816 217 2856 de
247 2817 317 2857 hoc
342 2823 566 2870 argumento
595 2816 700 2855 velut
724 2816 847 2857 obiter
871 2819 1088 2871 attigimus,
1131 2834 1178 2860 ne
1206 2822 1292 2861 dum
1317 2824 1401 2864 aliis
1424 2828 1568 2867 mederi

58 2883 245 2923 morsibus
276 2884 434 2937 aliisque
465 2882 666 2924 venenatis
693 2885 933 2937 serpentibus
965 2886 1175 2927 remedium
1206 2889 1343 2930 afferre
1375 2893 1564 2945 volumus,

127 2946 238 2982 Corpus
257 2948 431 2976 Haereseol.
450 2949 486 2976 11.
1251 2960 1299 2998 15
