2034 3267
559 178 616 209 AD
642 179 887 212 EPISTOLAM
911 181 1051 213 ACACll
1079 183 1135 215 ET
1159 183 1300 215 PAULI.
1584 213 1585 216 ,
1635 179 1685 216 19

173 256 361 310 quondam
392 255 639 308 habuissent,
672 258 754 298 sive
785 266 996 314 tyrannos,
1040 268 1102 301 aut
1134 261 1471 315 praestigiatoreS‚
1511 266 1573 319 qui
1602 281 1682 308 me-

171 323 354 364 morabile
380 324 552 377 quiddam
580 324 616 364 in
647 325 724 365 vita
758 327 929 366 fecerant
954 341 999 367 ac
1031 328 1261 369 fortitudinis
1288 336 1326 370 et
1353 331 1504 372 roboris
1532 333 1681 375 illustre

170 391 364 444 specimen
405 391 625 442 ediderant,
673 392 879 445 depingere
922 395 1114 434 coloribus
1156 403 1193 435 et
1232 397 1446 440 assimilare
1486 400 1676 442 solebant.

167 454 311 497 Postea
334 472 429 498 vero
452 458 497 498 ab
525 458 654 498 Thare
676 457 792 513 patris
813 458 995 500 Abraami
1022 468 1192 515 tempore
1221 463 1434 506 simulacris
1466 481 1511 508 ac
1543 470 1678 511 statuis

169 526 329 564 eundem
355 539 523 564 errorem
544 525 780 565 idololatriae
805 534 1075 580 propagarunt.
1138 527 1287 584 Quippe
1316 534 1486 587 majores
1511 549 1603 577 suns
1624 538 1677 577 si-

165 591 346 631 mulacris
378 592 622 632 ¹ionestantes
652 605 696 631 ac
727 599 897 632 mortuos
924 593 1084 647 primum
1122 603 1204 635 arte
1235 598 1362 651 figlina
1391 607 1535 643 statuas
1572 605 1674 645 effin-

162 666 321 709 xerunt,
347 667 422 698 tum
449 660 493 698 ad
516 672 647 698 omnes
670 665 773 698 artes
794 658 962 699 imitandi
988 663 1162 714 pervenit
1185 662 1385 706 industria.
1428 667 1529 709 Nam
1554 678 1593 711 et
1614 686 1675 712 ar-

163 726 315 765 chitecti
352 726 466 765 sectis
504 725 709 779 lapidibuS‚
743 726 950 778 argentarii
978 734 1015 766 et
1038 728 1240 780 aurifices,
1274 745 1344 772 nec
1375 748 1451 774 non
1483 738 1578 778 fabri
1604 753 1675 781 sua

163 792 300 846 quique
318 792 490 840 materia,
512 805 554 830 ac
571 791 706 845 reliqui
727 792 908 847 deinceps
929 793 1072 845 effigies
1091 796 1210 835 moliti
1233 805 1337 838 sunt.
1368 798 1487 841 Primi
1506 806 1670 846 omnium

161 860 344 914 Aegyptii
368 873 411 898 ac
430 857 649 912 Babylonii,
683 872 754 899 nec
778 873 853 899 non
877 858 1070 915 Phryges,
1103 876 1148 902 ac
1171 861 1387 906 Phoenices
1414 871 1672 922 superstitiosi

161 928 283 967 cultus
303 934 339 966 et
359 925 646 966 simulacrorum
680 939 723 965 ae
754 927 1025 981 mysteriorum
1051 937 1230 971 auctores
1251 933 1480 975 extiterunt.
1530 938 1567 977 A
1592 941 1673 992 qui-

161 995 230 1034 bus
254 994 429 1048 pleraque
451 998 539 1030 sunt
561 993 606 1032 ad
629 993 803 1033 Graecos
826 995 1024 1045 translata,
1057 997 1130 1036 iam
1152 1005 1227 1037 tum
1250 999 1295 1038 ab
1318 1008 1444 1043 aetate
1467 1000 1668 1060 Cecropis,

162 1068 200 1101 et
220 1059 412 1112 deinceps.
455 1056 599 1098 Postea
621 1074 714 1099 vero
735 1060 849 1114 longo
865 1062 1015 1102 demum
1036 1063 1240 1105 intervallo
1257 1065 1482 1121 Saturnum,
1503 1070 1670 1124 Rheam,

159 1127 311 1175 lovem,
344 1124 587 1179 Apollinem,
621 1140 664 1166 ac
695 1127 863 1181 reliquos
892 1129 985 1169 deos
1016 1130 1213 1172 celebrare
1244 1143 1468 1189 coeperunt.

266 1192 407 1232 Graeci
437 1206 575 1232 nomen
605 1194 650 1233 ab
674 1193 837 1235 Hellene
861 1197 1022 1250 quodam
1049 1198 1174 1238 sortiti
1199 1207 1310 1251 sunt,
1344 1203 1407 1256 qui
1437 1203 1476 1244 in
1504 1203 1671 1247 Graecia

155 1262 297 1315 degens
323 1260 355 1299 ei
378 1259 526 1312 regioni
551 1261 842 1314 appellationem
867 1263 1015 1304 indidit.
1080 1263 1180 1306 Sunt
1204 1268 1266 1320 qui
1292 1268 1337 1308 ab
1362 1269 1485 1322 elaea,
1518 1274 1589 1314 hoc
1611 1282 1671 1315 est

153 1329 268 1377 oliva,
295 1341 389 1381 quae
404 1327 567 1367 Athenis
589 1335 727 1369 exorta
751 1336 825 1379 est,
853 1338 1092 1384 nuncupatos
1117 1347 1203 1373 esse
1227 1336 1361 1377 velint.
1403 1336 1528 1380 Huius
1550 1355 1669 1394 gene-

151 1395 204 1436 ris
231 1403 409 1435 auctores
448 1409 492 1434 ac
519 1395 736 1436 conditores
769 1395 880 1437 lones
919 1399 1098 1448 fuerunt,
1140 1407 1183 1439 ut
1207 1414 1258 1441 ex
1283 1405 1521 1446 accuratiore
1547 1407 1667 1449 histo-

150 1464 206 1503 ria
231 1469 397 1511 constat,
432 1462 492 1515 qui
517 1462 562 1501 ab
588 1461 702 1502 lavan
727 1465 889 1517 quodam
913 1465 1089 1519 appellati
1114 1476 1226 1517 sunt,
1261 1483 1335 1509 uno
1357 1484 1409 1510 ex
1430 1472 1476 1511 iis
1498 1473 1561 1527 qui
1586 1482 1664 1516 tur·
1683 1490 1752 1520 Luc.
1774 1492 1799 1529 3,
1818 1495 1860 1522 3⁰.

148 1531 219 1571 rim
245 1537 521 1570 extruxerunt.
565 1527 689 1582 Quam
713 1531 759 1570 ob
786 1546 960 1572 caussam
984 1531 1167 1587 Meropes
1196 1548 1329 1576 omnes
1354 1539 1482 1579 vocati
1509 1543 1663 1583 suntab

149 1598 336 1638 divisione
364 1597 593 1650 linguarum.
654 1596 795 1637 Postea
822 1613 916 1639 vero
947 1599 1226 1641 recentioribus
1255 1605 1489 1658 temporibus
1510 1607 1663 1652 Graeca

149 1663 370 1720 superstitio
408 1671 534 1704 certas
573 1664 609 1703 in
641 1665 821 1706 haereses
852 1679 896 1706 ac
923 1673 1049 1706 sectas
1082 1667 1195 1718 abiit,
1230 1676 1362 1723 utputa
1393 1670 1661 1729 Pythagoreo-

147 1748 252 1782 rum,
288 1731 535 1781 Stoicorum,
577 1730 885 1782 Platonicorum,
916 1730 1195 1787 Epicureorum
1226 1744 1300 1778 etc.
1361 1737 1511 1781 Eodem
1543 1758 1659 1797 porro

146 1807 317 1854 tempore
345 1798 495 1853 propria
528 1799 648 1839 forma
680 1814 723 1839 ac
753 1807 843 1839 nota
876 1813 992 1839 verae
1027 1800 1178 1853 pietatis
1209 1811 1247 1843 et
1281 1805 1480 1860 religionis
1512 1811 1655 1861 extitit,

143 1882 218 1907 una
244 1882 326 1906 cum
348 1867 432 1919 lege
453 1872 627 1915 naturae,
653 1880 748 1919 quae
769 1866 814 1905 ab
841 1867 986 1920 origine
1008 1869 1136 1908 mundi
1163 1884 1250 1910 sese
1272 1873 1318 1912 ab
1341 1874 1414 1914 illis
1438 1876 1655 1920 nationibus

143 1941 327 1989 perpetuo
354 1933 589 1986 segregavit,
623 1934 666 1972 ad
690 1933 785 1973 hanc
812 1947 930 1987 usque
952 1934 1076 1986 diem,
1110 1936 1213 1977 inter
1236 1939 1461 1992 barbaram,
1497 1942 1652 2000 Scythi-

142 2016 222 2042 cam
248 2000 512 2054 Graecamque
535 2001 843 2054 superstitionem
864 2001 1082 2053 interiecta,
1116 2005 1237 2046 donec
1259 2021 1342 2047 cum
1364 2008 1547 2052 Abraami
1571 2013 1651 2068 pie-

140 2076 218 2109 tate
250 2069 405 2108 coaluit.

249 2133 322 2176 lV.
355 2134 455 2175 Tum
477 2149 570 2175 vero
596 2133 805 2175 Iudaismus
829 2135 874 2175 ab
888 2135 1072 2177 Abraami
1100 2141 1332 2194 temporibus
1353 2145 1542 2199 propriam
1570 2148 1648 2188 for-

138 2217 236 2244 mam
261 2203 441 2257 adeptus,
476 2217 520 2242 ac
545 2216 611 2256 per
632 2200 820 2256 Moysen,
853 2204 898 2243 ab
920 2203 1116 2245 Abraamo
1147 2208 1371 2261 septimum,
1404 2225 1449 2251 ac
1471 2213 1593 2267 legem
1624 2230 1646 2256 a

138 2271 208 2310 deo
231 2270 405 2310 traditam
428 2270 690 2324 amplificatus,
725 2276 761 2309 et
785 2270 830 2309 ab
854 2269 968 2321 luda,
1002 2279 1136 2326 quarto
1157 2271 1284 2316 Iacobi
1307 2277 1408 2329 filio,
1441 2280 1503 2333 qui
1529 2289 1567 2321 et
1586 2280 1644 2323 ls-

135 2338 216 2378 rae‘l
236 2337 451 2377 nominatus
474 2344 553 2385 est,
587 2350 654 2390 per
677 2334 884 2389 Davidem,
919 2339 979 2392 qui
1014 2339 1156 2393 primus
1180 2355 1200 2381 e
1230 2343 1328 2383 tribu
1363 2342 1454 2386 Iuda
1480 2361 1640 2402 regnum

135 2411 335 2445 assecutus
356 2411 435 2455 est,
469 2403 675 2457 perfectum
699 2400 876 2444 Iudaismi
901 2420 1039 2446 nomen
1062 2407 1238 2448 obtinuit.
1298 2409 1511 2467 Perspicue
1537 2416 1637 2457 enim

134 2472 329 2526 apostolus
352 2472 397 2511 de
426 2469 481 2511 lV
518 2470 589 2509 illis
624 2470 845 2512 haeresibus
877 2473 1093 2514 summatim
1126 2475 1286 2530 loquens
1315 2477 1390 2519 ista
1423 2481 1541 2523 dixit:
1593 2488 1636 2524 Iu
1657 2498 1772 2536 eota,
1793 2502 1832 2530 11.

135 2542 280 2578 Christo
304 2542 396 2578 enim
421 2541 504 2577 Iesu
523 2552 638 2588 neque
659 2539 858 2587 barbarus,
892 2555 1007 2592 neque
1026 2544 1186 2593 Scytha,
1219 2559 1334 2597 neque
1356 2549 1539 2598 Graecus,
1572 2566 1635 2591 ne-

131 2622 200 2658 que
227 2609 408 2653 Iudaeus,
442 2607 506 2643 sed
533 2619 624 2643 nova
654 2613 837 2645 creatura.

241 2672 479 2714 Graecorum
512 2685 624 2725 porro
654 2671 725 2712 ista
755 2681 843 2713 sunt
872 2675 1112 2717 discrimina:

241 2739 291 2780 V.
323 2738 573 2794 Pythagorei,
600 2738 682 2779 sive
702 2737 964 2795 Peripatetici,
988 2744 1188 2784 monadem
1210 2751 1249 2785 et
1270 2747 1546 2800 providentiam
1568 2767 1629 2795 as-

171 2850 224 2885 68.
248 2852 436 2893 κεραμικῆς
468 2852 535 2882 cod.
567 2852 693 2891 Rhediy.
727 2854 754 2882 et
783 2853 853 2885 edit.
897 2856 932 2886 1η
953 2856 1104 2896 Anaceph.
1127 2852 1351 2897 επίαἰἼωνος.
1385 2863 1476 2902 Apud
1495 2866 1628 2897 Pseudo-

126 2898 224 2935 princ.
249 2896 453 2938 κεραμεικῆς
475 2897 545 2928 edit.
568 2897 674 2926 Petav.
902 2900 1060 2940 Oriyenem
1079 2902 1240 2942 p09.533.
1263 2905 1309 2936 ed.
1331 2907 1408 2937 Mill.
1431 2904 1559 2942 Ἰωύαν.

171 2939 225 2974 69.
247 2937 383 2975 Ἰωϋνᾶν
405 2942 471 2973 cod,
483 2941 610 2980 Rhediy.
629 2943 655 2972 et
674 2941 743 2973 edit.
754 2944 853 2982 princ.

1294 3005 1359 3047 2*
