2034 3267
459 128 634 160 PANARII
658 129 777 160 LlB.I.
802 130 907 161 TOM.
931 130 971 160 Il.
998 129 1122 160 HAER.
1142 129 1274 159 XXXI.
1551 120 1628 159 305

123 222 168 248 eo
193 207 275 262 ipso
299 207 458 261 quadam
480 213 611 261 posset
640 208 850 262 sapientiae
873 207 956 248 luce
980 208 1175 262 perfundi,
1209 221 1256 247 ne
1279 221 1321 247 58
1344 213 1446 247 tuam
1472 207 1516 247 ad
1542 207 1628 247 sab-

121 275 196 316 bati
224 275 530 316 observationem
555 277 879 326 accommodaret,
913 290 956 316 ac
981 289 1048 330 per
1073 276 1153 316 eius
1176 289 1197 315 a
1223 289 1295 329 quo
1328 280 1430 315 esset
1452 281 1624 325 sanatus,

121 355 259 382 nomeu
287 343 357 382 hoc
382 342 568 383 disceret:
617 346 716 382 Tolle
745 345 944 395 grabatum
975 351 1095 391 tuum,
1129 352 1164 382 el
1187 346 1274 382 vade
1300 346 1336 382 in
1362 345 1503 381 domum
1530 350 1773 394 tuamloann.5‚
1785 361 1823 388 12.

119 411 282 449 sabbato.
330 407 513 450 Ceterum
535 410 605 451 hoc
626 426 646 451 a
670 411 779 451 nobis
801 418 914 450 antea
941 418 1276 451 commemoratum
1301 418 1374 460 est,
1409 410 1469 464 qui
1493 424 1543 450 ex
1563 410 1627 450 illa

119 484 223 518 secta
247 484 356 526 sunt,
400 491 467 518 eos
492 480 595 519 varie
631 479 675 518 de
703 476 858 519 Christo
884 478 1043 517 sentire.
1103 477 1204 518 Nam
1240 479 1337 532 quod
1369 478 1414 517 ad
1438 476 1625 518 Ebionem

118 544 240 598 ipsum
262 545 447 599 pertinet,
482 559 626 586 merum
652 546 753 585 illum
786 544 974 584 hominem
1010 559 1061 584 ex
1094 544 1257 585 humano
1290 545 1493 586 concubitu
1525 552 1627 600 putat

119 625 207 652 esse
231 619 472 666 prognatum.
534 613 588 653 At
609 613 671 666 qui
692 611 879 652 Ebionaei
902 612 947 652 de
973 611 1037 651 illo
1060 612 1184 652 vocati
1210 620 1319 662 sunt,
1353 613 1483 653 nescio
1516 627 1626 666 quam

118 679 157 719 in
179 680 286 720 coelo
311 681 491 721 virtutem
513 680 694 721 divinitus
719 679 930 719 obtinuisse
954 678 1085 730 filium,
1120 680 1356 733 eundemque
1380 694 1448 720 suo
1470 694 1512 720 se
1532 688 1626 720 tcm-

119 761 211 801 pore
233 748 270 787 in
297 748 487 788 Adamum
514 747 755 796 insinuasse,
790 746 1020 800 exuissequc
1045 753 1194 800 postea.
1257 745 1429 799 Quorum
1461 748 1626 788 omnium

120 814 380 869 discrepantes
410 815 619 856 sententias
651 814 778 854 divina
809 827 879 867 ope
911 813 996 853 freti
1027 813 1210 854 hactenus
1241 814 1465 856 evertimus.

232 881 491 936 Quamobrem
514 882 599 936 quid
631 895 701 935 ego
727 881 866 921 diutius
890 881 1135 935 importuosis
1170 881 1244 922 illis
1269 882 1305 921 in
1333 882 1427 922 locis
1451 896 1494 922 ac
1523 883 1628 923 velut

122 951 324 990 aestuariis
347 964 582 998 commoror,
617 963 713 1003 quae
736 948 913 989 inundari
938 949 1046 1000 alias,
1080 949 1175 990 alias
1200 949 1389 989 exsiccari
1415 950 1554 1000 solent,
1583 966 1626 991 ac

120 1018 275 1071 piscium
300 1017 445 1072 copiam
467 1017 619 1071 saepius
638 1017 677 1056 in
699 1015 787 1056 litus
812 1016 979 1057 eiicere?
1009 1017 1110 1057 inter
1132 1031 1225 1071 quos
1248 1018 1426 1058 venenati
1458 1018 1623 1071 quidam,

120 1085 327 1126 cuiusmodi
361 1091 449 1125 sunt
470 1084 711 1138 pastinacae,
747 1084 957 1124 dracaenae
984 1084 1199 1136 caniculae,
1233 1099 1460 1136 muraenae,
1494 1099 1625 1125 eorum

120 1153 181 1206 qui
209 1154 253 1193 ad
276 1167 381 1193 oram
407 1152 508 1192 illam
532 1152 723 1192 ambulant
750 1152 866 1207 pedes
890 1151 1038 1192 exitiali
1060 1166 1234 1204 veneno,
1267 1153 1319 1193 uti
1346 1152 1534 1204 diximus,
1568 1153 1626 1193 in-

119 1222 272 1261 festant.
333 1218 445 1259 Hunc
473 1219 589 1274 igitur
618 1219 743 1260 locum
775 1221 952 1274 ingentes
987 1221 1057 1260 deo
1079 1221 1221 1274 gratias
1248 1235 1366 1275 agens
1389 1221 1622 1275 praeteribo,

120 1288 216 1341 quod
237 1287 330 1327 haec
352 1286 509 1342 insuper
529 1301 550 1327 a
578 1287 687 1327 nobis
711 1288 929 1343 propulsata
960 1287 1009 1328 sit
1032 1287 1227 1339 haeresis,
1262 1303 1372 1342 quam
1395 1303 1471 1328 non
1504 1289 1626 1329 obiter

118 1355 259 1406 solum,
294 1355 360 1395 sed
387 1369 533 1395 summa
554 1369 639 1395 cum
659 1355 854 1410 diligentia
879 1356 1102 1396 refellimus.
1134 1354 1250 1396 Nunc
1271 1356 1315 1396 ad
1336 1356 1430 1396 alias
1454 1363 1626 1397 transea—

117 1436 222 1473 mus,
264 1436 308 1463 ac
338 1423 398 1462 dei
428 1422 657 1478 praesidium
697 1423 965 1478 imploremus,
1007 1430 1048 1463 ut
1077 1423 1175 1476 quod
1208 1423 1278 1463 hoc
1309 1438 1425 1478 opere
1455 1424 1625 1479 suscepi-

117 1504 199 1532 mus
227 1490 417 1532 cumulate
447 1504 515 1546 per
544 1505 613 1532 nos
644 1490 690 1531 ad
720 1491 866 1531 exitum
897 1491 1084 1545 finemque
1115 1491 1312 1545 perducat.

456 1639 752 1687 CONTRA
786 1638 1283 1698 VALENTINOS,

384 1717 640 1779 Gnosticos,
691 1734 797 1780 quae
845 1723 912 1766 est:
953 1719 1146 1766 haeresis
1181 1718 1349 1766 XXXI.

223 1816 480 1873 Posteaquam
510 1818 778 1860 Ebionitarum
809 1819 1014 1874 nequitiam
1044 1819 1400 1874 improbitatemque
1434 1819 1625 1873 percurri·
1664 1827 1780 1871 Cap.1.

116 1899 221 1936 mus,
264 1901 347 1926 cum
381 1894 530 1927 ceteras
561 1887 719 1927 aliorum
751 1887 983 1941 serpentium
1008 1889 1152 1928 formas
1179 1902 1222 1928 ac
1244 1901 1392 1927 venena
1420 1887 1625 1928 tradituros

116 1967 186 1994 nos
207 1967 292 1994 esse
317 1954 436 1995 simus
460 1955 638 2009 polliciti,
672 1969 832 2009 quorum
853 1961 892 1995 et
913 1955 1090 2003 exitiales
1115 1962 1205 1996 sunt
1230 1969 1403 2006 morsus,
1438 1962 1478 1995 ut
1508 1969 1558 1995 ex
1582 1955 1626 1996 il-

116 2021 237 2062 lorum
255 2022 496 2076 dogmatibus
517 2022 622 2063 velut
641 2022 739 2062 rictu
756 2023 913 2076 quodam
937 2029 1121 2078 apparere
1143 2031 1284 2078 potest,
1311 2031 1349 2063 et
1366 2023 1474 2076 igniti
1499 2024 1625 2064 cuius-

116 2089 198 2129 dam
222 2090 484 2144 teterrimique
515 2090 648 2144 anguis
676 2096 741 2129 aut
760 2090 928 2131 basilisci
962 2093 1084 2131 instar
1112 2091 1202 2131 editi
1233 2098 1343 2142 sunt,
1385 2092 1429 2130 ad
1452 2089 1626 2131 Valenti-

117 2171 248 2198 norum
281 2158 341 2211 qui
374 2172 415 2198 se
440 2157 647 2199 Gnosticos
669 2157 879 2212 appellant,
925 2160 1162 2200 refutandam
1199 2159 1376 2199 haeresin
1405 2172 1465 2198 me
1496 2160 1626 2198 confe-

117 2239 219 2277 ram,
253 2226 350 2280 quod
373 2225 521 2280 quidem
547 2240 614 2280 pro
637 2224 738 2265 virili
769 2233 875 2280 parte
904 2227 1072 2267 conabor
1094 2228 1258 2267 efficere.
1321 2226 1467 2266 Horum
1499 2227 1625 2280 itaque

117 2293 246 2334 decem
269 2293 422 2334 omnino
450 2294 611 2335 divortia
635 2301 736 2334 sunt.
800 2292 877 2334 Sed
902 2309 1034 2336 omnes
1066 2302 1192 2335 tamen
1213 2309 1288 2334 uno
1312 2294 1416 2335 velut
1439 2294 1514 2334 ictu
1539 2308 1626 2348 pro-

116 2360 252 2415 fligatis
278 2361 409 2402 nescio
435 2361 570 2415 quibus
595 2359 735 2401 Parum
767 2369 805 2402 et
830 2359 1076 2415 Ogdoadum,
1122 2369 1233 2416 atque
1263 2361 1423 2402 marium
1455 2368 1492 2401 et
1519 2362 1627 2401 femi-

117 2442 249 2468 narum
270 2428 460 2469 Aeonum'
477 2436 621 2469 temere
652 2430 822 2470 confictis
854 2430 1012 2470 somniis
1044 2430 1255 2484 aequaliter
1284 2429 1484 2469 feriuntur.
1545 2428 1628 2469 Ne-

117 2509 188 2549 que
218 2509 312 2537 vero
346 2497 384 2536 in
412 2497 562 2536 illorum
592 2497 831 2537 confutandis
864 2497 1062 2539 erroribus
1095 2505 1307 2552 temporum
1341 2503 1401 2537 est
1429 2497 1627 2536 retinenda

117 2564 333 2614 successio,
379 2564 445 2605 sed
478 2563 522 2604 ab
555 2578 628 2604 una
661 2565 838 2619 progredi
869 2566 914 2605 ad
944 2566 1102 2606 alteram
1138 2565 1314 2606 haeresin
1352 2578 1512 2604 necesse
1544 2571 1624 2615 cst3

118 2631 292 2684 quoniam
320 2632 453 2671 eodem
483 2645 503 2671 8
529 2638 632 2671 terra
662 2638 830 2687 tempore
857 2647 988 2673 omnes
1019 2635 1218 2688 fungerum
1250 2633 1372 2672 instar
1401 2639 1623 2686 eruperunt.

119 2697 246 2752 Atque
267 2705 308 2739 ut
329 2699 447 2739 noxia
468 2699 684 2753 foetidaque
704 2700 886 2754 quaedam
913 2701 1113 2741 herbarum
1135 2700 1322 2755 germina,
1356 2699 1417 2740 vel
1440 2699 1561 2740 dumis
1583 2713 1626 2739 ac

120 2833 310 2867 λεντινιανοί.
937 2835 968 2869 6.
994 2839 1040 2869 Ιια
1061 2838 1149 2869 codd.
1176 2838 1273 2867 Venet⁴
1295 2838 1321 2867 et
1339 2836 1465 2876 Rhediy.
1509 2837 1544 2867 In
1563 2836 1626 2866 edi-

163 2877 193 2910 5.
227 2874 484 2921 ἄρρενοὲῒηλείων
519 2877 644 2913 αἰώνων
679 2881 744 2911 cod.
780 2881 850 2913 Ven.
895 2883 932 2914 tis
955 2884 1062 2922 legitur
1083 2879 1272 2924 πρόςβασιν.

119 2922 203 2953 Editi
222 2923 329 2955 habent
353 2920 610 2967 ἀρρενοὲηλειῶν
636 2923 783 2959 αἰωνίων.
940 2926 971 2960 7.
995 2924 1203 2971 ἐβλάστησαν
1225 2926 1290 2957 cod.
1315 2926 1384 2957 Ven.

187 2974 299 3012 corpus
319 2976 495 3007 Haereseol.
515 2978 550 3007 11.
1307 2985 1358 3025 20
