2034 3267
481 179 659 212 PANARH
683 179 764 212 Lm.
782 181 807 212 1.
831 180 937 213 ToM.
956 180 1014 212 111.
1037 179 1302 213 HAER.XL1V.
1569 172 1644 211 701

131 259 234 310 cias,
275 259 385 313 plane
410 258 571 299 iudicem
597 266 634 300 te
657 259 805 313 legum,
839 274 914 300 non
940 260 1211 314 interpretem,
1253 259 1369 310 facis,
1412 272 1455 299 ac
1482 258 1650 299 delecto-

128 340 209 367 rem
235 326 401 367 omnium
428 342 524 381 quae
549 341 600 368 ex
626 327 740 368 animi
766 328 819 368 tui
840 328 1030 368 sententia
1059 327 1212 368 minime
1235 327 1377 382 scripta
1398 333 1509 377 sunt3
1553 340 1650 381 quae

131 393 204 435 etsi
225 394 429 436 verissima
450 396 548 445 sint,
583 395 677 436 falso
704 410 724 435 a
749 402 784 436 te
810 395 1055 436 nihilominus
1082 402 1382 447 commutantur,
1417 402 1455 435 et
1478 395 1522 435 ad
1544 402 1647 435 tuum

130 476 174 503 ac
199 469 348 503 tuorum
376 477 547 504 errorem
573 464 924 504 accommodantur.
987 462 1099 516 Quod
1125 463 1157 503 si
1185 463 1305 503 malus
1330 463 1480 517 quidam
1506 462 1650 503 artifex

127 530 312 571 inferiora
337 531 446 581 haec,
479 545 522 571 ac
546 531 723 571 mundum
746 531 841 571 adeo
864 531 979 571 istum
1002 531 1156 571 molitus
1181 538 1253 581 est,
1288 545 1356 571 cur
1378 545 1398 570 a
1420 531 1521 571 bono
1541 537 1648 585 patre

128 598 268 639 missus
299 599 372 639 huc
401 599 463 639 ille
493 598 713 639 deseendit?
772 596 816 639 Si
847 605 886 638 ut
914 598 1107 638 hominum
1133 613 1254 653 genus
1281 599 1468 653 eriperet,
1514 598 1646 638 horum

129 666 274 707 scilicet
298 674 487 721 tamquam
511 681 668 707 suorum
691 680 821 707 curam
843 666 1028 721 suscepit,
1057 681 1128 706 nec
1152 666 1248 707 alius
1270 667 1342 706 iam
1367 667 1542 707 conditor
1561 679 1647 706 esse

128 735 316 789 putandus
343 742 416 776 est.
479 733 550 776 Sin
574 734 721 775 alienos
746 734 917 786 curavit,
958 748 1077 788 eaque
1103 748 1199 788 quae
1227 735 1317 775 nihil
1344 735 1388 775 ad
1416 748 1457 775 se
1482 735 1648 789 pertine-

128 802 220 843 bant
245 817 430 858 usurpare
457 817 501 843 ac
523 816 683 843 servare
705 802 848 853 voluit,
894 809 960 843 aut
981 803 1217 843 adulatorem
1243 803 1360 843 fuisse
1383 817 1543 843 necesse
1572 810 1645 853 est,

129 871 191 926 qui
214 871 349 911 alienis
373 871 605 920 adhaeserit,
632 877 696 910 aut
717 871 863 924 gloriae
884 870 1074 925 cupidum,
1110 871 1171 924 qui
1195 878 1231 911 ut
1253 871 1452 912 conditore
1475 885 1516 912 se
1539 884 1649 926 prae-

128 940 351 979 stantiorem
379 939 622 989 ostenderet,
656 951 746 992 prae
773 938 930 989 alienis,
965 953 1061 992 quae
1091 952 1251 979 servare
1276 939 1517 990 instituerat,
1561 953 1649 980 suo—

127 1021 210 1047 rum
235 1007 388 1047 minime
411 1005 601 1047 desiderio
627 1013 848 1056 teneretur3
890 1020 941 1046 ex
964 1020 1038 1060 quo
1065 1020 1181 1047 verus
1204 1021 1248 1047 ac
1271 1006 1447 1047 sincerus
1472 1020 1558 1047 esse
1584 1007 1648 1046 de-

127 1075 242 1116 sinet.
306 1072 383 1115 Sed
414 1088 538 1129 neque
571 1074 833 1114 moderatione
865 1074 980 1114 animi
1010 1074 1226 1129 praeditus,
1273 1074 1335 1129 qui
1367 1089 1450 1115 cum
1480 1081 1647 1115 creatam

126 1156 208 1183 rem
232 1142 371 1183 nullam
396 1142 584 1197 propriam
612 1141 774 1192 habeat,
816 1142 938 1183 aliena
964 1142 1202 1197 concupiscit
1225 1149 1264 1183 et
1288 1142 1545 1183 intervertere
1569 1149 1649 1183 stu-

128 1212 212 1262 det,
245 1211 317 1251 hoc
341 1217 400 1251 est
423 1209 593 1260 animas,
637 1224 733 1264 quae
760 1210 851 1250 nihil
873 1211 918 1250 ad
940 1224 982 1251 se
1004 1211 1067 1251 vel
1089 1218 1286 1266 parentem
1308 1224 1417 1251 suum
1440 1211 1647 1265 pertinent,

128 1286 262 1320 contra
284 1279 343 1319 ius
366 1279 501 1333 fasque
521 1278 733 1319 vindicare.
797 1276 908 1331 Quod
931 1278 964 1318 si
985 1279 1161 1334 propriae
1184 1285 1274 1319 sunt
1294 1278 1376 1319 eius
1397 1278 1562 1330 animae,
1594 1286 1650 1319 at-

128 1361 201 1402 que
224 1361 245 1388 e
268 1347 376 1388 coelo
399 1346 575 1401 delapsae
600 1346 803 1397 videntur,
846 1360 1087 1401 consequens
1112 1354 1171 1387 est
1194 1361 1259 1388 eas
1281 1361 1302 1387 a
1327 1360 1506 1401 supremo
1529 1347 1649 1387 hono-

128 1429 200 1470 que
224 1416 295 1456 deo
320 1415 479 1462 missas,
513 1421 551 1455 et
576 1415 613 1455 in
638 1414 778 1455 bonum
802 1414 979 1455 mundum
1002 1414 1239 1455 introductas
1262 1414 1395 1455 fuisse.
1457 1415 1585 1470 Atque
1609 1422 1651 1455 ut

126 1482 265 1524 missas
297 1483 381 1523 illas
410 1484 456 1523 ad
487 1497 595 1524 usum
627 1483 790 1537 aliquem
825 1483 993 1533 fateare,
1038 1496 1147 1537 quem
1176 1489 1255 1523 tute
1284 1483 1543 1533 confinxeris,
1587 1483 1649 1523 ubi

128 1558 253 1592 autem
277 1551 478 1605 ingressae
502 1558 591 1591 sunt
612 1551 792 1591 aliorsum
818 1551 1040 1601 deflexisse,
1075 1558 1179 1605 puta,
1212 1558 1253 1591 ut
1273 1551 1373 1591 iuste
1395 1551 1534 1605 aliquid
1558 1565 1649 1605 age-

127 1626 214 1660 rent
239 1619 452 1669 immissas,
485 1618 643 1659 sceleris
668 1619 855 1673 quippiam
879 1625 1146 1673 perpetrasse,
1179 1619 1240 1673 qui
1263 1633 1328 1660 eas
1351 1618 1532 1672 allegavit
1557 1619 1647 1659 nihil

129 1686 284 1727 omnino
315 1687 553 1742 praevidisse
585 1686 805 1736 videbatur,
845 1701 928 1727 cum
961 1686 1118 1727 alterius
1145 1687 1199 1727 rei
1223 1687 1345 1741 gratia
1366 1687 1536 1738 miserit,
1579 1700 1647 1727 eae

128 1768 222 1795 vero
245 1755 438 1795 contraria
464 1754 590 1795 omnia
617 1754 891 1809 praestiterint.
955 1752 1026 1796 Sin
1053 1768 1099 1795 eo
1130 1755 1355 1808 confugias,
1400 1761 1441 1795 ut
1465 1755 1565 1795 illius
1590 1755 1648 1795 in-

127 1821 236 1863 iussu
258 1837 302 1863 ac
323 1823 486 1878 raptoris
509 1822 709 1876 tyrannide
730 1829 884 1863 coactas
907 1823 1060 1863 venisse
1082 1822 1329 1876 pronunties,
1362 1823 1472 1877 plane
1495 1830 1647 1863 creatus

127 1890 190 1931 ille
223 1905 244 1931 a
268 1889 379 1931 Bono
407 1891 477 1931 deo
503 1889 630 1931 Malus
656 1891 798 1931 artifex
821 1889 937 1943 Bono
965 1891 1048 1945 ipso
1071 1891 1143 1931 deo
1169 1890 1306 1931 fortior
1328 1891 1544 1931 censendus
1572 1898 1645 1942 est,

129 1959 190 2013 qui
217 1973 313 2013 quae
343 1959 388 1999 ad
414 1958 517 1999 illum
542 1958 782 2013 pertinebant
806 1959 995 1999 violenter
1015 1966 1146 2013 erepta
1178 1959 1222 1998 ad
1249 1973 1340 1999 usus
1367 1972 1458 1999 suos
1480 1965 1648 1999 transtu-

127 2026 184 2067 lit.
246 2026 391 2067 Verum
417 2040 544 2066 nonne
575 2034 612 2067 te
644 2041 722 2067 vox
746 2027 828 2081 ipsa
852 2027 1057 2067 salvatoris
1082 2026 1282 2067 evidenter
1304 2027 1498 2081 coarguit:
1540 2030 1645 2066 Pote-

126 2103 254 2134 statem
279 2096 391 2134 habeo
407 2097 570 2147 ponendi
590 2098 745 2134 animam
769 2109 903 2142 meam,
936 2103 972 2134 et
994 2097 1163 2134 sumendi
1181 2097 1310 2134 illam?
1349 2095 1456 2148 quasi
1480 2095 1643 2134 animam

125 2162 189 2203 ille
216 2163 441 2217 sumpserit,
477 2177 520 2202 ac
545 2162 735 2217 posuerit,
769 2163 969 2217 denuoque
994 2163 1206 2217 receperit,
1241 2170 1280 2202 ut
1307 2177 1382 2203 non
1407 2162 1530 2203 aliena
1557 2176 1645 2203 esse

129 2231 252 2271 anima
277 2237 343 2271 aut
365 2230 473 2271 alteri
496 2230 623 2285 opifici
644 2231 844 2271 tribuenda
863 2231 1052 2271 videatur.
1115 2228 1209 2270 Illud
1229 2230 1343 2271 etiam
1366 2230 1552 2284 sequitur,
1579 2231 1644 2271 bo-

128 2314 216 2339 num
238 2299 326 2338 illud
349 2298 524 2339 habuisse
545 2312 698 2353 eorpus.
745 2297 884 2352 Neque
906 2299 1005 2339 enim
1027 2298 1249 2353 persuaderi
1272 2299 1372 2339 bono
1393 2298 1554 2353 cuipiam
1579 2313 1644 2353 po-

128 2374 226 2417 test,
271 2366 409 2406 malum
440 2373 481 2406 ut
505 2380 599 2421 opus
631 2367 675 2406 ad
702 2379 811 2406 usum
833 2366 1030 2416 adhibeat,
1075 2380 1122 2406 ne
1144 2366 1229 2406 dum
1255 2366 1340 2406 mali
1372 2366 1416 2406 fit
1437 2367 1641 2421 particeps,

128 2434 382 2490 improbitatis
406 2448 451 2474 ac
473 2433 664 2488 nequitiae
686 2434 913 2488 contagione
935 2434 1138 2489 polluatur.
1195 2432 1273 2474 Iam
1295 2448 1404 2484 vero,
1433 2434 1465 2474 si
1484 2434 1646 2489 ipsemet

129 2517 267 2559 corpus
291 2502 477 2543 excitavit
497 2515 629 2552 suum,
674 2502 768 2542 cedo
793 2502 879 2557 quid
903 2517 949 2543 eo
973 2510 1059 2557 post
1083 2502 1407 2542 resurrectionem
1431 2503 1556 2542 facere
1580 2503 1644 2542 de-

129 2571 330 2612 creverat?
369 2576 431 2610 aut
461 2584 528 2610 cur
558 2569 693 2610 iterum
727 2570 815 2610 illud
848 2570 1021 2625 reliquit,
1065 2577 1176 2624 atque
1205 2570 1241 2610 in
1270 2577 1431 2624 quatuor
1455 2570 1645 2610 elementa

128 2639 288 2694 partitus
310 2645 390 2687 est,
424 2638 519 2678 adeo
540 2645 581 2678 ut
599 2636 759 2678 calidum
782 2637 925 2688 calido,
961 2638 1097 2692 frigido
1123 2637 1298 2691 frigidum
1314 2669 1323 2687 ,
1357 2638 1460 2677 sicco
1481 2637 1641 2688 siccum,

128 2705 318 2746 humidum
343 2705 495 2746 humido
517 2705 766 2746 restitueret?
822 2705 923 2746 Nam
945 2706 976 2746 si
1003 2706 1093 2746 illud
1117 2705 1312 2746 excitabat
1335 2704 1422 2745 ideo
1445 2711 1484 2745 ut
1505 2705 1642 2745 iterum

129 2773 381 2824 dissolveret,
423 2787 490 2828 per
513 2773 639 2814 ludum
666 2773 737 2814 hoc
758 2774 921 2825 fecisse,
955 2788 1030 2815 non
1056 2773 1158 2814 serio
1180 2786 1224 2813 ac
1245 2772 1345 2813 bona
1369 2772 1464 2822 fide,
1498 2772 1643 2812 videbi-

129 2847 205 2882 tur.
266 2840 477 2882 Enimvero
507 2841 681 2882 dominus
708 2839 817 2883 Iesus
844 2839 1022 2883 Christus
1046 2841 1208 2896 idipsum
1238 2840 1446 2891 excitavit,
1488 2854 1641 2895 corpus,

129 2908 296 2963 inquam,
330 2910 468 2965 ipsum,
501 2910 598 2963 quod
624 2910 806 2950 formarat
825 2909 896 2950 sibi
918 2924 992 2951 una
1013 2923 1095 2950 cum
1121 2909 1246 2949 anima
1270 2909 1485 2962 ceterisque
1508 2907 1643 2963 quibus
