2034 3267
456 185 634 220 PANARH
659 186 741 219 Lm.
763 188 786 219 1.
811 187 915 220 TOM.
935 187 976 221 u.
1000 188 1128 221 maa.
1149 189 1292 221 xxvu.
1552 181 1631 221 205

119 281 202 308 rum
226 278 365 306 nomen
388 264 468 305 suis
490 265 666 305 omnibus
687 266 850 317 affinxit,
876 266 1117 321 indidemque
1141 266 1316 308 Gnostici
1337 267 1405 318 illi,
1433 270 1478 310 de
1500 270 1636 324 quibus

117 333 294 388 proxime
329 332 627 387 disputavimuS,
663 331 928 387 Catagnostici
961 334 1110 388 potius,
1151 335 1223 375 boc
1255 343 1315 376 est
1345 339 1542 376 Damnates
1572 353 1635 394 ap-

117 399 298 456 peHandL

232 466 309 508 Sed
332 473 375 517 ut
396 468 440 508 ad
460 465 734 521 Carpocratem
758 468 928 518 redeam,
954 468 987 507 is
1009 482 1227 523 supremum
1253 470 1401 524 quidem
1426 472 1635 528 principum

119 549 233 575 unum
266 535 429 584 asserit,
470 535 708 587 eundemque
740 541 937 588 parentem
971 536 1162 586 omnium,
1202 543 1240 576 et
1272 538 1530 591 incognitum,
1565 555 1636 582 nec

117 602 195 642 ullo
227 601 380 641 nomine
408 601 661 655 significatum
691 601 845 655 perinde
875 608 917 641 ut
940 602 1081 641 caeteri
1115 604 1243 643 studet
1266 618 1458 647 asserere.
1520 606 1637 648 Mun-

117 670 204 710 dum
227 683 321 709 vero
347 676 386 709 et
413 682 509 723 quae
534 669 672 708 mundo
696 668 945 708 continentur
967 668 1013 707 ab
1039 669 1186 720 angelis
1218 684 1305 710 esse
1335 673 1455 723 facta,
1490 675 1551 728 qui
1578 676 1637 715 in-

117 737 273 791 cognito
297 737 361 776 illo
383 743 540 790 parente
565 735 677 787 longe
703 734 925 774 inferiorem
950 735 1143 788 dignitatis
1165 737 1336 776 ordinem
1366 745 1511 781 tenent.
1554 741 1636 783 Eos

116 818 212 845 vero
237 803 371 844 statuit
393 803 438 843 ab
461 815 638 856 suprema
663 802 805 841 virtute
827 802 1048 841 deficientes
1072 804 1249 843 mundum
1269 804 1383 845 istum
1408 807 1634 850 fabricasse.

118 869 245 911 Iesum
273 885 385 924 porro
418 868 609 909 dominum
633 876 805 908 nostrum
832 883 852 908 a
878 867 1040 923 Iosepho
1063 870 1256 922 genitum,
1289 871 1344 911 uti
1369 876 1511 914 caeteri
1536 891 1637 916 mor-

118 939 216 978 tales
238 952 290 978 ex
310 937 382 977 viri
402 935 650 988 mulierisque
673 935 820 975 semine
842 944 1109 990 procreantur.
1151 937 1263 978 Hunc
1285 939 1347 992 qui
1368 940 1458 980 nihil
1481 943 1636 983 omnino

119 1005 276 1059 reliquis
303 1004 349 1044 ab
372 1002 586 1043 hominibus
615 1002 803 1052 differret,
836 1003 937 1043 vitae
961 1003 1082 1043 solum
1106 1018 1265 1057 genere,
1299 1020 1344 1046 ac
1368 1010 1634 1061 temperantia,

120 1080 158 1113 et
188 1073 350 1120 virtute,
383 1084 426 1109 ac
457 1069 600 1109 iustitia
632 1070 888 1123 praestitisse.
950 1070 1028 1112 Sed
1061 1085 1145 1111 cum
1181 1072 1338 1113 firmiori
1370 1075 1636 1130 vegetiorique

120 1154 231 1194 quam
256 1138 316 1178 alii
342 1136 515 1177 homines
543 1144 648 1176 esset
671 1138 795 1177 anima
820 1137 1037 1192 praeditus,
1070 1152 1278 1193 eorumque
1304 1155 1400 1194 quae
1424 1156 1574 1183 sursum
1599 1145 1639 1184 in

119 1205 302 1260 incogniti
329 1204 497 1258 parentis
530 1204 711 1244 comitatu
733 1205 884 1245 viderat
911 1207 1171 1257 meminisset,
1205 1207 1396 1249 immissas
1428 1210 1473 1249 ab
1505 1211 1638 1251 eodem

120 1280 276 1329 parente
300 1272 338 1311 in
363 1273 445 1311 eius
470 1272 632 1312 animam
655 1272 819 1312 virtutes
847 1287 933 1313 esse
955 1274 1098 1323 dicunt,
1132 1281 1173 1314 ut
1197 1288 1329 1315 eorum
1355 1291 1450 1330 quae
1474 1292 1640 1333 aspexe-

120 1348 178 1382 rat
202 1340 405 1380 recordata
429 1339 755 1392 corroborataque
783 1341 1001 1381 conditores
1025 1341 1128 1381 orbis
1151 1343 1308 1395 angelos
1332 1345 1534 1398 effugeret,
1568 1347 1640 1386 hoc

118 1408 201 1463 ipso
231 1407 329 1461 quod
353 1420 422 1460 per
446 1408 574 1446 omnia
599 1421 726 1446 rerum
754 1421 850 1460 quae
872 1409 909 1447 in
936 1409 1075 1448 mundo
1101 1416 1210 1458 sunt,
1244 1410 1513 1466 actionumque
1542 1428 1640 1467 quae

118 1475 164 1516 ab
189 1474 404 1514 bominibus
432 1473 714 1528 suscipiuntur,
748 1489 892 1527 genera
918 1476 1125 1526 transiret,
1158 1477 1330 1530 adeoque
1355 1479 1519 1520 scelesta
1548 1495 1640 1520 exe-

118 1543 334 1596 crandaque
364 1541 575 1581 clanculum
602 1542 774 1582 facinora
799 1550 1062 1596 perpetraret,
1097 1550 1136 1583 ut
1165 1544 1216 1584 ita
1242 1545 1391 1585 demum
1424 1548 1640 1588 actionibus

119 1610 295 1650 omuibus
320 1611 542 1663 perfuncta,
576 1609 770 1662 liberaque
803 1611 935 1649 eadem
965 1609 1052 1650 lesu
1077 1612 1204 1651 anima
1234 1612 1470 1666 incognitum
1497 1616 1540 1655 ad
1574 1631 1640 1669 pa-

119 1684 267 1718 rentem
295 1677 490 1727 evolaret,
525 1691 546 1716 a
572 1691 644 1730 quo
673 1676 761 1716 illae
789 1684 897 1716 erant
927 1677 1089 1717 virtutes
1114 1678 1311 1719 immissae
1340 1695 1498 1734 quarum
1523 1682 1641 1723 bene-

120 1744 207 1785 ficio
238 1758 306 1799 per
336 1744 462 1784 omnia
495 1744 548 1784 uti
580 1743 744 1784 diximus
776 1746 967 1784 actionum
999 1759 1143 1799 genera
1178 1747 1351 1787 traducta
1385 1750 1641 1804 exsolutaque

121 1826 272 1853 sursum
304 1812 349 1852 ad
385 1825 471 1851 eum
502 1818 736 1865 penetraret.
798 1810 863 1853 Sic
895 1826 990 1865 quae
1025 1812 1107 1852 eius
1138 1813 1282 1854 similes
1314 1823 1444 1856 essent
1474 1817 1639 1869 animae,

120 1880 256 1920 iisdem
280 1879 452 1919 addictas
472 1878 623 1929 studiis,
657 1879 867 1933 eodemque
891 1880 1001 1920 modo
1022 1880 1220 1931 liberatas,
1254 1882 1300 1922 ad
1320 1882 1555 1937 incognitum
1577 1900 1642 1940 pa-

121 1953 271 1987 rentem
294 1946 450 1987 evolare
475 1960 642 1996 sursum,
677 1947 763 1985 dum
787 1947 1044 1987 functionibus
1068 1949 1244 1989 omnibus
1266 1950 1396 2000 obitis,
1430 1959 1469 1991 et
1490 1952 1535 1991 ab
1558 1953 1643 1993 uni-

121 2015 248 2055 versis
278 2014 419 2068 pariter
450 2014 651 2068 expeditae
675 2014 854 2068 deinceps
884 2015 925 2054 in‘
947 2015 1164 2055 libertatem
1190 2025 1431 2058 asseruntur.
1493 2018 1642 2060 Verum

124 2081 222 2135 quod
248 2081 373 2120 anima
400 2080 487 2121 lesu
515 2082 550 2120 in
577 2079 801 2120 ludaeorum
825 2081 960 2122 ritibus
985 2084 1151 2123 enutrita
1174 2085 1333 2137 angelos
1358 2086 1443 2125 illos
1472 2095 1643 2127 coutem-

125 2149 288 2204 psissct,
324 2148 370 2188 ob
395 2149 430 2188 id
454 2149 616 2189 virtutes
641 2147 859 2201 accepisse,
894 2149 1028 2203 quibus
1059 2164 1143 2190 cum
1173 2152 1390 2192 constitutis
1422 2154 1466 2193 ad
1499 2168 1642 2208 poenas

125 2216 319 2256 hominum
346 2215 659 2270 perpessionibus
693 2215 847 2269 defungi
882 2217 1092 2271 potuisset,
1135 2219 1261 2258 mundi
1292 2219 1377 2259 illos
1408 2220 1641 2261 architectos

127 2284 424 2323 transcenderit.
471 2282 610 2335 Neque
632 2282 782 2323 veroid
809 2298 918 2324 unam
943 2283 1032 2325 lesu
1057 2284 1221 2325 animam
1246 2287 1429 2339 perficere
1452 2288 1640 2341 potuisse,

127 2351 194 2390 sed
217 2358 255 2390 et
276 2351 387 2390 aliam
415 2351 641 2404 quamlibet,
675 2364 770 2403 quae
794 2365 862 2404 per
886 2354 1058 2392 actiones
1083 2352 1269 2392 eiusmodi
1292 2356 1563 2407 progressione
1589 2358 1644 2396 fa-

128 2425 188 2458 cta
222 2432 338 2472 super
364 2418 583 2457 conditores
607 2416 710 2457 orbis
733 2419 888 2472 angelos
912 2421 1041 2460 efferri
1067 2420 1254 2474 potuerit3
1288 2421 1381 2460 haec
1406 2423 1505 2462 enim
1531 2424 1562 2463 si
1585 2424 1642 2464 vi-

124 2499 188 2525 res
210 2486 404 2540 acceperit
426 2486 530 2540 paria
554 2500 637 2524 cum
664 2483 750 2524 lesu
775 2487 980 2540 eademque
1005 2488 1236 2541 praestabit,
1271 2495 1311 2527 ut
1333 2489 1444 2542 paulo
1467 2498 1555 2530 ante
1586 2492 1641 2531 di-

125 2553 271 2592 ximus.
325 2552 387 2592 Ex
411 2567 485 2606 quo
511 2552 639 2592 miseri
665 2552 725 2592 isti
751 2553 968 2607 impostoris
992 2555 1092 2595 illius
1115 2556 1245 2594 fraude
1270 2557 1416 2610 decepti
1442 2564 1516 2596 tam
1543 2558 1643 2598 into-

125 2620 273 2660 lerabili
299 2620 520 2673 arrogantia
547 2627 650 2667 sunt,
687 2627 726 2659 ut
750 2634 790 2660 se
817 2621 875 2662 vel
900 2622 1052 2676 ipsimet
1081 2621 1166 2662 lesu
1193 2626 1481 2677 anteponendos
1506 2626 1642 2666 existi-

127 2694 245 2727 ment.
308 2686 456 2726 Hcrum
480 2686 542 2726 alii
577 2701 651 2726 non
684 2687 833 2740 quidem
862 2687 970 2740 lesu,
1003 2691 1070 2730 sed
1094 2689 1234 2740 Petro,
1267 2691 1471 2741 Andreae,
1503 2691 1639 2745 Paulo,

130 2754 270 2794 ceteris
294 2755 478 2809 apostolis
499 2761 694 2808 praestare
716 2768 802 2795 sese
822 2756 952 2797 dicunt
975 2773 1058 2798 cum
1083 2757 1312 2798 abundantia
1337 2759 1497 2812 quadam
1517 2760 1644 2801 scien-

130 2820 218 2871 tiae,
250 2828 329 2862 tum
354 2822 452 2875 quod
474 2822 768 2876 progressiones
789 2825 917 2864 varias
938 2839 981 2865 ac
1004 2826 1187 2866 decursus
1211 2825 1322 2879 longe
1346 2826 1392 2866 iis
1414 2828 1641 2869 cumulatius

132 2886 308 2928 obierint.
370 2887 556 2928 Nonnulli
586 2903 678 2928 vero
699 2897 787 2929 sunt
812 2891 874 2944 qui
903 2893 1003 2932 inter
1033 2907 1075 2933 se
1100 2907 1142 2932 ac
1168 2893 1359 2933 dominum
1385 2901 1556 2934 nostrum
1583 2894 1641 2934 le-

133 2965 214 2993 sum
241 2953 436 2996 Christum
469 2956 560 2996 nihil
586 2956 777 2997 interesse
803 2967 1003 3000 censeant.
1066 2958 1214 3015 Quippe
1249 2961 1397 3001 animae
1428 2975 1478 3002 ex
1510 2963 1641 3003 eadem

1663 478 1741 523 Cap.
1763 482 1805 513 ΙΙ.
