2034 3267
502 191 676 225 PANAau
702 195 782 225 Lm.
801 195 825 225 Ι.
851 195 956 227 TOM.
977 197 1015 227 u.
1042 194 1167 228 HAER.
1190 196 1306 228 XXX.
1580 191 1655 231 291

153 269 234 310 eius
265 270 475 324 castigandi
505 285 637 311 caussa
670 273 762 313 deus
793 274 934 314 edixit:
979 278 1217 326 Peregrinum
1248 280 1322 315 erit
1346 292 1462 317 semen
1493 286 1591 317 mum
1622 283 1658 318 2'12
1678 287 1857 323 Gcn.1.·»‚13.

153 345 253 376 terra
282 341 423 386 altena,
473 347 510 377 et
535 341 728 380 sube'e'cz'enl
753 356 813 380 eos
837 345 1010 381 servituli
1030 346 1309 394 qnmlt‘itegenll's
1334 349 1452 384 (nnus.
1516 344 1658 398 Quam-

149 405 276 445 obrem
301 406 518 446 stabilitatis
542 407 735 448 cuiusdam
757 423 800 448 ac
823 409 1010 449 firmitatis
1034 411 1172 461 gratia,
1207 426 1274 465 pro
1296 426 1341 452 eo
1365 413 1460 466 quod
1487 414 1657 454 nonnihil

150 473 374 514 addubitans
405 474 566 515 dixisset
595 478 692 514 Num
723 479 931 514 ceulenarz'o
961 485 1134 516 nascetur
1150 481 1293 529 filius?
1333 493 1380 519 ne
1410 481 1490 521 eius
1513 484 1654 536 posteri

147 541 359 582 infidelibus
392 542 651 596 idolorumque
678 542 886 582 cultoribus
913 543 1115 597 Aegyptiis
1145 545 1181 584 iu
1214 546 1436 587 servitutem
1469 549 1566 600 dati,
1611 551 1655 590 ad

146 610 299 650 eosdem
332 624 426 662 quos
457 617 495 649 et
520 609 619 650 illius
644 610 806 649 maiores
830 611 1000 650 venerati
1026 612 1195 661 fuerant,
1243 614 1334 653 deos
1364 628 1450 655 sese
1475 619 1655 658 transser-

147 683 247 726 rent,
283 685 354 716 tam
377 677 596 717 Abrahamo
616 677 701 730 ipsi,
737 691 845 730 quam
870 677 951 717 eius
975 678 1080 732 stirpi
1102 679 1429 721 circumcisionem
1453 684 1550 724 illam
1573 701 1654 727 car-

146 744 204 784 uis
225 744 385 794 inussit,
428 752 469 784 ut
491 745 572 785 cius
598 750 754 798 aspectu
774 744 1025 785 commonitos
1046 748 1262 786 reverentia
1287 750 1467 801 quaedam
1491 754 1654 794 numinis

145 812 312 863 subiret,
357 826 429 867 quo
454 812 578 851 minus
606 812 754 851 eiurare
786 812 874 851 illud
903 814 1100 853 auderent.
1162 813 1221 854 Ea
1249 830 1361 869 porro
1388 818 1431 857 ad
1461 816 1652 860 Christum

145 894 263 934 usque
283 880 503 935 permansit,
535 879 697 932 ideoque
719 886 757 918 et
778 879 877 919 ultro
899 881 1117 920 circumcidi
1136 882 1218 936 ipse
1239 883 1373 933 voluit,
1404 885 1571 926 ethome
1594 902 1653 928 re-

143 948 223 1002 ipsa
249 949 370 988 sactus
395 955 475 998 est,
518 947 615 986 idem
645 946 706 999 qui
733 953 772 985 et
798 947 890 987 deus
917 948 1076 988 verbum
1103 962 1123 988 a
1151 957 1255 1003 patre
1282 950 1327 990 de
1356 952 1463 992 coelo
1490 953 1649 1007 lapsum,

144 1030 219 1055 uon
252 1031 332 1055 cam
364 1029 472 1069 quam
505 1013 666 1053 habebat
698 1013 931 1054 divinitatem
966 1016 1162 1070 deposuit,
1209 1017 1275 1057 sed
1301 1032 1392 1059 vere
1418 1034 1570 1060 carnem
1596 1023 1652 1062 in-

144 1084 260 1124 duens
292 1091 400 1137 atque
431 1096 480 1122 ex
512 1083 678 1134 perlecta
710 1081 871 1122 hominis
902 1090 1036 1123 natura
1069 1085 1291 1125 coalescens
1324 1086 1651 1130 circumcisionem

143 1152 351 1205 usurpavit.
413 1148 524 1202 Quod
556 1156 674 1189 totum
706 1163 757 1190 ex
788 1150 842 1189 rei
876 1151 1038 1191 veritate
1070 1160 1218 1205 gestum
1249 1160 1327 1205 est,
1372 1161 1413 1194 ut
1439 1163 1476 1195 et
1502 1155 1647 1209 ludaei,

142 1218 449 1272 quemadmodum
474 1217 611 1257 dictum
636 1224 709 1268 est,
743 1224 781 1258 et
799 1216 1021 1258 Manichaei
1042 1219 1143 1259 omni
1167 1221 1486 1273 tergiversatione
1507 1225 1650 1266 sublata

141 1285 311 1326 convinci
337 1286 513 1326 facillime
538 1292 717 1340 possent,
759 1299 803 1325 ac
828 1285 1074 1327 circumcisus
1098 1288 1181 1342 ipse
1208 1289 1392 1344 abrogata
1418 1292 1552 1332 merito
1578 1293 1650 1333 cir-

139 1352 368 1393 cumcisione
390 1353 572 1394 maiorem
600 1354 785 1407 quandam
808 1354 1020 1394 induceret.
1075 1354 1165 1396 Non
1189 1357 1295 1410 quasi
1315 1360 1441 1412 priore
1460 1360 1521 1400 illa
1543 1375 1650 1402 care-

137 1427 219 1472 ret,
263 1420 493 1475 minimeque
519 1421 754 1476 suscepisset
776 1422 812 1461 in
836 1435 946 1471 sese,
989 1422 1054 1462 sed
1082 1430 1123 1462 nt
1145 1437 1186 1462 ea
1211 1426 1432 1478 perfunctus
1456 1428 1547 1468 nihil
1575 1430 1648 1469 iam

136 1502 222 1529 esse
250 1489 508 1529 necessariam
537 1490 782 1540 ostenderet,
816 1490 882 1529 sed
909 1489 1017 1529 aliam
1044 1490 1156 1544 longe
1184 1491 1246 1531 illa
1272 1496 1604 1546 praestantiorem.

248 1555 358 1610 Quod
378 1564 503 1598 autem
527 1556 685 1597 subinde
705 1557 742 1597 in
764 1557 884 1597 lucem
906 1557 1030 1597 editus
1054 1558 1146 1598 deus
1168 1560 1295 1610 suerit,
1324 1575 1399 1601 non
1420 1562 1531 1603 homo
1555 1566 1647 1605 duu-
1691 1567 1780 1619 ,Cup-

137 1632 257 1675 taxat,
288 1639 309 1665 a
328 1623 457 1678 Magis
481 1632 613 1680 aperte
637 1624 918 1680 comprobatum
944 1633 1016 1665 est.
1069 1624 1263 1680 Siquidem
1290 1628 1419 1683 elapso
1443 1631 1515 1670 iam
1538 1632 1644 1673 bien·
1670 1612 1802 1646 λΧΙΧ·

136 1693 215 1744 nio,
249 1693 347 1746 quod
369 1692 489 1747 ipsum
516 1694 648 1733 stellae
671 1701 818 1748 tempus
840 1692 984 1733 Herodi
1007 1692 1289 1747 significarunt,
1321 1710 1342 1736 a
1365 1697 1519 1739 biennio
1543 1700 1646 1741 vide-

134 1760 223 1800 licet
255 1767 367 1814 atque
403 1761 526 1811 infra,
572 1760 881 1815 Hierosolymam
914 1761 1114 1801 venientes
1149 1762 1507 1819 interrogantesque
1538 1765 1643 1822 Magi
1663 1779 1772 1824 Marta.

134 1842 217 1868 cum
238 1826 448 1869 Bethleemi
470 1829 576 1869 nasci
601 1826 795 1869 Christum
823 1836 1000 1883 oportere
1024 1829 1268 1880 didicissent,
1302 1831 1347 1871 ab
1369 1832 1461 1873 urbe
1483 1834 1643 1888 digressi
1665 1814 1695 1849 ²⁹
1718 1816 1755 1842 m

133 1903 241 1946 sunt,
287 1896 494 1950 eademque
525 1897 619 1937 duce
651 1896 760 1937 stella
785 1894 1047 1937 Bettiteemum
1080 1897 1312 1952 aspirarunt.
1374 1898 1452 1951 lbi,
1496 1910 1646 1956 postea-

133 1978 241 2018 quam
265 1963 491 2019 introgressi
523 1973 632 2015 sunt,
676 1962 869 2005 Clu-istum
901 1978 985 2004 cum
1010 1963 1138 2006 Maria
1168 1974 1288 2007 matre
1318 1978 1565 2022 repererunt,
1609 1979 1648 2013 et

132 2031 374 2086 procidentes
412 2033 669 2074 adoraverunt
704 2046 787 2072 eum
819 2032 1111 2087 obtuleruntque
1143 2048 1315 2075 munera.
1386 2034 1644 2089 Quamobrem

134 2113 217 2139 cum
252 2100 376 2140 statim
411 2101 593 2141 adoretur
625 2100 685 2154 qui
715 2108 823 2141 natus
849 2107 928 2150 est,
976 2116 1050 2142 non
1075 2102 1198 2142 nudus
1223 2109 1281 2143 est
1304 2103 1415 2144 homo
1440 2106 1506 2146 sed
1534 2107 1641 2159 deus,

133 2181 255 2221 neque
287 2175 371 2222 post
400 2183 521 2209 anuos
549 2169 724 2222 triginta,
769 2168 829 2208 vel
859 2168 1105 2223 baptismum,
1151 2168 1326 2212 Christus
1355 2174 1534 2225 efficitur,
1576 2178 1642 2216 scd

132 2235 291 2275 subinde
314 2233 492 2277 Christus
518 2251 536 2277 e
559 2235 686 2276 Maria
710 2236 858 2289 virgine
882 2237 974 2277 deus
995 2238 1139 2292 pariter
1160 2245 1273 2291 atque
1297 2239 1409 2279 homo
1432 2249 1544 2282 natus
1567 2251 1639 2284 est.

132 2301 342 2358 Propterea
365 2305 491 2345 statim
516 2304 640 2358 angeli
666 2304 832 2344 coeleste
859 2318 1013 2345 carmen
1039 2306 1266 2346 concinunt:
1311 2310 1437 2347 Gloria
1459 2312 1495 2348 2'12
1521 2314 1641 2350 eoecel-
1659 2324 1768 2363 Μαι),
1785 2329 1823 2357 14.

130 2374 182 2410 sis
206 2374 293 2420 deo,
328 2380 365 2411 et
385 2375 422 2412 in
448 2381 548 2412 terra
565 2387 664 2424 paoe,
708 2373 910 2412 hominibus
924 2388 1110 2425 propensa
1134 2376 1314 2414 voluntas.
1377 2374 1455 2416 Sed
1481 2383 1518 2417 et
1542 2379 1642 2419 felici

131 2438 195 2478 illo
221 2439 354 2479 nuntio
380 2448 555 2495 pastores
578 2439 865 2493 impertiuntur:
908 2443 1031 2480 Natus
1054 2449 1109 2481 est
1137 2444 1256 2490 vobis,
1300 2443 1494 2497 inquiunt,
1536 2448 1642 2486 hodie

133 2510 304 2547 Christus
322 2512 488 2548 dominus
510 2512 547 2547 in„
570 2511 717 2547 civitate
734 2511 865 2547 David.
919 2507 1058 2563 Neque
1081 2510 1151 2550 hoc
1173 2512 1310 2560 solum,
1337 2511 1469 2552 infelix
1489 2512 1636 2554 Ebion!

132 2575 178 2615 de
199 2573 355 2616 Christo
375 2576 658 2630 comprobatur,
687 2590 817 2617 verum
841 2575 954 2616 etiam
976 2591 1076 2617 auno
1097 2579 1234 2618 aetatis
1256 2578 1478 2620 duodecimo
1501 2583 1640 2623 sedens

131 2642 232 2683 inter
257 2644 478 2684 sacerdotes
503 2657 548 2683 ac
573 2644 747 2684 seniores
772 2651 946 2698 repertus
969 2652 1050 2695 est,
1084 2659 1168 2685 cum
1193 2659 1260 2686 eos
1284 2646 1562 2702 interrogaret,
1596 2665 1640 2691 ae

134 2724 217 2751 cum
238 2711 311 2751 illis
333 2711 565 2765 inquireret,
607 2711 702 2751 adeo
730 2718 770 2751 ut
792 2715 1017 2752 mirarentur
1037 2717 1074 2753 in
1104 2715 1212 2753 verbo
1228 2717 1396 2764 graliae,
1437 2720 1535 2768 quod
1547 2733 1639 2770 pro·
1655 2731 1725 2760 Luc.
1739 2734 1816 2769 4‚22.

133 2780 279 2818 cedebat
299 2782 342 2818 de
364 2794 427 2818 ore
447 2782 537 2818 eius.
601 2777 690 2819 Non
714 2779 784 2819 hoe
805 2794 904 2820 anuo
927 2781 1073 2821 demum
1097 2781 1292 2835 trigesimo
1314 2782 1490 2835 faciebat,
1523 2793 1564 2826 ut
1585 2787 1639 2828 di-

134 2859 220 2886 cere
249 2847 393 2901 possis,
437 2861 486 2886 ex
512 2861 584 2901 quo
609 2847 762 2901 spiritus
785 2847 823 2887 in
849 2862 933 2888 eum
958 2857 1113 2889 sanctus
1139 2850 1293 2903 illapsus
1322 2858 1400 2902 est,
1442 2849 1635 2895 Christum

133 2925 223 2952 esse
246 2915 441 2969 coepisse,
485 2916 551 2955 sed
576 2929 597 2954 a
620 2912 715 2954 XII.
745 2915 893 2967 statim,
937 2917 989 2957 uti
1018 2917 1205 2968 diximus,
1250 2924 1382 2972 estque
1413 2933 1435 2960 a
1459 2918 1567 2962 Luca
1597 2922 1636 2964 in

133 2981 332 3034 evangelio
357 2982 561 3037 proditum.
624 2981 841 3036 Quinetiam
865 2984 976 3038 paulo
1007 2992 1095 3026 ante
1121 2999 1227 3036 eum,
1267 2992 1307 3026 ut
1332 2987 1473 3040 refert,
1515 3002 1636 3045 paene

1283 3054 1370 3096 19*
