2034 3267
434 198 609 230 PANARH
634 198 731 230 ADV.
754 198 972 229 HAERESES
1003 198 1083 230 LlB.
1105 199 1130 230 1.
1152 199 1255 230 TOM.
1279 200 1302 230 1.
1566 193 1609 231 61

117 283 228 330 atque
258 276 438 317 universa
469 276 739 330 scripturarum
765 276 918 316 oracula
944 276 1232 331 praedicabant,
1275 277 1322 317 ab
1346 276 1619 331 agricolatione

116 344 260 399 depulsi
288 351 398 394 suut,
441 358 645 397 eorumque
677 344 760 383 loco
786 351 922 396 gentes
947 343 1208 394 introductae3
1249 344 1343 384 adeo
1373 351 1413 385 ut
1442 345 1541 385 nulla
1572 346 1622 385 sit

116 411 189 452 illis
227 412 519 465 consequendae
548 410 679 451 salutis
718 410 790 450 alia
821 409 952 449 relicta
992 411 1090 450 ratio
1124 425 1233 464 quam
1273 419 1314 452 ut
1353 413 1395 452 ad
1434 413 1619 466 evangelii

116 480 275 534 gratiam
306 478 534 533 postliminio
564 476 800 529 confugiant.
860 475 1011 516 Etenim
1043 479 1138 530 apud
1169 477 1272 532 ipsos
1303 479 1427 519 onmia
1456 479 1620 520 iustitiae

116 547 302 602 praesidia
333 560 442 586 cassa
473 546 672 597 inaniaque
701 542 848 582 reddita
877 550 987 591 sunt;
1031 544 1081 582 uti
1114 546 1253 597 passim
1285 546 1436 586 divinae
1470 547 1618 594 literae,

118 622 156 654 et
184 614 322 668 ubique
361 616 439 653 fere
470 618 672 652 testantur.
740 607 803 648 Ex
839 609 972 662 quibus
1008 624 1121 649 unum
1154 612 1337 652 duntaxat
1366 615 1621 654 testimonium

117 682 354 732 adferemus,
388 694 460 734 quo
491 693 598 732 quam
624 675 866 716 immutabilis
899 676 1078 729 firmaque
1106 678 1290 717 adversus
1323 680 1405 719 illos
1435 681 1509 721 lata
1535 696 1622 721 sen-

118 749 235 789 tentia
271 749 320 787 sit
348 747 475 802 paucis
505 744 730 785 ostenditur.
799 741 898 794 Quid
931 743 1029 782 enim
1066 744 1102 782 in
1136 744 1239 797 ipsos
1275 759 1294 783 a
1328 746 1398 785 deo
1429 748 1620 790 decretum

117 817 188 866 sit,
220 816 337 855 verba
364 814 424 854 illa
449 812 664 851 declarant:
704 812 862 856 Anima,
896 810 1038 863 inquit,
1071 825 1163 861 quae
1178 814 1392 862 prophetam
1422 815 1523 852 illum
1547 831 1617 854 non
1637 820 1785 881 Cf·¹¹gt·ut-

118 886 296 929 audierit,
337 879 637 920 exterminabitur
665 891 687 915 a
718 878 816 915 tribu
845 891 933 923 sua,
972 885 1010 915 et
1035 878 1081 915 ab
1110 880 1268 925 Israele,
1300 887 1336 917 et
1364 880 1409 917 ab
1438 884 1538 919 omni
1563 897 1620 920 re·
1722 876 1728 882 ’

115 955 226 1001 glane
247 963 337 1002 quae
355 948 452 986 coelo
475 946 682 983 subiicitur.
746 942 857 996 Quod
881 944 1054 984 nimirum
1078 959 1175 998 quac
1195 945 1261 984 lex
1283 947 1441 1000 mystice
1463 948 1624 988 tradide-

119 1025 198 1067 rat,
238 1018 328 1056 baec
351 1028 371 1053 a
394 1010 548 1053 Christo
572 1012 724 1050 domino
748 1012 1001 1051 consummari
1028 1012 1240 1065 munirique
1265 1016 1433 1066 perfecte
1458 1028 1500 1053 ac
1525 1016 1626 1055 salu-

120 1085 238 1125 briter
261 1080 480 1135 oportebat,
514 1093 557 1118 36
581 1078 749 1132 quisquis
778 1079 879 1118 illum
909 1079 1040 1119 audire
1068 1086 1272 1129 renueret,
1306 1087 1370 1119 aut
1397 1081 1627 1122 detrectaret

120 1150 327 1204 imperium,
361 1160 444 1186 eum
467 1146 615 1185 tametsi
638 1147 758 1199 legem
782 1160 1049 1200 usquequaque
1071 1154 1244 1186 servaret
1267 1148 1366 1187 0111111
1390 1162 1456 1202 spe
1478 1150 1626 1202 potiun-

119 1220 188 1258 dae
211 1214 340 1256 salutis
366 1214 533 1254 excludi.
595 1211 733 1266 Neque
764 1213 862 1253 enim
894 1214 959 1253 lex
982 1221 1178 1268 praestare
1205 1217 1411 1269 perfectum
1438 1215 1624 1256 hominem

120 1290 255 1339 potest,
283 1296 350 1336 pro
375 1296 420 1321 eo
446 1281 543 1334 quod
566 1294 695 1320 crassa
720 1281 846 1321 omnia
866 1295 1125 1335 corporeaque
1148 1283 1438 1335 consequendae
1460 1283 1626 1324 iustitiae

118 1350 305 1406 praesidia
327 1349 602 1403 complectitur,
630 1362 724 1401 quae
745 1348 783 1387 in
803 1346 957 1388 Christo
980 1349 1130 1388 domino
1153 1349 1278 1403 reipsa
1299 1359 1623 1391 consummantur.

228 1417 423 1457 Hactenus
447 1417 491 1456 de
511 1415 738 1456 Iudaeorum
762 1424 881 1455 secta.
941 1414 1001 1456 De
1023 1430 1093 1469 qua
1118 1430 1237 1470 pauca
1258 1418 1439 1470 quaedam
1462 1432 1627 1459 comme-

119 1498 268 1526 morare
293 1485 414 1525 visum
438 1491 520 1532 est,
555 1497 601 1522 ne
625 1483 778 1522 omnino
805 1484 1218 1537 praetermitteremus,
1252 1491 1364 1537 atque
1384 1492 1423 1524 ut
1446 1499 1498 1525 ex
1521 1494 1627 1540 parte

118 1553 250 1593 saltem
278 1565 372 1605 quae
397 1551 544 1590 illorum
568 1551 715 1605 propria
743 1557 830 1590 sunt
854 1552 1028 1590 oratione
1050 1565 1383 1605 prosequeremur.
1443 1550 1629 1593 Praeser-

119 1621 183 1660 tim
211 1634 293 1659 cum
322 1619 495 1659 omnibus
523 1620 602 1657 fere
631 1625 703 1657 tam
731 1618 877 1657 illorum
905 1619 954 1658 sit
975 1618 1212 1669 institutum,
1253 1633 1362 1672 quam
1390 1620 1472 1659 eius
1497 1622 1628 1660 redar»

119 1687 257 1741 guendi
289 1686 615 1739 convincendique
648 1686 744 1725 ratio
777 1693 990 1739 perspecta.
1050 1686 1134 1725 Nos
1168 1700 1260 1726 vero
1292 1686 1496 1740 primordia
1527 1688 1626 1728 illius

119 1753 353 1795 ostendimus
379 1760 415 1792 61
434 1754 620 1793 undenam
644 1753 848 1792 excitatum
872 1754 987 1793 fuerit
1009 1753 1218 1803 docuimus,
1251 1768 1295 1793 ac
1315 1755 1627 1807 quemadmodum

119 1822 165 1862 ab
188 1821 370 1861 Abraami
399 1821 635 1875 patriarchae
665 1819 849 1872 religione
877 1835 897 1861 3
927 1835 1000 1874 quo
1027 1821 1213 1874 procreati
1246 1822 1397 1861 fuerant
1439 1820 1626 1876 Religiosi

119 1889 303 1944 principio
335 1888 516 1928 nominati
552 1888 649 1937 sint,
691 1887 887 1927 Israelitae
922 1902 1014 1928 vero
1047 1889 1092 1928 ab
1122 1888 1223 1928 illius
1255 1889 1329 1928 filio
1359 1888 1521 1940 Iacobo,
1565 1891 1626 1944 qui

120 1956 241 1997 lsrael
267 1963 424 1997 vocatus
451 1963 523 1995 est.
586 1954 662 1995 Sed
687 1969 706 1994 a
731 1953 888 1995 Davidis
917 1962 1108 2010 tempore,
1151 1955 1213 2009 qui
1243 1970 1264 1994 e
1288 1955 1401 1996 ludae
1426 1957 1544 2011 stirpe
1568 1970 1628 1997 re-

121 2039 235 2078 gnum
264 2023 449 2073 obtinuit,
492 2021 569 2062 XII
598 2037 728 2062 omnes
754 2022 873 2062 tribus
898 2021 1025 2062 Iudaei
1053 2030 1165 2076 atque
1191 2022 1387 2064 1313011136
1412 2025 1627 2078 promiscue

122 2091 367 2141 dicebantur,
400 2104 518 2144 usque
541 2090 584 2129 ad
615 2088 856 2130 Salomonem
881 2081 1055 2141 Davidis,
1089 2098 1128 2130 et
1148 2090 1385 2131 Roboamum
1412 2091 1628 2132 Salomonis

120 2159 258 2209 fllium,
303 2157 463 2198 Davidis
487 2165 677 2211 nepotem.
741 2156 801 2196 Ex
829 2171 901 2211 quo
926 2157 1074 2211 quidem
1100 2172 1167 2212 per
1191 2158 1436 2198 iustissimam
1462 2160 1521 2199 dei
1547 2160 1627 2198 ani-

120 2226 447 2276 madversionem,
481 2226 652 2279 quodque
680 2223 772 2264 male
795 2224 949 2264 meritus
970 2224 1317 2275 111-3111οὺ031333,
1351 2225 1428 2265 Xll
1453 2227 1540 2265 illae
1564 2226 1628 2265 tri-

120 2293 191 2333 bus
215 2293 359 2333 divisae
388 2300 498 2344 311111,
542 2292 634 2332 adeo
660 2299 700 2330 ut
725 2292 866 2332 duabus
894 2306 976 2332 cum
999 2293 1152 2333 dimidia
1179 2293 1294 2333 ludae
1321 2294 1402 2334 sive
1429 2292 1628 2333 Ruboamo

120 2360 280 2410 relictis,
311 2374 448 2401 novem
473 2375 554 2399 cum
581 2359 730 2398 dimidia
754 2357 976 2400 leroboamo
998 2360 1137 2400 fuerint
1158 2374 1381 2401 concessae.
1430 2359 1512 2400 Hae
1535 2374 1627 2400 vero

121 2442 258 2468 novem
283 2426 542 2467 Israelitarnm
559 2458 568 2475 ,
603 2433 666 2465 aut
693 2424 846 2467 lsraelis
870 2428 1020 2468 nomine
1047 2428 1325 2479 censebantur,
1367 2428 1500 2481 quibus
1523 2427 1628 2467 lero—

121 2495 280 2535 boamus
306 2493 448 2535 Nabati
475 2495 570 2534 filius
595 2501 790 2547 praeerat,
824 2495 980 2548 eiusque
1006 2496 1113 2548 regni
1138 2496 1250 2535 sedes
1278 2496 1314 2535 111
1341 2493 1516 2536 Samaria
1538 2509 1627 2535 cou-

122 2563 266 2602 stituta.
327 2561 514 2616 Reliquae
541 2562 635 2599 duae
662 2559 938 2616 Hierosolymis
965 2563 1202 2603 contributae
1230 2577 1346 2617 penes
1374 2577 1466 2616 quas
1494 2562 1628 2602 ludae-

123 2644 231 2669 orum
264 2643 401 2669 nomen
435 2628 590 2668 resedit.
659 2626 802 2668 Harum
836 2629 1009 2684 princeps
1042 2629 1262 2670 Roboamus
1296 2637 1378 2670 erat
1410 2628 1628 2670 Salomonis

122 2696 244 2747 filius,
288 2704 398 2750 atque
425 2696 468 2735 ab
496 2710 541 2736 eo
570 2695 747 2749 deinceps
775 2710 904 2750 regum
935 2705 993 2737 est
1018 2698 1177 2737 deducta
1204 2698 1414 2737 successio.
1475 2695 1627 2736 Etenim

123 2761 345 2803 Roboamus
370 2763 505 2803 Abiam
537 2761 688 2816 genuit,
722 2763 841 2803 Abias
866 2764 1009 2814 Asam,
1044 2766 1125 2804 Asa
1154 2764 1417 2819 losapbatum,
1450 2763 1630 2818 103311113-

125 2836 185 2869 tus
212 2829 425 2880 Ioramum,
466 2829 638 2870 loramus
664 2827 896 2882 ochoziam,
929 2830 1123 2872 Ochezias
1148 2832 1274 2883 loam,
1308 2832 1394 2872 loas
1415 2832 1626 2880 Amasiam,

126 2897 305 2937 Amasias
333 2898 536 2947 Azariam,
580 2897 641 2950 qui
674 2903 712 2935 et
742 2895 860 2939 Ozias
889 2906 1048 2940 vocatus
1080 2907 1161 2949 est,
1203 2900 1368 2940 Azarias
1397 2900 1479 2941 sive
1510 2896 1629 2940 Ozias

127 2959 376 3016 Ioathamum,
410 2964 626 3005 Ioathamus
653 2964 859 3017 Achasum,
894 2966 1070 3007 Achasus
1096 2961 1518 3019 Ezechiam,'Ezecbia
1544 2977 1629 3019 por-
