2034 3267
492 162 666 194 PANAan
693 162 774 194 ΜΒ.
796 164 820 193 1.
842 162 949 195 ToM.
969 162 1026 194 ΠΙ.
1051 161 1303 193 HAER.XL11.
1583 150 1661 188 557

132 240 258 282 Nobis
282 241 430 281 iniussu
451 241 660 281 venerandi
685 241 802 296 patris
827 242 877 281 tui
904 242 1030 281 facere
1052 240 1150 280 istud
1176 254 1250 279 non
1274 239 1376 279 licet.
1439 235 1522 279 Una
1544 236 1662 290 siqui-

135 310 219 350 dem
242 309 334 349 fides
358 315 438 358 est,
474 316 511 349 et
533 310 745 349 animorum
768 323 841 350 nna
865 309 1091 359 consensi03
1127 321 1248 362 neque
1271 313 1403 347 eontra
1422 304 1660 361 spectatissi-

134 391 234 417 mum
271 376 456 430 collegam
492 385 637 431 patrem
681 385 783 417 tuum
830 377 953 416 moliri
990 376 1175 430 quippiam
1217 388 1433 429 possumus.
1504 373 1558 413 At
1596 373 1658 413 ille

134 444 402 485 vehementius
435 446 727 485 excandescens
760 458 802 483 ac
834 443 1014 498 superbia
1045 443 1264 496 invidiaque
1296 442 1463 496 percitus
1495 441 1659 482 schisma

134 513 329 562 conflavit,
364 527 406 552 ac
428 513 613 567 privatam
639 512 816 552 haeresin
839 511 1110 561 architectatus
1130 517 1205 561 est,
1238 516 1290 559 et,
1326 508 1557 560 Ecclesiam,
1592 510 1659 559 ait,

135 588 303 621 vestram
334 595 405 634 ego
432 580 664 629 dissociabo,
697 580 734 619 in
762 593 921 632 eamque
948 578 1112 618 schisma
1140 577 1415 631 sempiternum
1443 577 1658 617 immittam.

134 645 245 701 Quod
271 648 332 688 ille
358 662 495 688 revera
520 662 589 688 nec
614 647 806 687 mediocre
830 646 979 700 quidem
1003 645 1156 694 iniecit,
1202 659 1277 684 nou
1302 644 1355 684 ita
1383 652 1508 685 tamen
1536 653 1576 685 ut
1600 659 1661 685 ec-

133 716 310 767 clesiam,
346 717 412 757 sed
446 723 485 756 ut
515 730 556 756 se
590 715 714 770 potius
747 728 790 754 ae
821 728 913 754 suos
945 713 1193 753 discinderet.

247 781 368 824 Cuius
401 785 433 824 ei
461 784 678 824 schismatis
705 788 971 835 argumentum
997 780 1136 820 nebulo
1169 780 1231 819 ille
1263 787 1300 820 et
1324 780 1511 834 impostor
1533 778 1661 821 Cerdo

133 851 322 906 praebuit.
384 851 484 892 Nam
511 858 550 891 ct
572 852 644 890 duo
666 850 746 904 ipse
769 848 963 903 Principia
989 847 1202 888 constituit.
1261 848 1314 888 At
1335 846 1485 888 Marcio
1507 849 1661 888 tertium

133 921 177 959 ad
208 920 307 959 illius
345 920 481 973 dogma
512 917 745 972 Principium
778 917 939 967 adiecit,
984 924 1027 956 ut
1060 916 1215 955 omnino
1247 916 1319 955 tria
1353 916 1452 955 sint:
1501 930 1661 969 quorum

132 1002 247 1027 unum
281 988 330 1027 sit
359 1001 598 1042 supremum,
647 985 745 1039 quod
777 998 900 1038 neque
933 983 1087 1024 nomine
1119 983 1388 1038 comprehendi
1422 997 1546 1037 neque
1576 984 1662 1023 visu

133 1056 275 1110 percipi
300 1055 434 1110 possit,
469 1068 579 1108 quem
606 1060 643 1092 et
666 1051 814 1093 Bonum
842 1050 962 1092 Deum
987 1052 1166 1106 appellat,
1200 1066 1220 1091 a
1247 1065 1320 1105 quo
1345 1051 1436 1090 nihil
1459 1050 1509 1090 sit
1531 1065 1662 1091 eorum

134 1137 229 1177 quae
252 1123 289 1162 in
312 1122 450 1162 mundo
472 1129 561 1162 sunt
582 1121 792 1161 conditum.
857 1119 1033 1160 Alterum
1057 1133 1152 1160 vero
1177 1117 1300 1159 Deum
1327 1132 1414 1159 esse
1439 1118 1527 1158 dicit
1554 1133 1663 1173 aspeae

134 1191 307 1230 ctabilem
334 1204 378 1230 ac
404 1188 646 1230 Creatorem.
713 1188 893 1228 Tertium
917 1188 1080 1241 denique
1106 1186 1310 1227 Diabolum
1334 1186 1435 1226 inter
1461 1186 1593 1227 ambos
1618 1186 1663 1227 il-

133 1259 214 1309 los,
248 1258 519 1313 aspectabilem
548 1258 696 1298 scilicet
721 1263 759 1296 et
784 1270 866 1296 eum
893 1256 954 1309 qui
980 1255 1098 1310 aspici
1124 1255 1254 1309 nequit
1279 1254 1537 1295 interiectum.
1598 1253 1663 1295 Ex

133 1326 181 1366 iis
219 1327 279 1379 qui
313 1323 479 1366 Creator
516 1332 575 1365 est
615 1333 652 1364 et
687 1324 841 1379 opifex,
891 1324 1088 1377 viderique
1120 1329 1267 1377 potest,
1319 1321 1545 1362 ludaeorum
1577 1337 1663 1363 esse

133 1394 260 1444 deum,
296 1394 534 1447 eundemque
562 1391 746 1432 Iudicem.
812 1388 996 1432 Ceterum
1021 1391 1222 1445 virginitas
1245 1405 1263 1430 a
1286 1388 1490 1430 Marcione
1513 1391 1661 1445 praedi-

132 1469 255 1502 catur.
320 1459 507 1501 Ieiunium
535 1468 571 1501 et
596 1460 755 1500 sabbato
781 1459 979 1500 observari
1007 1458 1206 1513 praecipit.
1266 1456 1458 1513 Mysteria
1483 1458 1662 1499 catechu-

131 1529 254 1569 menis
283 1529 531 1569 cernentibus
563 1529 660 1583 apud
689 1528 792 1568 illum
822 1527 1081 1567 celebrantur.
1146 1526 1206 1566 Ad
1234 1526 1327 1567 haee
1354 1540 1448 1567 vero
1478 1527 1661 1581 mysteria

131 1611 266 1652 aquam
300 1597 468 1637 adhibet.
532 1594 702 1637 Sabbato
737 1595 783 1635 ob
817 1609 900 1635 eam
932 1608 1108 1634 caussam
1140 1594 1322 1634 ieiunium
1354 1595 1500 1634 sanxit.
1564 1591 1660 1635 Cum

132 1665 231 1705 enim
258 1665 332 1716 ait,
378 1663 604 1704 ludaeorum
631 1664 714 1714 dei,
757 1662 819 1717 qui
844 1663 942 1702 hunc
968 1662 1146 1702 mundum
1173 1661 1396 1711 fabricavit,
1440 1662 1503 1701 illa
1528 1662 1577 1701 sit
1601 1676 1662 1701 re-

132 1732 264 1787 quies,
310 1747 393 1772 cum
426 1733 485 1772 die
511 1730 603 1772 Vll.
632 1730 892 1785 requieverit,
937 1730 1070 1770 eadem
1102 1744 1172 1770 nos
1203 1729 1377 1769 ieiunare
1409 1729 1658 1779 instituimus,

131 1814 180 1840 ne
211 1798 440 1840 Iudaeorum
475 1800 534 1840 dei
567 1799 701 1839 ritibus
734 1799 786 1838 uti
817 1798 1032 1838 videamur.
1094 1794 1263 1838 Carnem
1296 1804 1411 1852 negat
1436 1811 1659 1851 resurgere,

131 1867 244 1922 idque
277 1868 391 1907 habet
421 1868 611 1922 plerisque
643 1882 726 1907 cum
754 1866 978 1906 haeresibus
1006 1879 1222 1906 commune.
1285 1865 1449 1905 Animae
1475 1865 1664 1905 duntaxat

131 1937 458 1976 resurrectionem
482 1950 525 1976 ac
546 1936 661 1975 vitam
686 1935 796 1975 unius
819 1941 857 1974 et
876 1934 1038 1974 salutem
1061 1933 1215 1973 asserit.
1279 1931 1476 1988 Baptismo
1502 1947 1578 1973 non
1602 1947 1663 1973 se-

133 2004 228 2054 mel,
273 2005 338 2043 sed
372 2004 485 2043 tertio
517 2003 613 2058 apud
647 2002 732 2042 illos
759 2002 971 2042 initiantur.
1036 2000 1147 2054 Quod
1179 2000 1258 2040 lieri
1281 2000 1426 2041 idcirco
1450 2001 1659 2051 concessit,

132 2072 231 2125 quod
259 2085 277 2110 a
304 2072 500 2126 discipulis
525 2070 628 2118 suis,
674 2070 808 2124 quibus
837 2071 961 2110 fuerat
985 2069 1183 2122 cognitus,
1229 2069 1274 2108 ob
1301 2069 1478 2108 delictum
1504 2069 1592 2108 illud
1618 2083 1662 2108 ac

135 2139 297 2193 virginis
327 2147 498 2194 stuprum
527 2138 689 2178 ludibrio
717 2146 821 2178 esset
846 2138 1009 2178 habitus.
1072 2135 1173 2176 Nam
1206 2151 1289 2176 cum
1318 2136 1507 2189 virginem
1538 2136 1574 2175 in
1600 2150 1665 2190 pa·-

132 2206 205 2246 tria
228 2214 539 2262 constuprasset,
585 2213 622 2245 et
648 2206 814 2259 ingentis
839 2205 969 2258 flagitii
996 2205 1196 2244 convictus
1221 2204 1456 2258 aufugisset,
1500 2202 1660 2243 alterum

134 2275 204 2314 sibi
240 2276 571 2315 circumforaneus
603 2275 675 2313 iste
708 2273 932 2328 baptismum
959 2272 1143 2323 adscivit,
1187 2272 1302 2311 licere
1329 2271 1579 2326 pronuntians
1604 2279 1663 2311 ter

136 2343 290 2382 omnino
313 2342 420 2396 aquis
442 2342 515 2382 elui
539 2356 580 2381 ac
604 2341 790 2395 baptismo
814 2348 1055 2395 peccatorum
1078 2341 1123 2380 ad
1148 2340 1467 2380 condonationem
1492 2338 1658 2393 expiari,

135 2417 174 2450 ut
197 2410 229 2450 si
255 2411 337 2464 quis
361 2417 445 2464 post
466 2416 686 2464 usurpatum
711 2409 874 2463 priorem
898 2407 1131 2463 peccaverit,
1165 2408 1209 2447 ad
1235 2408 1441 2447 secundum
1466 2421 1548 2446 cum
1572 2421 1663 2461 poe-

136 2477 297 2517 nitentia
322 2477 542 2531 confugiat,
577 2476 828 2530 similiterque
853 2477 1030 2525 tertium,
1065 2475 1096 2515 si
1121 2482 1205 2528 post
1227 2475 1434 2515 secundum
1459 2475 1595 2515 iterum
1619 2489 1661 2516 se

137 2545 284 2585 delictis
313 2545 580 2585 obstrinxerit.
644 2542 755 2596 Quod
784 2545 828 2583 ad
852 2544 1030 2584 infamiae
1055 2557 1145 2583 suae
1172 2543 1380 2583 remedium
1405 2542 1658 2596 excogitavit,

138 2627 210 2667 quo
241 2627 283 2653 se
314 2627 464 2653 rursum
495 2619 580 2666 post
612 2611 758 2651 facinus
783 2618 980 2666 purgatum
1011 2619 1049 2651 et
1079 2613 1178 2650 inter
1203 2611 1430 2650 innocentes
1456 2625 1660 2651 numeran-

138 2681 224 2721 dum
256 2695 342 2721 esse
374 2680 638 2735 persuaderet.
702 2679 760 2718 Ad
792 2679 890 2732 quod
920 2679 1033 2719 etiam
1067 2679 1161 2718 falso
1189 2677 1447 2718 testimonium
1473 2678 1659 2732 quoddam

139 2749 422 2799 accommodat,
467 2747 563 2801 quod
596 2746 724 2800 specie
750 2745 831 2800 ipsa
856 2746 1049 2800 probabile
1075 2746 1193 2800 possit
1219 2745 1363 2796 videri,
1409 2746 1480 2786 etsi
1507 2760 1583 2786 non
1613 2760 1660 2787 eo

139 2834 253 2880 ἇρῖαεὶς
277 2837 393 2881 Ξύμου.
927 2839 1084 2868 Vaticano.

172 2878 261 2914 Ἕω).
281 2885 338 2915 ΙΙΙ.
363 2902 406 2907 —
433 2883 460 2915 1.
483 2884 569 2914 Libri
592 2880 726 2914 ἐκείνου.
966 2881 996 2914 3.
1016 2879 1102 2915 κατὰ
1118 2882 1257 2913 emendat
1270 2883 1416 2913 petavius
1428 2883 1460 2913 in
1475 2883 1661 2915 Animadvv.

185 2932 215 2960 2.
243 2930 339 2960 Verba
359 2927 417 2961 καὶ
435 2927 580 2968 κτίστην,
603 2936 680 2966 quae
700 2928 880 2958 desideran-
969 2925 1000 2958 4.
1023 2924 1180 2968 πειὲανήν
1203 2928 1272 2958 edit.
1293 2929 1391 2966 princ.

141 2977 189 3004 tur
209 2976 240 3005 in
260 2975 451 3014 e‹lit.princ.‚
472 2974 617 3005 Petavius
633 2973 745 3004 adiecit
765 2981 801 3003 ex
813 2973 878 3004 cod.

1690 788 1766 831 Cap.
1791 790 1843 820 lll.
