2034 3267
504 196 681 228 PANARH
705 196 786 228 Lm.
808 197 832 228 1.
857 194 962 228 ToM.
983 196 1039 227 111.
1064 194 1194 226 HAER.
1216 194 1322 225 xmi.
1592 182 1672 223 639

272 273 405 316 Schol.
432 273 669 316 LXXVIII.
719 278 815 326 Quid
837 276 980 314 turbati
1002 277 1119 313 estis?
1179 276 1303 312 Videte
1328 286 1457 311 manus
1482 285 1599 317 meus,
1644 277 1681 308 et
1695 283 1820 317 Luem,
1836 285 1876 309 aa.

149 345 260 394 pedes
289 357 407 382 meos:
441 346 527 395 quia
556 346 710 395 spiritus
739 357 821 382 ossa
851 358 922 382 non
953 344 1081 389 habet,
1115 345 1213 380 sieut
1241 356 1296 380 me
1325 343 1453 379 videtis
1484 340 1630 378 habere.

262 477 398 518 Refut.
424 477 661 519 LXXVIII.
711 477 808 532 Quis
836 477 1134 531 nugacissimum
1163 477 1262 517 hunc
1290 490 1365 516 non
1389 475 1570 524 irrideat,
1614 473 1676 527 qui

153 545 359 586 stoliditate
389 561 455 587 sua
487 562 570 587 cum
603 546 872 600 semetipsum,
922 552 998 585 tum
1029 551 1246 584 ceterorum
1277 544 1423 584 animas
1455 542 1499 582 ad
1531 542 1676 582 inferos

153 614 355 654 detrudat?
412 614 515 655 Nam
539 615 610 655 nisi
634 615 727 654 hacc
751 614 814 653 ille
838 613 1087 653 confiteretur
1108 612 1249 662 omnia,
1283 611 1443 651 haberet
1463 610 1545 650 eius
1569 623 1678 649 error

153 682 320 722 colorem
348 683 536 736 aliquem,
581 696 625 723 ac
648 682 761 722 venia
785 680 887 735 digni
911 687 1116 734 utcumque
1141 681 1268 719 forent
1298 679 1359 732 qui
1387 692 1428 718 se
1453 677 1498 717 ab
1523 677 1586 717 illo
1611 678 1675 717 de-

152 750 224 804 cipi
257 757 493 801 paterentur.
554 749 671 790 Nunc
703 764 787 789 cum
818 756 856 788 et
885 748 957 788 iste
984 747 1102 788 verba
1126 747 1190 787 illa
1212 761 1280 801 pro
1304 745 1497 800 germanis
1523 745 1674 794 habeat,

153 831 225 858 nec
245 832 289 858 ea
312 818 524 868 sustulerit,
558 825 596 858 et
617 817 661 857 ab
687 817 856 857 eiusdem
879 815 1073 870 discipulis
1095 815 1287 868 legantur,
1321 828 1405 854 cum
1428 822 1676 867 utrorumque

153 885 354 936 delictum,
390 893 466 926 tum
491 899 583 926 vero
608 885 706 939 iguis
726 885 789 924 ille
817 890 967 933 manet,
1002 897 1112 937 quem
1138 882 1241 922 nulla
1263 881 1532 935 tergiversatio
1557 881 1678 936 possit

154 953 342 1007 effugere,
370 960 499 1008 utpote
519 953 655 1006 quibus
678 952 802 992 omnis
825 952 1000 1006 adempta
1023 951 1073 991 sit
1093 950 1310 990 excusatio.
1366 948 1468 990 Nam
1489 948 1525 988 id
1547 956 1676 1003 aperte

153 1021 326 1061 salvator
352 1021 524 1071 edocuit,
569 1027 655 1075 post
676 1020 1002 1061 resurrectionem
1029 1018 1181 1058 ossibus
1205 1031 1248 1058 se
1272 1031 1316 1057 ac
1339 1030 1455 1056 carne
1479 1025 1674 1065 constare,

154 1089 251 1143 quod
285 1089 378 1128 haec
410 1088 527 1143 ipsius
559 1088 679 1129 verba
705 1088 990 1128 demonstrant:
1034 1090 1145 1126 Sicut
1165 1101 1219 1124 me
1244 1088 1372 1124 videtis
1395 1086 1542 1123 habere.
1605 1084 1678 1124 At-

153 1170 226 1210 que
250 1156 320 1196 hoc
338 1156 440 1196 illius
463 1156 590 1211 operis
611 1163 876 1210 argumentum
900 1163 974 1206 est,
1009 1155 1107 1209 quod
1131 1154 1318 1194 adversus
1337 1150 1577 1192 Marcionem
1600 1152 1678 1191 ela-

152 1224 405 1274 boraveram‚
439 1224 614 1278 quodque
640 1238 690 1264 ex
711 1224 786 1264 illis
810 1223 1002 1277 evangelii
1026 1222 1219 1276 reliquiis,
1254 1235 1347 1275 quas
1375 1220 1497 1261 adhuc
1519 1220 1676 1270 retinet,

154 1291 312 1346 carptim
338 1292 570 1346 selegeram.
634 1291 746 1346 Quod
770 1291 920 1346 quidem
946 1292 990 1331 ad
1013 1290 1256 1330 refutandum
1277 1289 1376 1329 illius
1403 1302 1575 1328 errorem
1600 1289 1678 1328 suf-

153 1359 267 1400 ficere
297 1360 476 1400 arbitror.
540 1359 665 1400 Venio
696 1374 795 1400 nunc
826 1360 870 1400 ad
906 1359 1071 1412 reliquas
1106 1357 1270 1412 apostoli
1303 1357 1539 1407 sententias,
1584 1370 1677 1410 quas

152 1428 310 1482 perinde
332 1429 599 1469 adsciscendas
622 1428 788 1482 putavit,
823 1442 895 1481 ego
917 1441 1013 1467 vero
1035 1433 1164 1467 vestra
1187 1439 1324 1465 caussa
1343 1423 1581 1479 potissimum
1607 1438 1676 1464 ex-

153 1495 295 1550 cerpsi,
318 1496 356 1536 in
376 1497 470 1537 iisce
490 1496 747 1551 proponendis
769 1496 930 1536 eundem
955 1509 1028 1548 quo
1050 1494 1114 1534 ille
1137 1508 1228 1534 usus
1248 1500 1307 1533 est
1326 1492 1497 1533 ordinem
1519 1492 1678 1532 seriem-

152 1577 225 1617 que
257 1563 383 1614 tenui,
427 1571 468 1604 ut
495 1564 540 1604 ab
573 1578 616 1604 ea
651 1578 747 1618 quae
783 1564 827 1603 ad
859 1561 1019 1604 Galatas
1050 1563 1193 1616 scripta
1223 1568 1282 1601 est
1310 1560 1458 1600 initium
1492 1561 1674 1600 facerem.

152 1630 262 1672 Hauc
283 1632 382 1672 enim
408 1632 529 1686 primo
552 1632 613 1672 ille
640 1631 723 1672 loco
747 1631 959 1686 proposuit.
1023 1629 1102 1671 Sed
1128 1644 1198 1670 nos
1223 1629 1312 1669 olim
1337 1634 1521 1683 excerpta
1545 1635 1678 1668 nostra

150 1698 206 1740 sic
227 1698 539 1750 institueramus,
574 1714 649 1739 non
677 1706 717 1739 ut
738 1699 838 1739 illius
860 1698 1034 1739 ordinem
1054 1711 1328 1751 sequeremur,
1361 1696 1428 1736 sed
1453 1710 1538 1736 eum
1565 1709 1675 1749 quem

153 1767 362 1821 apostolica
389 1767 530 1821 scripta
553 1774 870 1822 repraesentant,
910 1766 1088 1806 nimirum
1110 1766 1271 1820 primum
1296 1771 1336 1804 ut
1359 1764 1483 1804 locum
1509 1777 1554 1803 ea
1581 1776 1677 1817 quae

153 1835 198 1875 ad
222 1833 423 1876 Romanos
450 1835 590 1889 scripta
616 1842 675 1876 est
696 1834 903 1875 obtineret.
964 1832 1081 1874 Nunc
1105 1840 1231 1874 autem
1251 1831 1380 1873 omnia
1406 1832 1452 1872 ad
1477 1830 1578 1872 illius
1606 1844 1676 1871 nos

154 1903 316 1943 sormam
348 1910 386 1944 et
416 1903 634 1957 exemplum
663 1903 947 1943 accommodata
977 1914 1248 1957 proponemus.

1695 1980 1736 2006 Ex
1751 1979 1879 2015 epistola

265 2038 398 2080 Schol.
424 2037 455 2079 l.
503 2043 643 2078 Discite
669 2043 754 2092 quia
785 2042 903 2078 iustus
932 2055 979 2077 ω·
996 2040 1081 2090 stile
1112 2040 1211 2076 vivit.
1276 2040 1460 2088 Quotquot
1489 2038 1581 2074 enim
1607 2036 1675 2073 sub
1691 2014 1878 2087 Ξᾱαξῗιζῑῗῗ

156 2109 236 2159 lege
265 2116 372 2154 sunt,
405 2109 473 2146 sub
499 2110 690 2147 maledieto
719 2115 818 2146 sunt.
884 2110 957 2157 Qui
982 2114 1102 2145 autem
1126 2107 1260 2157 feeerit
1290 2107 1382 2150 istu,
1418 2107 1512 2142 vivet
1540 2106 1578 2142 in
1607 2106 1673 2142 eis.

264 2175 397 2216 Refut.
426 2173 456 2214 Ι.
506 2173 613 2215 Haec
635 2175 715 2229 ipsa
741 2175 882 2215 verba:
915 2177 1056 2213 Discite
1075 2176 1160 2225 quia
1182 2176 1300 2212 iustus
1321 2188 1368 2210 ωι-
1381 2172 1466 2222 fide
1488 2174 1594 2218 vii-et,
1629 2171 1676 2210 ab

153 2244 326 2298 apostolo
348 2250 527 2297 usurpata
550 2249 817 2283 testamentum
839 2249 948 2282 vetus
969 2241 1232 2296 comprobant.
1295 2238 1404 2279 Haec
1425 2238 1525 2278 enim
1545 2238 1590 2278 ab
1609 2238 1674 2278 illo

153 2319 242 2352 sunt
267 2326 317 2351 ex
340 2311 423 2365 lege
447 2325 491 2350 ac
513 2310 706 2365 prophetis
728 2311 771 2349 ad
795 2309 911 2350 vitam
935 2309 1044 2349 nobis
1066 2308 1341 2348 conciliandam
1367 2307 1410 2346 de
1436 2320 1537 2346 novo
1558 2312 1676 2346 testa-

153 2387 283 2420 mento
310 2378 574 2434 pronuntiata,
620 2386 658 2418 et
684 2378 834 2432 quidem
861 2391 944 2417 cum
971 2391 1039 2431 spe
1064 2383 1197 2416 nostra
1222 2382 1499 2415 consentanea.
1562 2372 1675 2426 Quod

153 2454 278 2487 autem
311 2448 378 2485 sub
403 2449 592 2486 maledieto
619 2461 697 2484 esse
728 2445 840 2496 dicit,
884 2459 930 2485 eo
957 2445 1201 2485 referendum
1234 2450 1314 2493 est,
1360 2441 1458 2495 quod
1489 2441 1676 2481 adversus

153 2514 293 2555 Adami
322 2514 498 2555 delictum
527 2514 585 2553 dei
613 2513 928 2553 comminationes
959 2512 995 2552 in
1021 2513 1108 2566 Iege
1133 2511 1453 2559 continebantur,
1499 2509 1620 2548 donec
1655 2522 1675 2548 e

155 2582 262 2622 coelo
285 2583 424 2622 missus
446 2581 647 2621 adveniret
670 2579 873 2630 Christus,
908 2580 969 2634 qui
993 2595 1044 2620 cx
1066 2579 1205 2620 Adami
1228 2592 1353 2618 massa
1380 2579 1580 2617 formatum
1604 2576 1676 2616 sibi

156 2664 293 2706 corpus
325 2650 487 2690 induens
519 2649 757 2689 maledictum
788 2648 826 2688 in
857 2647 1160 2688 benedictionem
1194 2646 1399 2687 convertit.

268 2717 400 2758 Schol.
429 2715 480 2757 ll.
529 2719 750 2755 Maledictus
774 2719 888 2755 omnis
913 2719 980 2767 qui
993 2718 1127 2766 pendet
1150 2718 1186 2754 in
1211 2717 1325 2765 ligno.
1392 2715 1465 2762 Qui
1487 2719 1606 2751 autem
1631 2727 1678 2750 ex
1696 2725 1767 2754 lbid.
1788 2728 1826 2754 13.

156 2789 437 2837 repromissione
466 2793 543 2832 est,
578 2800 624 2823 eur
655 2785 784 2823 libera.
1695 2771 1856 2808 ⁰³¹³·4·²³·

155 2875 298 2918 superius
324 2875 453 2919 quidem
476 2874 565 2906 iuxta
587 2874 734 2906 ordinem
758 2886 815 2917 per
837 2880 893 2906 to-
983 2874 1036 2907 78.
1062 2870 1213 2908 δεικτικά
1231 2872 1297 2903 cod.
1316 2873 1411 2903 Vatic.
1453 2868 1590 2905 δεκτικὰ
1610 2871 1679 2902 libri

156 2926 224 2951 tum
248 2932 265 2952 a
289 2921 382 2952 nobis
406 2919 577 2963 proposita
598 2919 681 2956 sint,
708 2931 792 2951 nunc
816 2931 894 2952 vero
941 2922 1022 2952 editi.

157 2964 196 2996 ab
222 2965 358 3008 epistola
382 2966 423 2998 ad
449 2966 580 2997 Galatas
605 2964 699 2996 initio
724 2965 850 2996 facto.“
985 2964 1037 2998 79.
1061 2959 1187 2998 ἅνωῖῑεν
1210 2963 1277 2994 cod.
1304 2963 1419 3001 Vatia,
1455 2965 1482 2993 et
1512 2962 1582 2993 inde
1605 2961 1676 2993 edit.

201 3010 252 3044 77.
278 3013 383 3052 Supra
406 3010 546 3045 Μάὲετε
568 3009 606 3045 δὲ
629 3006 680 3044 ὅτι
704 3009 840 3047 δίκαιος,
939 3013 1046 3044 petav.
1091 3004 1159 3042 ἄνω
1183 3008 1252 3040 edit.
1270 3009 1369 3048 princ.
