2034 3267
516 144 692 176 PANARH
715 144 797 176 Lm.
823 144 846 175 Ι.
871 143 975 175 ΤΟΜ.
995 144 1035 174 ΙΙ.
1061 142 1189 174 HAER.
1211 142 1345 173 XXXI.
1599 132 1677 171 307

170 223 342 264 sentibus
380 222 542 263 obsitum
573 237 754 277 gramen,
798 224 859 264 vel
895 223 1056 277 denique
1088 222 1140 262 uti
1178 221 1304 276 plures
1332 234 1383 260 ex
1417 219 1550 259 eodem
1580 232 1675 259 cavo

168 291 324 345 scorpii,
358 291 409 330 ita
431 290 485 330 illi
509 305 641 331 omnes
663 291 796 332 eodem
821 299 989 346 tempore
1011 292 1049 330 in
1075 290 1171 330 bane
1190 289 1306 329 vitam
1328 288 1587 336 effloruerunt,
1613 301 1672 336 ac,

167 359 265 412 quod
288 358 397 413 paulo
424 365 512 398 ante
533 359 670 398 dictum
692 366 765 410 est,
795 366 969 412 tanquam
989 358 1092 412 fungi
1113 357 1292 397 inusitata
1316 355 1474 409 quadam
1496 354 1677 394 foeditate

168 426 301 465 eodem
333 433 524 466 momento
557 425 727 467 universi
757 431 1036 480 proruperunt,
1069 424 1382 478 quemadmodum
1410 423 1455 463 de
1482 421 1556 462 illis
1587 421 1675 461 olim

168 491 350 533 Irenaeus
377 494 574 548 praeclara
606 493 666 534 vir
692 492 893 533 sanctitate
926 491 1206 546 pronunciavit.
1268 491 1463 545 Aequales
1494 490 1593 529 enim
1623 489 1676 529 illi

167 575 301 601 omnes
331 561 566 612 extiterunt,
607 561 684 611 sie,
717 567 757 600 ut
788 550 945 613 quilibet
975 559 1178 614 pessimam
1207 559 1253 599 ab
1283 559 1405 598 altero
1439 557 1674 612 disciplinam

166 642 212 668 ac
236 629 372 682 dogma
393 635 585 669 mutuatus
615 627 751 678 fuerit,
784 627 903 676 alius,
938 626 1111 680 inquam,
1145 626 1251 666 velut
1273 633 1433 666 exortus
1464 626 1508 665 ab
1538 626 1674 676 altero,

166 710 239 750 quo
264 710 305 736 se
327 697 484 750 amplius
507 702 733 745 ostentaret,
756 693 1020 734 scelestissimi
1040 694 1242 733 commenti
1264 694 1542 747 discrepantem
1562 707 1678 747 quan-

168 764 251 803 dam
276 765 434 804 formam
459 777 502 804 ac
524 763 711 803 rationem
735 760 983 814 excogitarit.
1025 759 1100 813 Qui
1124 775 1166 800 se
1188 774 1321 800 omnes
1343 758 1551 800 Gnosticos
1575 775 1678 800 com-

167 831 270 871 muni
298 831 548 886 appellatione
570 830 641 870 dici
663 829 881 870 voluerunt.
935 825 1162 868 Cuiusmodi
1183 827 1414 869 Valentinus
1436 828 1519 878 fuit,
1553 836 1590 868 et
1615 828 1677 882 qui

166 899 269 938 illum
296 898 470 939 Gnostici
492 904 803 952 praecesserunt.
866 895 1036 950 ltemque
1056 893 1263 946 Basilides,
1298 909 1342 935 ac
1367 894 1608 944 Saturninus,
1642 903 1680 935 et

170 964 421 1015 Colorbasus,
455 979 498 1005 ac
520 963 779 1015 Ptolemaeus,
804 971 842 1004 et
865 961 1082 1014 Secundus,
1113 961 1385 1018 Carpocrates,
1417 963 1555 1016 aliique
1577 977 1679 1003 com—

168 1034 310 1088 plures.
372 1031 519 1085 Quibus
550 1032 725 1072 omnibus
748 1031 886 1083 sectis,
920 1032 1018 1086 quod
1041 1032 1175 1072 eodem
1201 1031 1378 1086 prodiere
1403 1037 1595 1085 tempore,
1630 1031 1680 1070 si-

167 1102 243 1141 mul
273 1099 495 1149 recensitis,
530 1114 629 1140 nunc
653 1100 836 1154 cuiusque
861 1100 967 1140 velut
997 1108 1102 1140 satus
1138 1099 1262 1139 labem
1293 1113 1337 1139 ac
1364 1099 1571 1153 perniciem
1603 1098 1680 1138 sin-

169 1169 322 1222 gillatim
347 1181 553 1222 exponam.
615 1165 695 1209 Sed
716 1168 837 1223 ipsum
860 1167 1046 1223 imprimis
1065 1168 1273 1208 haereseos
1308 1173 1421 1221 caput
1451 1180 1495 1206 ae
1527 1174 1679 1220 tragoe-

168 1237 250 1276 diae
271 1242 466 1276 auctorem
491 1235 708 1290 aggrediar‚
736 1234 982 1276 Valentinum
1006 1235 1193 1290 intelligo,
1221 1233 1566 1289 Valentinianaque
1589 1235 1681 1289 dog-

166 1310 287 1352 mata,
333 1317 430 1357 quae
466 1303 512 1343 ab
545 1303 720 1358 speciosa
750 1302 814 1343 illa
853 1302 1124 1344 Gnosticorum
1162 1303 1402 1359 professione
1438 1303 1676 1358 prodierunt,

166 1385 259 1425 quas
280 1368 575 1425 Catagnosticas
599 1371 724 1425 potius
752 1385 895 1426 nugas,
929 1371 1000 1412 hoc
1027 1379 1087 1413 est
1108 1372 1322 1421 damnatas,
1356 1372 1548 1426 appellare
1571 1371 1676 1421 licet,

163 1437 217 1478 uti
242 1439 384 1494 pridem
407 1439 602 1494 sapientes
622 1453 688 1479 eas
710 1440 1029 1489 condemnarunt,
1057 1454 1100 1479 ac
1118 1439 1279 1479 ludibrio
1297 1439 1429 1493 dignas
1447 1438 1676 1479 habuerunt.

276 1504 397 1560 Igitur
420 1505 650 1548 Valentinus
673 1507 746 1547 iste
774 1507 963 1561 prioribus
992 1507 1065 1547 illis
1097 1522 1117 1547 a
1149 1522 1209 1548 me
1233 1514 1347 1547 autea
1368 1506 1676 1547 commemoratis

163 1581 334 1629 tempore
356 1582 415 1615 est
439 1574 651 1629 posterior,
686 1572 856 1615 Basilide
880 1575 1056 1615 nimirum
1078 1589 1121 1615 ac
1151 1574 1366 1626 Saturnilo,
1398 1573 1565 1624 Ebione,
1600 1571 1677 1614 Ce-

162 1642 290 1682 rintho
322 1657 365 1683 ac
392 1641 611 1693 Merintho,
646 1656 854 1696 eorumque
885 1643 1014 1683 sociis.
1079 1641 1276 1697 Siquidem
1308 1657 1441 1683 omnes
1475 1657 1551 1682 uno
1584 1649 1679 1682 tem-

163 1724 256 1764 pore
280 1711 325 1750 ad
351 1710 504 1751 humani
532 1711 686 1764 generis
711 1711 871 1751 exitium
893 1710 1037 1765 profusi
1066 1718 1176 1762 sunt3
1217 1725 1445 1765 quamquam
1470 1708 1678 1751 Cerintlius

162 1791 207 1817 ac
227 1776 446 1819 Merintlius
478 1786 516 1819 et
547 1777 670 1819 Ebion
703 1778 892 1832 paululum
924 1779 1137 1833 antegressi
1162 1786 1273 1830 sunt,
1317 1792 1362 1818 ac
1393 1793 1477 1819 cum
1506 1778 1552 1818 iis
1584 1791 1679 1831 quos

164 1853 251 1886 ante
275 1846 362 1887 illos
385 1846 588 1901 percensui
614 1846 766 1901 prodire
792 1853 1016 1901 coeperunt.
1076 1845 1275 1888 Valentini
1302 1861 1417 1902 porro
1443 1845 1602 1901 patriam
1634 1860 1678 1885 ac

164 1913 319 1968 stirpem
347 1914 518 1969 plerique
544 1914 736 1954 nesciunt.
796 1912 889 1954 Non
915 1913 1014 1955 enim
1040 1914 1164 1955 locum
1187 1914 1334 1970 ipsum,
1368 1915 1468 1955 unde
1495 1913 1677 1954 oriundus

165 1988 289 2032 esset,
332 1982 560 2037 scriptorum
599 1982 695 2022 ullus
729 1981 936 2036 expressit.
971 1981 1144 2023 ‘Verum
1184 1983 1229 2023 ad
1262 1997 1333 2023 nos
1367 1982 1561 2023 auditione
1597 1981 1678 2022 sola

163 2050 348 2103 quaedam
371 2049 453 2090 eius
476 2050 532 2090 rei
557 2050 656 2089 fama
684 2049 880 2104 pervenit,
925 2065 1035 2104 quam
1059 2051 1208 2105 quidem
1238 2050 1582 2105 praetereundam,
1615 2064 1678 2104 pa-

165 2117 350 2171 triamque
372 2118 526 2157 omnino
552 2117 860 2158 dissimulandam
882 2132 957 2158 non
986 2119 1168 2170 arbitror,
1202 2119 1354 2159 tametsi
1374 2118 1517 2158 veritas
1540 2118 1577 2157 in
1600 2131 1678 2157 am-

161 2184 278 2238 biguo
305 2185 428 2239 posita
454 2185 621 2225 videtur.
673 2184 761 2225 Nos
784 2186 956 2240 quicquid
982 2187 1197 2242 accepimus
1220 2201 1264 2227 ea
1287 2187 1332 2227 de
1354 2200 1397 2226 re
1420 2186 1675 2241 proferemus.

164 2250 263 2292 Sunt
295 2253 357 2306 qui
382 2251 639 2293 Plireboniten
673 2252 775 2292 illum
807 2254 949 2294 faciant
979 2268 1030 2295 ex
1054 2254 1224 2310 Aegypti
1255 2254 1413 2308 quadam
1446 2267 1536 2304 ora,
1577 2253 1678 2293 unde

159 2320 436 2360 Alexandriam
458 2321 652 2375 profectus
675 2320 745 2371 sit,
777 2320 903 2375 ibique
928 2320 1166 2363 Graecorum
1191 2322 1336 2362 artibus
1367 2321 1579 2361 institutus.
1641 2322 1678 2360 A

163 2387 297 2441 quibus
325 2394 360 2427 et
384 2386 592 2428 Hesiodiae
619 2386 872 2441 Theogoniae
893 2403 936 2429 ac
958 2387 1087 2430 XXX
1107 2390 1257 2430 illorum
1283 2389 1456 2439 deorum,
1491 2403 1585 2442 quos
1606 2388 1676 2428 ibi-

162 2455 247 2495 dem
270 2455 333 2496 ille
358 2456 576 2506 recensuit,
609 2469 652 2495 ac
670 2456 867 2509 gentilium
892 2457 1102 2498 fabularum
1137 2457 1175 2497 in
1201 2457 1326 2498 animo
1358 2470 1428 2497 suo
1460 2456 1675 2511 exemplum

208 2579 284 2610 cn.
306 2581 346 2611 Ιῐ.
370 2597 413 2604 -
450 2579 477 2612 1.
503 2576 540 2612 οὗ
560 2579 607 2623 τῷ
633 2580 698 2611 cod.
714 2581 784 2612 Ven.
986 2582 1016 2615 7.
1039 2581 1068 2615 εἰ
1089 2584 1145 2616 δεῖ
1161 2583 1225 2613 cod.
1242 2582 1312 2612 ren.
1336 2575 1405 2622 ἤδη
1427 2582 1536 2620 reliqui
1557 2581 1637 2611 libri.

205 2624 236 2656 2.
262 2623 402 2666 κίρινξῐον
422 2623 479 2657 καὶ
499 2622 575 2662 τοὺς
590 2626 655 2656 cod.
673 2626 743 2656 ren.
773 2622 896 2668 Κήριν-
985 2626 1017 2660 8.
1042 2625 1102 2668 τήν
1124 2623 1237 2667 ἀληξῐῆ
1259 2627 1324 2657 cod.
1345 2627 1440 2657 Vatic.
1482 2627 1561 2657 Olim
1585 2629 1677 2664 puta-

162 2668 218 2745 ῗὶἓν
236 2667 291 2702 τὸν
314 2668 372 2702 καὶ
388 2667 557 2711 Μτῇρινξῒον
578 2668 634 2702 καὶ
658 2667 734 2708 τοὺς
756 2672 821 2702 cod.
838 2672 895 2702 Va·
941 2673 1241 2759 ἓῖτὲιᾳέερίέᾚίῗυῃτ
1271 2669 1303 2703 ἐν
1323 2666 1519 2713 οἷμφιλέκτῳ
1544 2665 1613 2712 ἤδη
1638 2668 1674 2703 τὸ

206 2758 238 2791 3.
264 2756 448 2801 ἐνεφύησαν
473 2761 540 2791 cod.
558 2761 628 2791 Ven.
985 2762 1016 2795 9.
1040 2773 1111 2795 τινα
1131 2763 1177 2793 ed.
1195 2763 1293 2800 princ.

205 2801 235 2835 4.
259 2815 320 2837 τιν’,
341 2802 449 2846 ῥοίδιον
471 2804 536 2837 τῶν
557 2806 622 2836 cod.
648 2806 719 2836 Ven.
988 2807 1038 2838 10.
1063 2804 1292 2850 Φαρβαιὲτίτην
1312 2807 1599 2845 corrigitPetavius.
1628 2806 1675 2845 Cf.

164 2848 236 2924 νεῖ.
261 2847 568 2893 ἐνενηχῆσειφήμη
591 2861 638 2887 τις
657 2847 814 2892 ἐλήλυῇεν
826 2851 892 2882 cod.
944 2853 1106 2930 ῗοίξςῑὲἰαε
1137 2852 1179 2882 ad
1207 2852 1287 2882 Eccl.
1319 2853 1371 2882 Gr.
1397 2852 1532 2882 Monam.
1560 2855 1629 2882 tom.
1654 2852 1678 2881 1.

205 2917 236 2969 6'.
258 2936 372 2972 τούτου
395 2938 494 2975 τόπον
519 2941 585 2972 cod.
610 2942 681 2973 Ven.
938 2907 972 2936 1·
989 2942 1038 2974 11.
1056 2919 1156 2984 ’ὅμως
1179 2942 1243 2973 cod.
1267 2941 1336 2973 Veri.

1318 2999 1371 3039 20
1388 2997 1410 3021 *

1712 1511 1789 1554 Cap.
1812 1513 1852 1545 Π.
