<?xml version="1.0" encoding="UTF-8"?>
<!DOCTYPE html PUBLIC "-//W3C//DTD XHTML 1.0 Transitional//EN"
    "http://www.w3.org/TR/xhtml1/DTD/xhtml1-transitional.dtd">
<html xmlns="http://www.w3.org/1999/xhtml" xml:lang="en" lang="en">
 <head>
  <title>
</title>
<meta http-equiv="Content-Type" content="text/html;charset=utf-8" />
  <meta name='ocr-system' content='tesseract 3.04.00' />
  <meta name='ocr-capabilities' content='ocr_page ocr_carea ocr_par ocr_line ocrx_word'/>
</head>
<body>
  <div class='ocr_page' id='page_1' title='image "./p1corporishaereseo02epipuoft/p1corporishaereseo02epipuoft_0200.png"; bbox 0 0 2034 3267; ppageno 0'>
   <div class='ocr_carea' id='block_1_1' title="bbox 419 138 1376 177">
    <p class='ocr_par' dir='ltr' id='par_1_1' title="bbox 419 138 1376 177">
     <span class='ocr_line' id='line_1_1' title="bbox 419 138 1376 177; baseline -0.007 0"><span class='ocrx_word' id='word_1_1' title='bbox 419 139 494 177; x_wconf 64' lang='lat'><em>158</em></span> <span class='ocrx_word' id='word_1_2' title='bbox 973 138 1131 170; x_wconf 81' lang='lat' dir='ltr'>SANCTI</span> <span class='ocrx_word' id='word_1_3' title='bbox 1155 138 1376 170; x_wconf 75' lang='lat' dir='ltr'><strong>EPJPHANH</strong></span> 
     </span>
    </p>
   </div>
   <div class='ocr_carea' id='block_1_2' title="bbox 263 210 1936 1681">
    <p class='ocr_par' dir='ltr' id='par_1_2' title="bbox 414 210 1936 1549">
     <span class='ocr_line' id='line_1_2' title="bbox 415 210 1924 276; baseline -0.006 -13"><span class='ocrx_word' id='word_1_4' title='bbox 415 223 518 276; x_wconf 85' lang='grc' dir='ltr'><em>χερσὶ</em></span> <span class='ocrx_word' id='word_1_5' title='bbox 540 217 815 272; x_wconf 78' lang='grc' dir='ltr'><em>φθειρόμενοι,</em></span> <span class='ocrx_word' id='word_1_6' title='bbox 847 212 894 255; x_wconf 79' lang='grc' dir='ltr'><em>οὐ</em></span> <span class='ocrx_word' id='word_1_7' title='bbox 917 212 1038 266; x_wconf 91' lang='grc' dir='ltr'><em>μόνον</em></span> <span class='ocrx_word' id='word_1_8' title='bbox 1059 213 1119 262; x_wconf 82' lang='grc' dir='ltr'><em>δὲ,</em></span> <span class='ocrx_word' id='word_1_9' title='bbox 1157 210 1249 253; x_wconf 75' lang='grc' dir='ltr'><em>ἄλλά</em></span> <span class='ocrx_word' id='word_1_10' title='bbox 1273 214 1339 253; x_wconf 87' lang='grc' dir='ltr'><em>καὶ</em></span> <span class='ocrx_word' id='word_1_11' title='bbox 1366 214 1406 254; x_wconf 83' lang='grc' dir='ltr'><em>οἱ</em></span> <span class='ocrx_word' id='word_1_12' title='bbox 1428 219 1512 263; x_wconf 86' lang='grc' dir='ltr'><em>ταῖς</em></span> <span class='ocrx_word' id='word_1_13' title='bbox 1531 215 1681 270; x_wconf 83' lang='grc' dir='ltr'><em>γυναιξὶ</em></span> <span class='ocrx_word' id='word_1_14' title='bbox 1702 211 1924 267; x_wconf 84' lang='grc' dir='ltr'><em>πλησιάζον-</em></span> 
     </span>
     <span class='ocr_line' id='line_1_3' title="bbox 414 277 1924 338; baseline -0.006 -9"><span class='ocrx_word' id='word_1_15' title='bbox 414 305 487 338; x_wconf 90' lang='grc' dir='ltr'><em>τες,</em></span> <span class='ocrx_word' id='word_1_16' title='bbox 517 284 650 327; x_wconf 81' lang='grc' dir='ltr'><em>λοιπόν</em></span> <span class='ocrx_word' id='word_1_17' title='bbox 669 282 789 337; x_wconf 81' lang='grc' dir='ltr'><em>κόρον</em></span> <span class='ocrx_word' id='word_1_18' title='bbox 808 279 859 334; x_wconf 80' lang='grc' dir='ltr'><em>μὴ</em></span> <span class='ocrx_word' id='word_1_19' title='bbox 881 279 1064 333; x_wconf 80' lang='grc' dir='ltr'><strong><em>λαβόντες</em></strong></span> <span class='ocrx_word' id='word_1_20' title='bbox 1081 284 1151 332; x_wconf 86' lang='grc' dir='ltr'><em>τῆς</em></span> <span class='ocrx_word' id='word_1_21' title='bbox 1168 277 1260 331; x_wconf 77' lang='grc' dir='ltr'><em>μετά</em></span> <span class='ocrx_word' id='word_1_22' title='bbox 1281 283 1357 319; x_wconf 78' lang='grc' dir='ltr'><em>τῶν</em></span> <span class='ocrx_word' id='word_1_23' title='bbox 1379 287 1574 334; x_wconf 81' lang='grc' dir='ltr'><em>γυναικῶν</em></span> <span class='ocrx_word' id='word_1_24' title='bbox 1599 283 1839 335; x_wconf 81' lang='grc' dir='ltr'><em>πολυμιξίας,</em></span> <span class='ocrx_word' id='word_1_25' title='bbox 1871 281 1924 328; x_wconf 79' lang='grc' dir='ltr'><em>εἷς</em></span> 
     </span>
     <span class='ocr_line' id='line_1_4' title="bbox 415 343 1924 406; baseline -0.006 -11"><span class='ocrx_word' id='word_1_26' title='bbox 415 353 599 406; x_wconf 75' lang='grc' dir='ltr'><em>ἄλλήλους</em></span> <span class='ocrx_word' id='word_1_27' title='bbox 622 352 862 399; x_wconf 85' lang='grc' dir='ltr'><em>ἐκκαίονται,</em></span> <span class='ocrx_word' id='word_1_28' title='bbox 890 346 1055 402; x_wconf 75' lang='grc' dir='ltr'><em>’Ἄνδρες</em></span> <span class='ocrx_word' id='word_1_29' title='bbox 1077 348 1117 388; x_wconf 90' lang='grc' dir='ltr'><em>ἐν</em></span> <span class='ocrx_word' id='word_1_30' title='bbox 1137 343 1321 400; x_wconf 69' lang='grc' dir='ltr'><em>ἀνδράσι,</em></span> <span class='ocrx_word' id='word_1_31' title='bbox 1352 345 1450 387; x_wconf 71' lang='grc' dir='ltr'><em>κατὰ</em></span> <span class='ocrx_word' id='word_1_32' title='bbox 1476 347 1518 389; x_wconf 84' lang='grc' dir='ltr'>τὸ</span> <span class='ocrx_word' id='word_1_33' title='bbox 1543 350 1824 404; x_wconf 87' lang='grc' dir='ltr'><em>γεγραμμένον,</em></span> <span class='ocrx_word' id='word_1_34' title='bbox 1854 345 1924 399; x_wconf 79' lang='grc' dir='ltr'><em>τὴν</em></span> 
     </span>
     <span class='ocr_line' id='line_1_5' title="bbox 415 411 1929 472; baseline -0.004 -12"><span class='ocrx_word' id='word_1_35' title='bbox 415 420 664 472; x_wconf 72' lang='grc' dir='ltr'><em>ἀντιμισθίαν</em></span> <span class='ocrx_word' id='word_1_36' title='bbox 686 421 756 470; x_wconf 84' lang='grc' dir='ltr'><em>τῆς</em></span> <span class='ocrx_word' id='word_1_37' title='bbox 777 415 926 469; x_wconf 90' lang='grc' dir='ltr'><em>πλάνης</em></span> <span class='ocrx_word' id='word_1_38' title='bbox 957 416 996 456; x_wconf 91' lang='grc' dir='ltr'><em>ἐν</em></span> <span class='ocrx_word' id='word_1_39' title='bbox 1019 415 1170 462; x_wconf 76' lang='grc' dir='ltr'><em>ἑαυτοῖς</em></span> <span class='ocrx_word' id='word_1_40' title='bbox 1195 411 1541 466; x_wconf 67' lang='grc' dir='ltr'><em>ἀπολαμβάνοντες.</em></span> <span class='ocrx_word' id='word_1_41' title='bbox 1597 415 1766 466; x_wconf 79' lang='grc' dir='ltr'><em>Ἐξώλεις</em></span> <span class='ocrx_word' id='word_1_42' title='bbox 1787 413 1859 470; x_wconf 74' lang='grc' dir='ltr'><em>γάρ</em></span> <span class='ocrx_word' id='word_1_43' title='bbox 1889 415 1929 455; x_wconf 81' lang='grc' dir='ltr'><em>οἵ</em></span> 
     </span>
     <span class='ocr_line' id='line_1_6' title="bbox 415 478 1926 540; baseline -0.005 -12"><span class='ocrx_word' id='word_1_44' title='bbox 415 486 527 528; x_wconf 79' lang='grc' dir='ltr'><em>αὐτοὶ</em></span> <span class='ocrx_word' id='word_1_45' title='bbox 557 484 757 540; x_wconf 89' lang='grc' dir='ltr'><em>γενόμενοι</em></span> <span class='ocrx_word' id='word_1_46' title='bbox 780 485 1053 538; x_wconf 82' lang='grc' dir='ltr'><em>μακαρίζουσιν</em></span> <span class='ocrx_word' id='word_1_47' title='bbox 1083 480 1268 534; x_wconf 74' lang='grc' dir='ltr'><em>ἀλλήλους</em></span> <span class='ocrx_word' id='word_1_48' title='bbox 1278 514 1289 531; x_wconf 99' lang='grc'><em>,</em></span> <span class='ocrx_word' id='word_1_49' title='bbox 1333 478 1418 528; x_wconf 67' lang='grc' dir='ltr'><em>ὃῶς</em></span> <span class='ocrx_word' id='word_1_50' title='bbox 1444 478 1486 522; x_wconf 82' lang='grc' dir='ltr'>τὸ</span> <span class='ocrx_word' id='word_1_51' title='bbox 1515 485 1740 537; x_wconf 88' lang='grc' dir='ltr'><em>προκριτέον</em></span> <span class='ocrx_word' id='word_1_52' title='bbox 1768 487 1926 537; x_wconf 79' lang='grc' dir='ltr'><em>πρᾶγμα</em></span> 
     </span>
     <span class='ocr_line' id='line_1_7' title="bbox 416 547 1928 605; baseline -0.004 -10"><span class='ocrx_word' id='word_1_53' title='bbox 416 552 702 605; x_wconf 79' lang='grc' dir='ltr'><em>α’ναὸεξάμενοι.</em></span> <span class='ocrx_word' id='word_1_54' title='bbox 759 549 869 592; x_wconf 78' lang='grc' dir='ltr'><em>Ἀλλά</em></span> <span class='ocrx_word' id='word_1_55' title='bbox 890 551 957 592; x_wconf 83' lang='grc' dir='ltr'><em>καὶ</em></span> <span class='ocrx_word' id='word_1_56' title='bbox 979 548 1199 597; x_wconf 71' lang='grc' dir='ltr'><em>ἀπατῶντες</em></span> <span class='ocrx_word' id='word_1_57' title='bbox 1221 547 1263 589; x_wconf 85' lang='grc' dir='ltr'>τὸ</span> <span class='ocrx_word' id='word_1_58' title='bbox 1297 547 1429 596; x_wconf 79' lang='grc' dir='ltr'><em>αὐτοῖς</em></span> <span class='ocrx_word' id='word_1_59' title='bbox 1452 547 1687 601; x_wconf 86' lang='grc' dir='ltr'><em>πειθόμενον</em></span> <span class='ocrx_word' id='word_1_60' title='bbox 1710 555 1928 605; x_wconf 87' lang='grc' dir='ltr'><em>γυναικεῖον</em></span> 
     </span>
     <span class='ocr_line' id='line_1_8' title="bbox 416 614 1926 677; baseline -0.004 -14"><span class='ocrx_word' id='word_1_61' title='bbox 416 623 538 677; x_wconf 86' lang='grc' dir='ltr'><em>γένος,</em></span> <span class='ocrx_word' id='word_1_62' title='bbox 568 619 611 662; x_wconf 72' lang='lat' dir='ltr'><em>vd</em></span> <span class='ocrx_word' id='word_1_63' title='bbox 633 619 919 673; x_wconf 82' lang='grc' dir='ltr'><em>σεσωρευμένον</em></span> <span class='ocrx_word' id='word_1_64' title='bbox 939 615 1182 671; x_wconf 69' lang='grc' dir='ltr'><em>ἁμαρτήμασι</em></span> <span class='ocrx_word' id='word_1_65' title='bbox 1203 617 1268 657; x_wconf 83' lang='grc' dir='ltr'><em>καὶ</em></span> <span class='ocrx_word' id='word_1_66' title='bbox 1289 614 1457 670; x_wconf 75' lang='grc' dir='ltr'><em>ἠγμένον</em></span> <span class='ocrx_word' id='word_1_67' title='bbox 1475 618 1666 664; x_wconf 85' lang='grc' dir='ltr'><em>ποικίλαις</em></span> <span class='ocrx_word' id='word_1_68' title='bbox 1686 619 1926 670; x_wconf 79' lang='grc' dir='ltr'><em>ἐπιθυμίαις,</em></span> 
     </span>
     <span class='ocr_line' id='line_1_9' title="bbox 416 681 1927 741; baseline -0.004 -11"><span class='ocrx_word' id='word_1_69' title='bbox 416 688 614 741; x_wconf 78' lang='grc' dir='ltr'><em>φάσκουσι</em></span> <span class='ocrx_word' id='word_1_70' title='bbox 637 693 721 734; x_wconf 89' lang='grc' dir='ltr'><em>ταῖς</em></span> <span class='ocrx_word' id='word_1_71' title='bbox 743 685 1009 739; x_wconf 79' lang='grc' dir='ltr'><em>ἦπατημέναις</em></span> <span class='ocrx_word' id='word_1_72' title='bbox 1031 682 1096 725; x_wconf 64' lang='grc' dir='ltr'><em>’ὑπ’</em></span> <span class='ocrx_word' id='word_1_73' title='bbox 1122 682 1249 725; x_wconf 75' lang='grc' dir='ltr'><em>αὐτῶν</em></span> <span class='ocrx_word' id='word_1_74' title='bbox 1272 682 1349 734; x_wconf 77' lang='grc' dir='ltr'><em>ὅτι,</em></span> <span class='ocrx_word' id='word_1_75' title='bbox 1378 681 1428 723; x_wconf 87' lang='grc' dir='ltr'><strong><em>Ἡ</em></strong></span> <span class='ocrx_word' id='word_1_76' title='bbox 1444 685 1551 724; x_wconf 80' lang='grc' dir='ltr'><em>δεῖνα</em></span> <span class='ocrx_word' id='word_1_77' title='bbox 1572 685 1789 736; x_wconf 83' lang='grc' dir='ltr'><em>παρθένος,</em></span> <span class='ocrx_word' id='word_1_78' title='bbox 1819 682 1846 737; x_wconf 75' lang='grc' dir='ltr'><em>ἡ</em></span> <span class='ocrx_word' id='word_1_79' title='bbox 1868 700 1927 724; x_wconf 73' lang='lat' dir='ltr'><em>vo-</em></span> 
     </span>
     <span class='ocr_line' id='line_1_10' title="bbox 418 748 1931 809; baseline -0.005 -11"><span class='ocrx_word' id='word_1_80' title='bbox 418 761 539 798; x_wconf 87' lang='grc' dir='ltr'><em>σαῦτα</em></span> <span class='ocrx_word' id='word_1_81' title='bbox 564 757 628 809; x_wconf 76' lang='grc' dir='ltr'><em>ἔτη</em></span> <span class='ocrx_word' id='word_1_82' title='bbox 652 754 902 809; x_wconf 84' lang='grc' dir='ltr'><em>ἐφθαρμένη,</em></span> <span class='ocrx_word' id='word_1_83' title='bbox 932 753 999 794; x_wconf 84' lang='grc' dir='ltr'><em>καὶ</em></span> <span class='ocrx_word' id='word_1_84' title='bbox 1020 752 1262 804; x_wconf 81' lang='grc' dir='ltr'><em>φθειρομένη</em></span> <span class='ocrx_word' id='word_1_85' title='bbox 1282 749 1375 792; x_wconf 84' lang='grc' dir='ltr'><em>καθ’</em></span> <span class='ocrx_word' id='word_1_86' title='bbox 1398 749 1560 804; x_wconf 74' lang='grc' dir='ltr'><em>ἑκάστην</em></span> <span class='ocrx_word' id='word_1_87' title='bbox 1579 748 1737 805; x_wconf 75' lang='grc' dir='ltr'><em>ἡμέραν.</em></span> <span class='ocrx_word' id='word_1_88' title='bbox 1797 750 1931 806; x_wconf 80' lang='grc' dir='ltr'><em>Κόρου</em></span> 
     </span>
     <span class='ocr_line' id='line_1_11' title="bbox 417 816 1931 880; baseline -0.005 -14"><span class='ocrx_word' id='word_1_89' title='bbox 417 823 490 880; x_wconf 73' lang='grc' dir='ltr'><em>γάρ</em></span> <span class='ocrx_word' id='word_1_90' title='bbox 514 822 587 865; x_wconf 77' lang='grc' dir='ltr'><em>οὐκ</em></span> <span class='ocrx_word' id='word_1_91' title='bbox 615 825 689 876; x_wconf 71' lang='grc' dir='ltr'><em>ἔχει</em></span> <span class='ocrx_word' id='word_1_92' title='bbox 721 819 811 875; x_wconf 81' lang='grc' dir='ltr'><em>παρ’</em></span> <span class='ocrx_word' id='word_1_93' title='bbox 833 819 967 869; x_wconf 76' lang='grc' dir='ltr'><em>αὐτοῖς</em></span> <span class='ocrx_word' id='word_1_94' title='bbox 996 818 1021 873; x_wconf 79' lang='grc' dir='ltr'>ἡ</span> <span class='ocrx_word' id='word_1_95' title='bbox 1052 822 1224 874; x_wconf 88' lang='grc' dir='ltr'><em>λαγνεία,</em></span> <span class='ocrx_word' id='word_1_96' title='bbox 1268 816 1343 859; x_wconf 74' lang='grc' dir='ltr'><em>ἀλλ’</em></span> <span class='ocrx_word' id='word_1_97' title='bbox 1375 817 1469 859; x_wconf 78' lang='grc' dir='ltr'><em>ὅσον</em></span> <span class='ocrx_word' id='word_1_98' title='bbox 1499 835 1558 866; x_wconf 90' lang='grc' dir='ltr'><em>τις</em></span> <span class='ocrx_word' id='word_1_99' title='bbox 1592 816 1682 873; x_wconf 85' lang='grc' dir='ltr'><em>παρ’</em></span> <span class='ocrx_word' id='word_1_100' title='bbox 1714 816 1844 866; x_wconf 78' lang='grc' dir='ltr'><em>αὐτοῖς</em></span> <span class='ocrx_word' id='word_1_101' title='bbox 1873 819 1931 859; x_wconf 89' lang='grc' dir='ltr'><em>αἰ-</em></span> 
     </span>
     <span class='ocr_line' id='line_1_12' title="bbox 418 883 1932 946; baseline -0.005 -13"><span class='ocrx_word' id='word_1_102' title='bbox 418 889 630 946; x_wconf 85' lang='grc' dir='ltr'><em>σχρουργὸς</em></span> <span class='ocrx_word' id='word_1_103' title='bbox 659 889 895 943; x_wconf 75' lang='grc' dir='ltr'><em>ἅνθρωπος,</em></span> <span class='ocrx_word' id='word_1_104' title='bbox 932 892 1119 929; x_wconf 88' lang='grc' dir='ltr'><em>τοσοῦτον</em></span> <span class='ocrx_word' id='word_1_105' title='bbox 1149 884 1238 936; x_wconf 87' lang='grc' dir='ltr'><em>παρ’</em></span> <span class='ocrx_word' id='word_1_106' title='bbox 1266 884 1396 934; x_wconf 77' lang='grc' dir='ltr'><em>αὐτοῖς</em></span> <span class='ocrx_word' id='word_1_107' title='bbox 1427 884 1636 934; x_wconf 90' lang='grc' dir='ltr'><em>ἐπαινετός.</em></span> <span class='ocrx_word' id='word_1_108' title='bbox 1692 883 1862 934; x_wconf 82' lang='grc' dir='ltr'><em>Ἐκείνας</em></span> <span class='ocrx_word' id='word_1_109' title='bbox 1891 885 1932 925; x_wconf 77' lang='grc' dir='ltr'><em>δέ</em></span> 
     </span>
     <span class='ocr_line' id='line_1_13' title="bbox 418 951 1930 1012; baseline -0.005 -12"><span class='ocrx_word' id='word_1_110' title='bbox 418 973 538 1012; x_wconf 90' lang='grc' dir='ltr'><em>φασιν</em></span> <span class='ocrx_word' id='word_1_111' title='bbox 561 956 656 999; x_wconf 79' lang='grc' dir='ltr'><em>εἶναι</em></span> <span class='ocrx_word' id='word_1_112' title='bbox 681 958 926 1012; x_wconf 84' lang='grc' dir='ltr'><em>παρθένους,</em></span> <span class='ocrx_word' id='word_1_113' title='bbox 966 953 1036 1003; x_wconf 74' lang='grc' dir='ltr'><em>τάς</em></span> <span class='ocrx_word' id='word_1_114' title='bbox 1066 955 1254 1008; x_wconf 81' lang='grc' dir='ltr'><em>μηδέποτε</em></span> <span class='ocrx_word' id='word_1_115' title='bbox 1289 955 1328 995; x_wconf 88' lang='grc' dir='ltr'><em>ἐν</em></span> <span class='ocrx_word' id='word_1_116' title='bbox 1353 958 1519 1010; x_wconf 81' lang='grc' dir='ltr'><em>κοσμικῇ</em></span> <span class='ocrx_word' id='word_1_117' title='bbox 1548 956 1647 1005; x_wconf 78' lang='grc' dir='ltr'><em>μίξει</em></span> <span class='ocrx_word' id='word_1_118' title='bbox 1675 952 1804 1007; x_wconf 83' lang='grc' dir='ltr'><em>γάμου</em></span> <span class='ocrx_word' id='word_1_119' title='bbox 1833 951 1930 993; x_wconf 76' lang='grc' dir='ltr'><em>κατά</em></span> 
     </span>
     <span class='ocr_line' id='line_1_14' title="bbox 419 1017 1931 1079; baseline -0.005 -11"><span class='ocrx_word' id='word_1_120' title='bbox 419 1026 541 1079; x_wconf 83' lang='grc' dir='ltr'><em>φύσιν</em></span> <span class='ocrx_word' id='word_1_121' title='bbox 560 1030 629 1078; x_wconf 86' lang='grc' dir='ltr'><em>τῆς</em></span> <span class='ocrx_word' id='word_1_122' title='bbox 652 1027 862 1077; x_wconf 83' lang='grc' dir='ltr'><em>συνηθείας</em></span> <span class='ocrx_word' id='word_1_123' title='bbox 888 1023 1115 1078; x_wconf 76' lang='grc' dir='ltr'><em>γενομένας,</em></span> <span class='ocrx_word' id='word_1_124' title='bbox 1155 1023 1227 1070; x_wconf 75' lang='grc' dir='ltr'><em>ἕως</em></span> <span class='ocrx_word' id='word_1_125' title='bbox 1248 1023 1463 1074; x_wconf 80' lang='grc' dir='ltr'><em>καταβολῆς</em></span> <span class='ocrx_word' id='word_1_126' title='bbox 1485 1022 1724 1075; x_wconf 87' lang='grc' dir='ltr'><em>σπέρματος,</em></span> <span class='ocrx_word' id='word_1_127' title='bbox 1756 1017 1847 1060; x_wconf 71' lang='grc' dir='ltr'><em>ἄλλα</em></span> <span class='ocrx_word' id='word_1_128' title='bbox 1870 1037 1931 1072; x_wconf 87' lang='grc' dir='ltr'><em>μι-</em></span> 
     </span>
     <span class='ocr_line' id='line_1_15' title="bbox 420 1085 1932 1150; baseline -0.005 -15"><span class='ocrx_word' id='word_1_129' title='bbox 420 1094 610 1150; x_wconf 88' lang='grc' dir='ltr'><em>γνυμένας</em></span> <span class='ocrx_word' id='word_1_130' title='bbox 629 1093 696 1145; x_wconf 81' lang='grc' dir='ltr'><em>μὲν</em></span> <span class='ocrx_word' id='word_1_131' title='bbox 714 1090 774 1133; x_wconf 82' lang='grc' dir='ltr'><em>άεὶ</em></span> <span class='ocrx_word' id='word_1_132' title='bbox 800 1092 866 1133; x_wconf 86' lang='grc' dir='ltr'><em>καὶ</em></span> <span class='ocrx_word' id='word_1_133' title='bbox 888 1088 1167 1145; x_wconf 81' lang='grc' dir='ltr'><em>πορνευούσας,</em></span> <span class='ocrx_word' id='word_1_134' title='bbox 1199 1087 1274 1142; x_wconf 76' lang='grc' dir='ltr'><em>πρὸ</em></span> <span class='ocrx_word' id='word_1_135' title='bbox 1297 1089 1338 1129; x_wconf 80' lang='grc' dir='ltr'><em>δὲ</em></span> <span class='ocrx_word' id='word_1_136' title='bbox 1354 1093 1422 1129; x_wconf 86' lang='grc' dir='ltr'><em>τοῦ</em></span> <span class='ocrx_word' id='word_1_137' title='bbox 1444 1086 1728 1141; x_wconf 68' lang='grc' dir='ltr'><em>ἀπαρτισθῆναι</em></span> <span class='ocrx_word' id='word_1_138' title='bbox 1748 1086 1819 1141; x_wconf 83' lang='grc' dir='ltr'><em>τὴν</em></span> <span class='ocrx_word' id='word_1_139' title='bbox 1841 1085 1932 1141; x_wconf 75' lang='grc' dir='ltr'><em>ἦδο-</em></span> 
     </span>
     <span class='ocr_line' id='line_1_16' title="bbox 418 1154 1930 1215; baseline -0.005 -12"><span class='ocrx_word' id='word_1_140' title='bbox 418 1161 491 1215; x_wconf 80' lang='grc' dir='ltr'><em>νὴν</em></span> <span class='ocrx_word' id='word_1_141' title='bbox 523 1159 743 1213; x_wconf 78' lang='grc' dir='ltr'><em>άφιστώσας</em></span> <span class='ocrx_word' id='word_1_142' title='bbox 765 1158 834 1200; x_wconf 77' lang='grc' dir='ltr'><em>τὸν</em></span> <span class='ocrx_word' id='word_1_143' title='bbox 856 1156 1124 1212; x_wconf 83' lang='grc' dir='ltr'><em>πονηροποιόν</em></span> <span class='ocrx_word' id='word_1_144' title='bbox 1157 1154 1284 1197; x_wconf 73' lang='grc' dir='ltr'><em>αὐτῶν</em></span> <span class='ocrx_word' id='word_1_145' title='bbox 1312 1161 1380 1208; x_wconf 80' lang='grc' dir='ltr'><em>τῆς</em></span> <span class='ocrx_word' id='word_1_146' title='bbox 1411 1158 1616 1203; x_wconf 81' lang='grc' dir='ltr'><em>κοινωνίας</em></span> <span class='ocrx_word' id='word_1_147' title='bbox 1647 1156 1823 1209; x_wconf 85' lang='grc' dir='ltr'><em>φθορέα,</em></span> <span class='ocrx_word' id='word_1_148' title='bbox 1865 1156 1930 1196; x_wconf 80' lang='grc' dir='ltr'><em>καὶ</em></span> 
     </span>
     <span class='ocr_line' id='line_1_17' title="bbox 420 1221 1932 1282; baseline -0.005 -12"><span class='ocrx_word' id='word_1_149' title='bbox 420 1227 691 1282; x_wconf 85' lang='grc' dir='ltr'><em>λαμβανούσας</em></span> <span class='ocrx_word' id='word_1_150' title='bbox 721 1225 791 1279; x_wconf 79' lang='grc' dir='ltr'><em>τήν</em></span> <span class='ocrx_word' id='word_1_151' title='bbox 820 1226 1100 1280; x_wconf 82' lang='grc' dir='ltr'><em>προειρημένην</em></span> <span class='ocrx_word' id='word_1_152' title='bbox 1129 1222 1358 1277; x_wconf 75' lang='grc' dir='ltr'><em>αἰσχρότητα</em></span> <span class='ocrx_word' id='word_1_153' title='bbox 1393 1224 1446 1270; x_wconf 88' lang='grc' dir='ltr'><em>εἰς</em></span> <span class='ocrx_word' id='word_1_154' title='bbox 1479 1221 1649 1276; x_wconf 76' lang='grc' dir='ltr'><em>ἐδωδὴν,</em></span> <span class='ocrx_word' id='word_1_155' title='bbox 1688 1221 1740 1271; x_wconf 72' lang='grc' dir='ltr'><em>ὥς</em></span> <span class='ocrx_word' id='word_1_156' title='bbox 1762 1221 1860 1263; x_wconf 77' lang='grc' dir='ltr'><em>κατά</em></span> <span class='ocrx_word' id='word_1_157' title='bbox 1889 1221 1932 1263; x_wconf 76' lang='grc' dir='ltr'><em>τό</em></span> 
     </span>
     <span class='ocr_line' id='line_1_18' title="bbox 422 1288 1936 1349; baseline -0.006 -11"><span class='ocrx_word' id='word_1_158' title='bbox 422 1297 562 1349; x_wconf 77' lang='grc' dir='ltr'><em>ὅμοιον</em></span> <span class='ocrx_word' id='word_1_159' title='bbox 580 1299 649 1336; x_wconf 81' lang='grc' dir='ltr'><em>τοῦ</em></span> <span class='ocrx_word' id='word_1_160' title='bbox 664 1292 808 1346; x_wconf 78' lang='grc' dir='ltr'><em>Σηλώμ</em></span> <span class='ocrx_word' id='word_1_161' title='bbox 833 1290 934 1345; x_wconf 80' lang='grc' dir='ltr'><em>πρὸς</em></span> <span class='ocrx_word' id='word_1_162' title='bbox 953 1290 1022 1343; x_wconf 74' lang='grc' dir='ltr'><em>τὴν</em></span> <span class='ocrx_word' id='word_1_163' title='bbox 1047 1289 1184 1344; x_wconf 82' lang='grc' dir='ltr'><em>Θάμαρ</em></span> <span class='ocrx_word' id='word_1_164' title='bbox 1205 1292 1478 1343; x_wconf 80' lang='grc' dir='ltr'><em>κακοτροπίας,</em></span> <span class='ocrx_word' id='word_1_165' title='bbox 1510 1288 1601 1331; x_wconf 76' lang='grc' dir='ltr'><em>ἆλλοὶ</em></span> <span class='ocrx_word' id='word_1_166' title='bbox 1621 1288 1697 1331; x_wconf 77' lang='grc' dir='ltr'><em>άπὸ</em></span> <span class='ocrx_word' id='word_1_167' title='bbox 1721 1292 1936 1343; x_wconf 87' lang='grc' dir='ltr'><em>παρθενίας</em></span> 
     </span>
     <span class='ocr_line' id='line_1_19' title="bbox 420 1355 1935 1418; baseline -0.004 -14"><span class='ocrx_word' id='word_1_168' title='bbox 420 1363 489 1418; x_wconf 79' lang='grc' dir='ltr'><em>τήν</em></span> <span class='ocrx_word' id='word_1_169' title='bbox 512 1364 645 1415; x_wconf 86' lang='grc' dir='ltr'><em>τέχνην</em></span> <span class='ocrx_word' id='word_1_170' title='bbox 669 1359 813 1411; x_wconf 81' lang='grc' dir='ltr'><em>ταύτην</em></span> <span class='ocrx_word' id='word_1_171' title='bbox 839 1358 1186 1414; x_wconf 69' lang='grc' dir='ltr'><em>Ίέπανῃρημένας,</em></span> <span class='ocrx_word' id='word_1_172' title='bbox 1216 1361 1288 1397; x_wconf 81' lang='grc' dir='ltr'><em>τοῦ</em></span> <span class='ocrx_word' id='word_1_173' title='bbox 1317 1359 1554 1411; x_wconf 84' lang='grc' dir='ltr'><em>φθείρεσθαι</em></span> <span class='ocrx_word' id='word_1_174' title='bbox 1581 1357 1669 1410; x_wconf 81' lang='grc' dir='ltr'><em>μὲν,</em></span> <span class='ocrx_word' id='word_1_175' title='bbox 1709 1356 1762 1410; x_wconf 82' lang='grc' dir='ltr'>μή</span> <span class='ocrx_word' id='word_1_176' title='bbox 1793 1355 1935 1399; x_wconf 72' lang='grc' dir='ltr'><em>ὐποδέ-</em></span> 
     </span>
     <span class='ocr_line' id='line_1_20' title="bbox 421 1422 1933 1483; baseline -0.004 -12"><span class='ocrx_word' id='word_1_177' title='bbox 421 1437 557 1483; x_wconf 83' lang='grc' dir='ltr'><em>χεσθαι</em></span> <span class='ocrx_word' id='word_1_178' title='bbox 576 1430 616 1470; x_wconf 80' lang='grc' dir='ltr'><em>δὲ</em></span> <span class='ocrx_word' id='word_1_179' title='bbox 637 1433 705 1481; x_wconf 85' lang='grc' dir='ltr'><em>τῆς</em></span> <span class='ocrx_word' id='word_1_180' title='bbox 728 1430 887 1479; x_wconf 78' lang='grc' dir='ltr'><em>φθορᾶς</em></span> <span class='ocrx_word' id='word_1_181' title='bbox 909 1424 980 1478; x_wconf 79' lang='grc' dir='ltr'><em>τὴν</em></span> <span class='ocrx_word' id='word_1_182' title='bbox 1003 1428 1103 1477; x_wconf 82' lang='grc' dir='ltr'><em>μίξιν</em></span> <span class='ocrx_word' id='word_1_183' title='bbox 1122 1425 1188 1465; x_wconf 85' lang='grc' dir='ltr'><em>καὶ</em></span> <span class='ocrx_word' id='word_1_184' title='bbox 1206 1422 1276 1477; x_wconf 78' lang='grc' dir='ltr'><em>τήν</em></span> <span class='ocrx_word' id='word_1_185' title='bbox 1297 1422 1524 1479; x_wconf 66' lang='grc' dir='ltr'><em>ἀπόρροιαν.</em></span> <span class='ocrx_word' id='word_1_186' title='bbox 1584 1428 1860 1477; x_wconf 82' lang='grc' dir='ltr'><em>Βλασφημοῦσι</em></span> <span class='ocrx_word' id='word_1_187' title='bbox 1891 1425 1933 1465; x_wconf 74' lang='grc' dir='ltr'><em>δὲ</em></span> 
     </span>
     <span class='ocr_line' id='line_1_21' title="bbox 423 1489 1935 1549; baseline -0.004 -10"><span class='ocrx_word' id='word_1_188' title='bbox 423 1496 469 1539; x_wconf 76' lang='grc' dir='ltr'><em>οὗ</em></span> <span class='ocrx_word' id='word_1_189' title='bbox 495 1497 616 1549; x_wconf 89' lang='grc' dir='ltr'><em>μόνον</em></span> <span class='ocrx_word' id='word_1_190' title='bbox 645 1494 714 1537; x_wconf 85' lang='grc' dir='ltr'><em>τόν</em></span> <span class='ocrx_word' id='word_1_191' title='bbox 734 1492 910 1549; x_wconf 77' lang='grc' dir='ltr'><em>Ἁβραάμ</em></span> <span class='ocrx_word' id='word_1_192' title='bbox 945 1493 1012 1534; x_wconf 88' lang='grc' dir='ltr'><em>καὶ</em></span> <span class='ocrx_word' id='word_1_193' title='bbox 1036 1491 1103 1534; x_wconf 77' lang='grc' dir='ltr'><em>τὸν</em></span> <span class='ocrx_word' id='word_1_194' title='bbox 1130 1492 1307 1532; x_wconf 86' lang='grc' dir='ltr'><em>Μωϋσέα</em></span> <span class='ocrx_word' id='word_1_195' title='bbox 1339 1493 1406 1532; x_wconf 87' lang='grc' dir='ltr'><em>καὶ</em></span> <span class='ocrx_word' id='word_1_196' title='bbox 1433 1490 1501 1532; x_wconf 75' lang='grc' dir='ltr'><em>τόν</em></span> <span class='ocrx_word' id='word_1_197' title='bbox 1527 1489 1676 1542; x_wconf 86' lang='grc' dir='ltr'><em>Ἠλίαν,</em></span> <span class='ocrx_word' id='word_1_198' title='bbox 1715 1493 1780 1533; x_wconf 82' lang='grc' dir='ltr'><em>καὶ</em></span> <span class='ocrx_word' id='word_1_199' title='bbox 1809 1491 1935 1533; x_wconf 84' lang='grc' dir='ltr'><em>πάντα</em></span> 
     </span>
    </p>

    <p class='ocr_par' dir='ltr' id='par_1_3' title="bbox 263 1557 1935 1681">
     <span class='ocr_line' id='line_1_22' title="bbox 263 1557 1935 1620; baseline -0.005 -11"><span class='ocrx_word' id='word_1_200' title='bbox 263 1583 386 1618; x_wconf 50' lang='grc' dir='ltr'><em>,ηις-,ιιι</em></span> <span class='ocrx_word' id='word_1_201' title='bbox 427 1564 525 1606; x_wconf 75' lang='grc' dir='ltr'><em>8τόν</em></span> <span class='ocrx_word' id='word_1_202' title='bbox 562 1562 679 1620; x_wconf 79' lang='grc' dir='ltr'><em>χορὸν</em></span> <span class='ocrx_word' id='word_1_203' title='bbox 720 1567 798 1604; x_wconf 79' lang='grc' dir='ltr'><em>τῶν</em></span> <span class='ocrx_word' id='word_1_204' title='bbox 835 1564 1072 1617; x_wconf 80' lang='grc' dir='ltr'><em>προφητῶν,</em></span> <span class='ocrx_word' id='word_1_205' title='bbox 1124 1557 1215 1601; x_wconf 76' lang='grc' dir='ltr'><em>ἄλλά</em></span> <span class='ocrx_word' id='word_1_206' title='bbox 1251 1557 1413 1601; x_wconf 84' lang='grc' dir='ltr'><em>καὶτὸν</em></span> <span class='ocrx_word' id='word_1_207' title='bbox 1450 1557 1547 1600; x_wconf 79' lang='grc' dir='ltr'><em>θεὸν</em></span> <span class='ocrx_word' id='word_1_208' title='bbox 1585 1557 1653 1600; x_wconf 80' lang='grc' dir='ltr'><em>τόν</em></span> <span class='ocrx_word' id='word_1_209' title='bbox 1690 1559 1935 1613; x_wconf 78' lang='grc' dir='ltr'><em>ἐκλεξάμενον</em></span> 
     </span>
     <span class='ocr_line' id='line_1_23' title="bbox 425 1631 579 1681; baseline -0.006 -7"><span class='ocrx_word' id='word_1_210' title='bbox 425 1631 579 1681; x_wconf 74' lang='grc' dir='ltr'><em>αὐτούς.</em></span> 
     </span>
    </p>
   </div>
   <div class='ocr_carea' id='block_1_3' title="bbox 247 1827 1946 2634">
    <p class='ocr_par' dir='ltr' id='par_1_4' title="bbox 247 1827 1946 2634">
     <span class='ocr_line' id='line_1_24' title="bbox 247 1827 1940 1889; baseline -0.003 -13"><span class='ocrx_word' id='word_1_211' title='bbox 247 1843 335 1886; x_wconf 75' lang='grc' dir='ltr'><em>Κεφ.</em></span> <span class='ocrx_word' id='word_1_212' title='bbox 359 1841 412 1889; x_wconf 68' lang='grc' dir='ltr'><em>ιβ’.</em></span> <span class='ocrx_word' id='word_1_213' title='bbox 509 1833 628 1875; x_wconf 80' lang='grc' dir='ltr'><em>’Ἀλλα</em></span> <span class='ocrx_word' id='word_1_214' title='bbox 652 1833 693 1875; x_wconf 79' lang='grc' dir='ltr'><em>δὲ</em></span> <span class='ocrx_word' id='word_1_215' title='bbox 716 1835 834 1887; x_wconf 89' lang='grc' dir='ltr'><em>μυρία</em></span> <span class='ocrx_word' id='word_1_216' title='bbox 856 1829 946 1884; x_wconf 84' lang='grc' dir='ltr'><em>παρ’</em></span> <span class='ocrx_word' id='word_1_217' title='bbox 972 1828 1104 1879; x_wconf 80' lang='grc' dir='ltr'><em>αὐτοῖς</em></span> <span class='ocrx_word' id='word_1_218' title='bbox 1127 1831 1373 1883; x_wconf 89' lang='grc' dir='ltr'><em>πεπλασμένα</em></span> <span class='ocrx_word' id='word_1_219' title='bbox 1391 1834 1556 1884; x_wconf 87' lang='grc' dir='ltr'><em>γραφεῖα</em></span> <span class='ocrx_word' id='word_1_220' title='bbox 1576 1827 1807 1882; x_wconf 84' lang='grc' dir='ltr'><em>τετόλμηται.</em></span> <span class='ocrx_word' id='word_1_221' title='bbox 1850 1834 1888 1870; x_wconf 92' lang='grc' dir='ltr'><em>Γ</em></span> <span class='ocrx_word' id='word_1_222' title='bbox 1884 1831 1940 1871; x_wconf 86' lang='grc' dir='ltr'><em>ε’ν-</em></span> 
     </span>
     <span class='ocr_line' id='line_1_25' title="bbox 427 1891 1940 1956; baseline -0.005 -12"><span class='ocrx_word' id='word_1_223' title='bbox 427 1920 499 1944; x_wconf 89' lang='grc' dir='ltr'><em>ναν</em></span> <span class='ocrx_word' id='word_1_224' title='bbox 532 1903 601 1955; x_wconf 81' lang='grc' dir='ltr'><em>μὲν</em></span> <span class='ocrx_word' id='word_1_225' title='bbox 634 1899 705 1956; x_wconf 73' lang='grc' dir='ltr'><em>γάρ</em></span> <span class='ocrx_word' id='word_1_226' title='bbox 730 1902 890 1954; x_wconf 90' lang='grc' dir='ltr'><em>Μαρίας</em></span> <span class='ocrx_word' id='word_1_227' title='bbox 919 1901 1067 1953; x_wconf 87' lang='grc' dir='ltr'><em>βιβλίον</em></span> <span class='ocrx_word' id='word_1_228' title='bbox 1097 1900 1132 1939; x_wconf 91' lang='grc' dir='ltr'><em>τί</em></span> <span class='ocrx_word' id='word_1_229' title='bbox 1162 1912 1281 1949; x_wconf 91' lang='grc' dir='ltr'><em>φασιν</em></span> <span class='ocrx_word' id='word_1_230' title='bbox 1305 1895 1422 1947; x_wconf 82' lang='grc' dir='ltr'><em>εἶναι,</em></span> <span class='ocrx_word' id='word_1_231' title='bbox 1461 1898 1501 1938; x_wconf 92' lang='grc' dir='ltr'><em>ἐν</em></span> <span class='ocrx_word' id='word_1_232' title='bbox 1524 1891 1555 1954; x_wconf 73' lang='grc' dir='ltr'><em>ᾦ</em></span> <span class='ocrx_word' id='word_1_233' title='bbox 1580 1895 1684 1938; x_wconf 84' lang='grc' dir='ltr'><em>δεινά</em></span> <span class='ocrx_word' id='word_1_234' title='bbox 1706 1913 1744 1937; x_wconf 89' lang='grc' dir='ltr'><em>τε</em></span> <span class='ocrx_word' id='word_1_235' title='bbox 1771 1897 1838 1938; x_wconf 84' lang='grc' dir='ltr'><em>καὶ</em></span> <span class='ocrx_word' id='word_1_236' title='bbox 1861 1895 1940 1938; x_wconf 81' lang='grc' dir='ltr'><em>ὀλέ-</em></span> 
     </span>
     <span class='ocr_line' id='line_1_26' title="bbox 427 1963 1941 2026; baseline -0.004 -14"><span class='ocrx_word' id='word_1_237' title='bbox 427 1977 525 2026; x_wconf 83' lang='grc' dir='ltr'><em>θρια</em></span> <span class='ocrx_word' id='word_1_238' title='bbox 558 1967 840 2025; x_wconf 81' lang='grc' dir='ltr'><em>ὗποβάλλοντές</em></span> <span class='ocrx_word' id='word_1_239' title='bbox 869 1984 953 2008; x_wconf 90' lang='grc' dir='ltr'><em>τινα</em></span> <span class='ocrx_word' id='word_1_240' title='bbox 988 1968 1108 2007; x_wconf 83' lang='grc' dir='ltr'><em>ἐκεῖσε</em></span> <span class='ocrx_word' id='word_1_241' title='bbox 1137 1967 1322 2021; x_wconf 90' lang='grc' dir='ltr'><em>λέγουσιν.</em></span> <span class='ocrx_word' id='word_1_242' title='bbox 1379 1964 1452 2006; x_wconf 85' lang='grc' dir='ltr'><em>Ἐκ</em></span> <span class='ocrx_word' id='word_1_243' title='bbox 1483 1963 1622 2006; x_wconf 84' lang='grc' dir='ltr'><em>τούτου</em></span> <span class='ocrx_word' id='word_1_244' title='bbox 1649 1963 1720 2019; x_wconf 84' lang='grc' dir='ltr'><em>γάρ</em></span> <span class='ocrx_word' id='word_1_245' title='bbox 1747 1979 1843 2016; x_wconf 90' lang='grc' dir='ltr'><em>φασι</em></span> <span class='ocrx_word' id='word_1_246' title='bbox 1871 1964 1941 2006; x_wconf 83' lang='grc' dir='ltr'><em>τὸν</em></span> 
     </span>
     <span class='ocr_line' id='line_1_27' title="bbox 433 2030 1941 2091; baseline -0.004 -13"><span class='ocrx_word' id='word_1_247' title='bbox 433 2040 626 2091; x_wconf 80' lang='grc' dir='ltr'><em>Ζαχαρίαν</em></span> <span class='ocrx_word' id='word_1_248' title='bbox 650 2035 894 2078; x_wconf 77' lang='grc' dir='ltr'><em>ἄπεκτάνθαι</em></span> <span class='ocrx_word' id='word_1_249' title='bbox 918 2035 958 2075; x_wconf 91' lang='grc' dir='ltr'><em>ἐν</em></span> <span class='ocrx_word' id='word_1_250' title='bbox 979 2038 1032 2091; x_wconf 80' lang='grc' dir='ltr'><em>τῷ</em></span> <span class='ocrx_word' id='word_1_251' title='bbox 1059 2038 1160 2090; x_wconf 80' lang='grc' dir='ltr'><em>ναῷ,</em></span> <span class='ocrx_word' id='word_1_252' title='bbox 1199 2032 1352 2086; x_wconf 78' lang='grc' dir='ltr'><em>ἐπειδὴ,</em></span> <span class='ocrx_word' id='word_1_253' title='bbox 1394 2037 1410 2061; x_wconf 85' lang='lat'><strong>1</strong></span> <span class='ocrx_word' id='word_1_254' title='bbox 1425 2033 1542 2084; x_wconf 89' lang='grc' dir='ltr'><em>φασὶ,</em></span> <span class='ocrx_word' id='word_1_255' title='bbox 1573 2030 1759 2072; x_wconf 79' lang='grc' dir='ltr'><em>ὀπτασίαν</em></span> <span class='ocrx_word' id='word_1_256' title='bbox 1781 2031 1941 2087; x_wconf 77' lang='grc' dir='ltr'><em>ἑώρακε,</em></span> 
     </span>
     <span class='ocr_line' id='line_1_28' title="bbox 429 2098 1943 2156; baseline -0.005 -9"><span class='ocrx_word' id='word_1_257' title='bbox 429 2107 495 2147; x_wconf 90' lang='grc' dir='ltr'><em>καὶ</em></span> <span class='ocrx_word' id='word_1_258' title='bbox 527 2103 603 2146; x_wconf 79' lang='grc' dir='ltr'><em>άπὸ</em></span> <span class='ocrx_word' id='word_1_259' title='bbox 635 2107 703 2145; x_wconf 85' lang='grc' dir='ltr'><em>τοῦ</em></span> <span class='ocrx_word' id='word_1_260' title='bbox 738 2101 868 2156; x_wconf 88' lang='grc' dir='ltr'><em>φόβου</em></span> <span class='ocrx_word' id='word_1_261' title='bbox 898 2103 1025 2142; x_wconf 88' lang='grc' dir='ltr'><em>θέλων</em></span> <span class='ocrx_word' id='word_1_262' title='bbox 1056 2103 1176 2142; x_wconf 87' lang='grc' dir='ltr'><em>εἰπεῖν</em></span> <span class='ocrx_word' id='word_1_263' title='bbox 1197 2100 1267 2154; x_wconf 84' lang='grc' dir='ltr'><em>τὴν</em></span> <span class='ocrx_word' id='word_1_264' title='bbox 1290 2099 1474 2142; x_wconf 78' lang='grc' dir='ltr'><em>ὀπτασίαν</em></span> <span class='ocrx_word' id='word_1_265' title='bbox 1495 2098 1700 2153; x_wconf 74' lang='grc' dir='ltr'><em>ἀπεφράγη</em></span> <span class='ocrx_word' id='word_1_266' title='bbox 1733 2098 1776 2140; x_wconf 74' lang='grc' dir='ltr'><em>τό</em></span> <span class='ocrx_word' id='word_1_267' title='bbox 1808 2098 1943 2153; x_wconf 87' lang='grc' dir='ltr'><em>στόμα.</em></span> 
     </span>
     <span class='ocr_line' id='line_1_29' title="bbox 432 2165 1941 2227; baseline -0.004 -13"><span class='ocrx_word' id='word_1_268' title='bbox 432 2171 527 2214; x_wconf 80' lang='grc' dir='ltr'><em>Εἷδε</em></span> <span class='ocrx_word' id='word_1_269' title='bbox 547 2171 640 2227; x_wconf 76' lang='grc' dir='ltr'><em>γάρ,</em></span> <span class='ocrx_word' id='word_1_270' title='bbox 672 2175 692 2199; x_wconf 78' lang='lat'><strong>2</strong></span> <span class='ocrx_word' id='word_1_271' title='bbox 709 2171 851 2223; x_wconf 88' lang='grc' dir='ltr'><em>φασὶν,</em></span> <span class='ocrx_word' id='word_1_272' title='bbox 882 2171 923 2211; x_wconf 87' lang='grc' dir='ltr'><em>ἐν</em></span> <span class='ocrx_word' id='word_1_273' title='bbox 943 2173 990 2226; x_wconf 79' lang='grc' dir='ltr'><em>τῇ</em></span> <span class='ocrx_word' id='word_1_274' title='bbox 1013 2167 1095 2224; x_wconf 73' lang='grc' dir='ltr'><em>ὥρα</em></span> <span class='ocrx_word' id='word_1_275' title='bbox 1121 2173 1190 2221; x_wconf 85' lang='grc' dir='ltr'><em>τῆς</em></span> <span class='ocrx_word' id='word_1_276' title='bbox 1213 2166 1462 2222; x_wconf 83' lang='grc' dir='ltr'><em>θυμιάματός</em></span> <span class='ocrx_word' id='word_1_277' title='bbox 1485 2184 1580 2217; x_wconf 92' lang='grc' dir='ltr'><em>τινα,</em></span> <span class='ocrx_word' id='word_1_278' title='bbox 1613 2165 1665 2214; x_wconf 74' lang='grc' dir='ltr'><em>ὥς</em></span> <span class='ocrx_word' id='word_1_279' title='bbox 1688 2167 1848 2219; x_wconf 87' lang='grc' dir='ltr'><em>ἐθυμία,</em></span> <span class='ocrx_word' id='word_1_280' title='bbox 1874 2166 1941 2208; x_wconf 72' lang='grc' dir='ltr'><em>ἅν-</em></span> 
     </span>
     <span class='ocr_line' id='line_1_30' title="bbox 431 2233 1944 2295; baseline -0.005 -13"><span class='ocrx_word' id='word_1_281' title='bbox 431 2247 598 2295; x_wconf 89' lang='grc' dir='ltr'><em>θρωπον</em></span> <span class='ocrx_word' id='word_1_282' title='bbox 617 2240 760 2280; x_wconf 76' lang='grc' dir='ltr'><em>ἑστῶτα</em></span> <span class='ocrx_word' id='word_1_283' title='bbox 790 2235 916 2279; x_wconf 75' lang='grc' dir='ltr'><em>3ὅνου</em></span> <span class='ocrx_word' id='word_1_284' title='bbox 941 2235 1096 2290; x_wconf 75' lang='grc' dir='ltr'><em>μορφήν</em></span> <span class='ocrx_word' id='word_1_285' title='bbox 1118 2238 1260 2289; x_wconf 74' lang='grc' dir='ltr'><em>ἔχοντα.</em></span> <span class='ocrx_word' id='word_1_286' title='bbox 1322 2237 1401 2276; x_wconf 89' lang='grc' dir='ltr'><em>Καὶ</em></span> <span class='ocrx_word' id='word_1_287' title='bbox 1422 2233 1663 2284; x_wconf 81' lang='grc' dir='ltr'><em>ἐξελθόντος,</em></span> <span class='ocrx_word' id='word_1_288' title='bbox 1696 2235 1846 2285; x_wconf 77' lang='grc' dir='ltr'><em>4φασὶ,</em></span> <span class='ocrx_word' id='word_1_289' title='bbox 1876 2236 1944 2276; x_wconf 88' lang='grc' dir='ltr'><em>καὶ</em></span> 
     </span>
     <span class='ocr_line' id='line_1_31' title="bbox 431 2299 1942 2358; baseline -0.005 -7"><span class='ocrx_word' id='word_1_290' title='bbox 431 2310 614 2356; x_wconf 89' lang='grc' dir='ltr'><em>θέλοντος</em></span> <span class='ocrx_word' id='word_1_291' title='bbox 639 2309 781 2357; x_wconf 88' lang='grc' dir='ltr'><em>εἰπεῖν,</em></span> <span class='ocrx_word' id='word_1_292' title='bbox 825 2302 925 2346; x_wconf 53' lang='lat' dir='ltr'><em>Onia}</em></span> <span class='ocrx_word' id='word_1_293' title='bbox 949 2302 1063 2356; x_wconf 73' lang='grc' dir='ltr'><em>ὑμῖν,</em></span> <span class='ocrx_word' id='word_1_294' title='bbox 1094 2307 1167 2345; x_wconf 86' lang='grc' dir='ltr'><em>τίνι</em></span> <span class='ocrx_word' id='word_1_295' title='bbox 1191 2308 1458 2358; x_wconf 80' lang='grc' dir='ltr'><em>προςκυνεῖτε;</em></span> <span class='ocrx_word' id='word_1_296' title='bbox 1499 2300 1720 2354; x_wconf 79' lang='grc' dir='ltr'><em>άπέφραξεν</em></span> <span class='ocrx_word' id='word_1_297' title='bbox 1748 2299 1871 2343; x_wconf 72' lang='grc' dir='ltr'><em>αὐτοῦ</em></span> <span class='ocrx_word' id='word_1_298' title='bbox 1900 2301 1942 2343; x_wconf 78' lang='grc' dir='ltr'><em>τὸ</em></span> 
     </span>
     <span class='ocr_line' id='line_1_32' title="bbox 432 2367 1945 2430; baseline -0.005 -12"><span class='ocrx_word' id='word_1_299' title='bbox 432 2375 554 2429; x_wconf 87' lang='grc' dir='ltr'><em>στόμα</em></span> <span class='ocrx_word' id='word_1_300' title='bbox 576 2374 598 2417; x_wconf 80' lang='grc' dir='ltr'>ὁ</span> <span class='ocrx_word' id='word_1_301' title='bbox 617 2373 760 2427; x_wconf 77' lang='grc' dir='ltr'><em>ὀφθεὶς</em></span> <span class='ocrx_word' id='word_1_302' title='bbox 782 2371 885 2430; x_wconf 71' lang='grc' dir='ltr'><em>αὐτῷ</em></span> <span class='ocrx_word' id='word_1_303' title='bbox 908 2373 1017 2413; x_wconf 74' lang='grc' dir='ltr'><em>ἔνδον</em></span> <span class='ocrx_word' id='word_1_304' title='bbox 1039 2372 1080 2412; x_wconf 87' lang='grc' dir='ltr'><em>ἐν</em></span> <span class='ocrx_word' id='word_1_305' title='bbox 1098 2376 1152 2428; x_wconf 80' lang='grc' dir='ltr'><em>τῷ</em></span> <span class='ocrx_word' id='word_1_306' title='bbox 1175 2376 1275 2428; x_wconf 81' lang='grc' dir='ltr'><em>ναῷ,</em></span> <span class='ocrx_word' id='word_1_307' title='bbox 1305 2373 1371 2412; x_wconf 83' lang='grc' dir='ltr'><em>ἵνα</em></span> <span class='ocrx_word' id='word_1_308' title='bbox 1393 2368 1444 2423; x_wconf 76' lang='grc' dir='ltr'><em>μὴ</em></span> <span class='ocrx_word' id='word_1_309' title='bbox 1467 2369 1626 2422; x_wconf 81' lang='grc' dir='ltr'><em>δύνηται</em></span> <span class='ocrx_word' id='word_1_310' title='bbox 1644 2373 1814 2421; x_wconf 83' lang='grc' dir='ltr'><em>λαλῆσαι.</em></span> <span class='ocrx_word' id='word_1_311' title='bbox 1852 2367 1945 2410; x_wconf 67' lang='grc' dir='ltr'><em>’Ὀτε</em></span> 
     </span>
     <span class='ocr_line' id='line_1_33' title="bbox 434 2433 1946 2497; baseline -0.005 -12"><span class='ocrx_word' id='word_1_312' title='bbox 434 2444 477 2485; x_wconf 77' lang='grc' dir='ltr'><em>δὲ</em></span> <span class='ocrx_word' id='word_1_313' title='bbox 501 2442 638 2497; x_wconf 77' lang='grc' dir='ltr'><em>ἠνοίγη</em></span> <span class='ocrx_word' id='word_1_314' title='bbox 660 2440 702 2483; x_wconf 84' lang='grc' dir='ltr'>τὸ</span> <span class='ocrx_word' id='word_1_315' title='bbox 725 2440 847 2493; x_wconf 91' lang='grc' dir='ltr'><em>στόμα</em></span> <span class='ocrx_word' id='word_1_316' title='bbox 873 2437 1015 2490; x_wconf 75' lang='grc' dir='ltr'><em>αὐτοῦ,</em></span> <span class='ocrx_word' id='word_1_317' title='bbox 1043 2442 1109 2480; x_wconf 77' lang='grc' dir='ltr'><em>ἵνα</em></span> <span class='ocrx_word' id='word_1_318' title='bbox 1129 2437 1291 2496; x_wconf 85' lang='grc' dir='ltr'><em>λαλήσῃ,</em></span> <span class='ocrx_word' id='word_1_319' title='bbox 1321 2437 1406 2479; x_wconf 91' lang='grc' dir='ltr'><em>τότε</em></span> <span class='ocrx_word' id='word_1_320' title='bbox 1430 2435 1677 2488; x_wconf 70' lang='grc' dir='ltr'><em>ἀπεκάλυψεν</em></span> <span class='ocrx_word' id='word_1_321' title='bbox 1699 2433 1850 2487; x_wconf 76' lang='grc' dir='ltr'><em>αὐτοῖς,</em></span> <span class='ocrx_word' id='word_1_322' title='bbox 1879 2438 1946 2478; x_wconf 88' lang='grc' dir='ltr'><em>καὶ</em></span> 
     </span>
     <span class='ocr_line' id='line_1_34' title="bbox 434 2501 1945 2559; baseline -0.005 -6"><span class='ocrx_word' id='word_1_323' title='bbox 434 2510 662 2552; x_wconf 64' lang='grc' dir='ltr'><em>ἀπέκτειναν</em></span> <span class='ocrx_word' id='word_1_324' title='bbox 685 2506 816 2559; x_wconf 73' lang='grc' dir='ltr'><em>αὐτὸν,</em></span> <span class='ocrx_word' id='word_1_325' title='bbox 845 2508 912 2548; x_wconf 86' lang='grc' dir='ltr'><em>καὶ</em></span> <span class='ocrx_word' id='word_1_326' title='bbox 933 2506 1068 2556; x_wconf 76' lang='grc' dir='ltr'><em>οὕτως,</em></span> <span class='ocrx_word' id='word_1_327' title='bbox 1102 2507 1267 2557; x_wconf 79' lang='grc' dir='ltr'><em>5φασὶν,</em></span> <span class='ocrx_word' id='word_1_328' title='bbox 1299 2503 1472 2546; x_wconf 69' lang='grc' dir='ltr'><em>ἀπέθανε</em></span> <span class='ocrx_word' id='word_1_329' title='bbox 1496 2506 1698 2558; x_wconf 86' lang='grc' dir='ltr'><em>Ζαχαρίας.</em></span> <span class='ocrx_word' id='word_1_330' title='bbox 1737 2501 1813 2544; x_wconf 76' lang='grc' dir='ltr'><em>Διά</em></span> <span class='ocrx_word' id='word_1_331' title='bbox 1833 2508 1945 2545; x_wconf 84' lang='grc' dir='ltr'><em>τοῦτο</em></span> 
     </span>
     <span class='ocr_line' id='line_1_35' title="bbox 434 2571 1946 2634; baseline -0.006 -13"><span class='ocrx_word' id='word_1_332' title='bbox 434 2577 508 2634; x_wconf 70' lang='grc' dir='ltr'><em>γὰρ</em></span> <span class='ocrx_word' id='word_1_333' title='bbox 537 2583 554 2607; x_wconf 83' lang='lat'><strong>⁶</strong></span> <span class='ocrx_word' id='word_1_334' title='bbox 568 2575 590 2619; x_wconf 84' lang='lat' dir='ltr'><em>o‘</em></span> <span class='ocrx_word' id='word_1_335' title='bbox 615 2575 739 2633; x_wconf 72' lang='grc' dir='ltr'><em>ἱερεύς</em></span> <span class='ocrx_word' id='word_1_336' title='bbox 760 2572 974 2631; x_wconf 87' lang='grc' dir='ltr'><em>προςετάγη</em></span> <span class='ocrx_word' id='word_1_337' title='bbox 993 2571 1058 2614; x_wconf 76' lang='grc' dir='ltr'><em>ὑπ’</em></span> <span class='ocrx_word' id='word_1_338' title='bbox 1087 2571 1208 2615; x_wconf 74' lang='grc' dir='ltr'><em>αὐτοῦ</em></span> <span class='ocrx_word' id='word_1_339' title='bbox 1229 2578 1298 2615; x_wconf 81' lang='grc' dir='ltr'><em>τοῦ</em></span> <span class='ocrx_word' id='word_1_340' title='bbox 1321 2571 1664 2627; x_wconf 86' lang='grc' dir='ltr'><em>νομοθετήσαντος,</em></span> <span class='ocrx_word' id='word_1_341' title='bbox 1695 2571 1828 2622; x_wconf 87' lang='grc' dir='ltr'><em>φασὶν,</em></span> <span class='ocrx_word' id='word_1_342' title='bbox 1851 2572 1946 2624; x_wconf 74' lang='grc' dir='ltr'><em>ἔχειν</em></span> 
     </span>
    </p>
   </div>
   <div class='ocr_carea' id='block_1_4' title="bbox 439 2695 1947 2835">
    <p class='ocr_par' dir='ltr' id='par_1_5' title="bbox 439 2695 1947 2835">
     <span class='ocr_line' id='line_1_36' title="bbox 480 2695 1947 2743; baseline -0.005 -8"><span class='ocrx_word' id='word_1_343' title='bbox 480 2702 515 2736; x_wconf 84' lang='lat'><em>6.</em></span> <span class='ocrx_word' id='word_1_344' title='bbox 540 2706 687 2743; x_wconf 82' lang='lat' dir='ltr'><strong><em>Suspicor</em></strong></span> <span class='ocrx_word' id='word_1_345' title='bbox 711 2699 758 2740; x_wconf 71' lang='grc' dir='ltr'><em>ὥς</em></span> <span class='ocrx_word' id='word_1_346' title='bbox 783 2713 824 2734; x_wconf 83' lang='grc' dir='ltr'><em>τι.</em></span> <span class='ocrx_word' id='word_1_347' title='bbox 1263 2699 1338 2731; x_wconf 72' lang='lat' dir='ltr'>CAP.</span> <span class='ocrx_word' id='word_1_348' title='bbox 1357 2699 1434 2730; x_wconf 84' lang='lat' dir='ltr'>XII.</span> <span class='ocrx_word' id='word_1_349' title='bbox 1467 2715 1512 2722; x_wconf 90' lang='lat'>—</span> <span class='ocrx_word' id='word_1_350' title='bbox 1558 2697 1587 2729; x_wconf 88' lang='lat'><em>1.</em></span> <span class='ocrx_word' id='word_1_351' title='bbox 1622 2695 1708 2739; x_wconf 77' lang='grc' dir='ltr'><em>φησὶ</em></span> <span class='ocrx_word' id='word_1_352' title='bbox 1739 2698 1828 2728; x_wconf 81' lang='lat' dir='ltr'><strong><em>codd.</em></strong></span> <span class='ocrx_word' id='word_1_353' title='bbox 1852 2699 1947 2728; x_wconf 66' lang='lat' dir='ltr'><strong><em>Vatia,</em></strong></span> 
     </span>
     <span class='ocr_line' id='line_1_37' title="bbox 482 2741 1344 2792; baseline -0.006 -11"><span class='ocrx_word' id='word_1_354' title='bbox 482 2749 514 2782; x_wconf 83' lang='lat'><em>7.</em></span> <span class='ocrx_word' id='word_1_355' title='bbox 538 2747 787 2792; x_wconf 74' lang='grc' dir='ltr'><em>ἐπανῃρημένας</em></span> <span class='ocrx_word' id='word_1_356' title='bbox 800 2756 852 2786; x_wconf 72' lang='grc' dir='ltr'><em>εςο</em></span> <span class='ocrx_word' id='word_1_357' title='bbox 868 2746 1008 2784; x_wconf 80' lang='lat' dir='ltr'><strong><em>rescripsi</em></strong></span> <span class='ocrx_word' id='word_1_358' title='bbox 1025 2754 1081 2784; x_wconf 83' lang='lat' dir='ltr'><em>pro</em></span> <span class='ocrx_word' id='word_1_359' title='bbox 1096 2741 1173 2777; x_wconf 77' lang='grc' dir='ltr'><em>ἐπα-</em></span> <span class='ocrx_word' id='word_1_360' title='bbox 1218 2745 1344 2785; x_wconf 77' lang='lat' dir='ltr'><strong><em>Rhedz&#39;y.</em></strong></span> 
     </span>
     <span class='ocr_line' id='line_1_38' title="bbox 439 2787 1794 2835; baseline -0.007 -8"><span class='ocrx_word' id='word_1_361' title='bbox 439 2793 653 2835; x_wconf 70' lang='grc' dir='ltr'><em>νειρημένας,</em></span> <span class='ocrx_word' id='word_1_362' title='bbox 677 2794 760 2832; x_wconf 78' lang='lat' dir='ltr'>quod</span> <span class='ocrx_word' id='word_1_363' title='bbox 783 2794 815 2822; x_wconf 84' lang='lat' dir='ltr'><em>in</em></span> <span class='ocrx_word' id='word_1_364' title='bbox 839 2792 923 2822; x_wconf 81' lang='lat' dir='ltr'><strong><em>libris</em></strong></span> <span class='ocrx_word' id='word_1_365' title='bbox 946 2791 1036 2829; x_wconf 71' lang='lat' dir='ltr'><em>vulyo</em></span> <span class='ocrx_word' id='word_1_366' title='bbox 1060 2793 1150 2820; x_wconf 76' lang='lat' dir='ltr'><em>extat.</em></span> <span class='ocrx_word' id='word_1_367' title='bbox 1263 2791 1293 2821; x_wconf 82' lang='lat'><em>2.</em></span> <span class='ocrx_word' id='word_1_368' title='bbox 1319 2787 1420 2831; x_wconf 77' lang='grc' dir='ltr'><em>φησὶν</em></span> <span class='ocrx_word' id='word_1_369' title='bbox 1444 2788 1531 2819; x_wconf 82' lang='lat' dir='ltr'>codd.</span> <span class='ocrx_word' id='word_1_370' title='bbox 1553 2788 1649 2818; x_wconf 81' lang='lat' dir='ltr'><em>Vatic.</em></span> <span class='ocrx_word' id='word_1_371' title='bbox 1670 2787 1794 2826; x_wconf 64' lang='lat' dir='ltr'><strong><em>Rhediy.</em></strong></span> 
     </span>
    </p>
   </div>
   <div class='ocr_carea' id='block_1_5' title="bbox 439 2832 1950 2967">
    <p class='ocr_par' dir='ltr' id='par_1_6' title="bbox 439 2832 1950 2967">
     <span class='ocr_line' id='line_1_39' title="bbox 485 2832 1948 2872; baseline -0.005 -2"><span class='ocrx_word' id='word_1_372' title='bbox 485 2841 516 2870; x_wconf 75' lang='grc' dir='ltr'><em>ὅ.</em></span> <span class='ocrx_word' id='word_1_373' title='bbox 538 2835 593 2870; x_wconf 76' lang='grc' dir='ltr'><em>τὸν</em></span> <span class='ocrx_word' id='word_1_374' title='bbox 617 2848 686 2870; x_wconf 87' lang='lat' dir='ltr'><em>cum</em></span> <span class='ocrx_word' id='word_1_375' title='bbox 705 2839 831 2870; x_wconf 80' lang='lat' dir='ltr'><em>Petavio</em></span> <span class='ocrx_word' id='word_1_376' title='bbox 851 2837 950 2868; x_wconf 78' lang='lat' dir='ltr'><strong><em>adieci</em></strong></span> <span class='ocrx_word' id='word_1_377' title='bbox 972 2843 1008 2865; x_wconf 76' lang='lat' dir='ltr'><em>ex</em></span> <span class='ocrx_word' id='word_1_378' title='bbox 1027 2835 1093 2866; x_wconf 81' lang='lat' dir='ltr'><em>cod.</em></span> <span class='ocrx_word' id='word_1_379' title='bbox 1116 2835 1176 2865; x_wconf 82' lang='lat' dir='ltr'><em>Va·</em></span> <span class='ocrx_word' id='word_1_380' title='bbox 1264 2833 1296 2866; x_wconf 84' lang='lat'><em>3.</em></span> <span class='ocrx_word' id='word_1_381' title='bbox 1321 2836 1399 2866; x_wconf 79' lang='lat' dir='ltr'><strong><em>Hinc</em></strong></span> <span class='ocrx_word' id='word_1_382' title='bbox 1421 2835 1477 2864; x_wconf 80' lang='lat' dir='ltr'><strong><em>illa</em></strong></span> <span class='ocrx_word' id='word_1_383' title='bbox 1500 2833 1607 2872; x_wconf 80' lang='lat' dir='ltr'><strong><em>sabula</em></strong></span> <span class='ocrx_word' id='word_1_384' title='bbox 1634 2832 1669 2862; x_wconf 82' lang='lat' dir='ltr'><em>de</em></span> <span class='ocrx_word' id='word_1_385' title='bbox 1693 2833 1835 2863; x_wconf 77' lang='lat' dir='ltr'><strong><em>Onocoete</em></strong></span> <span class='ocrx_word' id='word_1_386' title='bbox 1861 2832 1948 2863; x_wconf 81' lang='lat' dir='ltr'><strong><em>Chri-</em></strong></span> 
     </span>
     <span class='ocr_line' id='line_1_40' title="bbox 439 2878 1950 2967; baseline -0.005 -53"><span class='ocrx_word' id='word_1_387' title='bbox 439 2885 494 2967; x_wconf 53' lang='grc' dir='ltr'><em>τᾶρθ</em></span> <span class='ocrx_word' id='word_1_388' title='bbox 525 2884 592 2914; x_wconf 82' lang='lat' dir='ltr'><em>Non</em></span> <span class='ocrx_word' id='word_1_389' title='bbox 616 2886 700 2915; x_wconf 68' lang='lat' dir='ltr'><em>extat</em></span> <span class='ocrx_word' id='word_1_390' title='bbox 722 2884 755 2914; x_wconf 83' lang='lat' dir='ltr'><em>in</em></span> <span class='ocrx_word' id='word_1_391' title='bbox 779 2883 825 2914; x_wconf 83' lang='lat' dir='ltr'><em>ed.</em></span> <span class='ocrx_word' id='word_1_392' title='bbox 847 2882 945 2922; x_wconf 81' lang='lat' dir='ltr'><strong><em>princ.</em></strong></span> <span class='ocrx_word' id='word_1_393' title='bbox 965 2883 992 2911; x_wconf 77' lang='lat' dir='ltr'><em>et</em></span> <span class='ocrx_word' id='word_1_394' title='bbox 1015 2880 1079 2911; x_wconf 80' lang='lat' dir='ltr'><em>cod.</em></span> <span class='ocrx_word' id='word_1_395' title='bbox 1099 2880 1177 2911; x_wconf 84' lang='lat' dir='ltr'><em>Rhe·</em></span> <span class='ocrx_word' id='word_1_396' title='bbox 1221 2881 1390 2963; x_wconf 51' lang='grc' dir='ltr'><em>ἱὲίῖποῖἔηι</em></span> <span class='ocrx_word' id='word_1_397' title='bbox 1420 2879 1493 2917; x_wconf 86' lang='lat' dir='ltr'><strong><em>deo,</em></strong></span> <span class='ocrx_word' id='word_1_398' title='bbox 1526 2878 1562 2908; x_wconf 85' lang='lat' dir='ltr'><em>de</em></span> <span class='ocrx_word' id='word_1_399' title='bbox 1589 2886 1651 2915; x_wconf 83' lang='lat' dir='ltr'><em>qua</em></span> <span class='ocrx_word' id='word_1_400' title='bbox 1682 2878 1801 2908; x_wconf 68' lang='lat' dir='ltr'><em>Tertull.</em></span> <span class='ocrx_word' id='word_1_401' title='bbox 1825 2878 1950 2916; x_wconf 71' lang='lat' dir='ltr'><em>Apoloy.</em></span> 
     </span>
    </p>
   </div>
  </div>
 </body>
</html>
