2034 3267
483 164 661 198 PANARn
685 165 767 199 Lm.
783 167 806 200 1.
831 167 936 200 ToM.
953 167 1011 200 111.
1035 167 1302 201 HAER.XL1V.
1573 163 1653 203 697

133 255 225 282 vera
248 241 286 281 in
314 255 426 282 cruce
450 244 607 286 suffixus
633 252 706 296 est,
743 259 901 301 eamque
925 248 1046 302 ipsam
1071 261 1225 288 carnem
1252 247 1447 303 discipulis
1468 251 1649 291 ostendit.

132 308 276 350 Postea
299 310 500 351 humanam
524 312 624 352 illam
649 328 760 367 quam
785 322 1001 369 sumpserat
1024 323 1197 356 naturam
1220 316 1424 357 resolvens
1451 318 1654 373 unicuique

134 377 326 418 elemento
359 380 456 432 quod
488 380 680 434 proprium
711 389 793 422 erat
820 383 1011 433 restituit,
1044 384 1151 424 velut
1180 384 1303 423 calido
1330 384 1514 436 calidum,
1549 386 1655 440 frigi-

132 446 219 485 dum
246 446 398 499 frigide,
433 447 575 487 siccum
599 448 719 500 sicco,
755 449 945 490 humidum
973 451 1139 491 humido.
1204 449 1260 491 Ita
1286 466 1447 507 corpore
1467 453 1532 493 illo
1554 455 1652 508 quod

132 527 247 553 carne
280 515 480 555 constabat
511 516 680 555 resoluto
712 516 749 556 in
783 518 955 568 eoelum,
990 519 1089 558 unde
1120 528 1303 570 venerat,
1337 520 1525 560 ascendit.

241 579 275 622 Ο
301 583 503 623 mendaces
529 584 617 623 talia
642 583 862 624 iactantium
889 585 1059 625 fabulas!
1095 587 1182 639 qui,
1218 595 1257 627 ut
1278 601 1390 628 nemo
1413 602 1488 627 non
1511 589 1651 629 intelli-

129 649 206 704 git,
243 651 441 690 mimorum
468 651 594 690 ludum
620 658 732 704 atque
758 651 946 692 officinam
971 654 1121 706 aperire
1146 654 1272 709 potins
1299 669 1409 708 quam
1434 656 1536 697 vitae
1561 672 1652 698 con-

128 718 346 772 sequendae
374 719 651 773 professionem
679 727 743 759 aut
766 719 1043 774 intelligentiae
1071 723 1229 763 formam
1255 722 1430 764 obtinere
1454 723 1648 766 videntur.

127 784 280 825 Etenim
309 786 341 826 si
366 787 520 826 omnino
546 787 644 840 quod
671 787 866 828 asciverat
889 788 960 828 sibi
985 803 1122 844 corpus
1151 790 1350 842 dissolvit,
1393 806 1460 831 cur
1480 791 1516 831 id
1541 793 1649 833 initio

128 853 356 894 fabricavit?
415 852 525 907 Quod
551 854 583 894 si
605 855 650 894 ad
678 869 785 894 usum
814 855 1015 897 fabricavit
1037 856 1226 911 aliquem,
1271 858 1341 899 hoc
1365 859 1448 914 ipso
1472 874 1542 901 usu
1565 875 1651 916 per—

128 922 278 962 functus
310 922 527 975 relinquere
560 922 646 962 illud
679 923 715 961 in
744 923 857 963 terris
880 923 1031 974 debuit,
1074 925 1300 978 praesertim
1333 941 1415 967 cum
1449 942 1499 968 ex
1522 937 1650 970 vestra

126 990 317 1030 sententia
353 991 472 1029 forma
504 990 583 1043 ipsa
609 991 906 1031 resurrectionis
935 992 1061 1031 carnis
1086 993 1217 1046 perfici
1241 994 1344 1034 nullo
1369 1003 1478 1049 pacto
1502 997 1651 1038 deside-

126 1064 198 1097 ret.
260 1058 374 1111 Atqui
404 1058 491 1097 illud
520 1058 706 1098 excitavit
732 1059 880 1110 denuo,
924 1074 998 1113 quo
1025 1061 1208 1100 maiorem
1237 1062 1307 1102 sibi
1334 1063 1505 1104 laborem
1531 1065 1648 1120 impo-

126 1133 258 1177 neret,
292 1126 402 1180 idque
429 1125 512 1166 siue
536 1126 610 1166 ullo
639 1127 763 1167 l'ructu
789 1134 1034 1178 contextum,
1068 1135 1182 1182 atque
1205 1129 1242 1169 in
1266 1131 1507 1185 sepulchrum
1535 1133 1650 1188 depo-

125 1195 237 1234 situm
262 1200 394 1249 postea
416 1201 630 1244 retexeret,
666 1202 794 1249 atque,
829 1203 868 1234 ut
889 1195 1144 1249 aequissimus
1166 1196 1331 1249 debitor,
1365 1200 1463 1252 quod
1487 1201 1532 1240 ab
1555 1216 1650 1242 uno-

124 1276 272 1317 quoque
302 1262 493 1307 elemento
519 1271 736 1316 sumpserat
761 1262 903 1304 eisdem
932 1264 1072 1318 optima
1106 1264 1176 1304 fide
1199 1265 1436 1307 restitueret.
1499 1267 1577 1310 lam
1612 1278 1649 1311 ut

124 1344 193 1370 sua
219 1330 354 1384 cuique
379 1330 608 1380 reddiderit,
644 1337 732 1384 puta
758 1331 893 1384 frigido
923 1331 1119 1385 frigidum,
1155 1340 1192 1372 et
1216 1333 1338 1374 calido
1362 1336 1548 1387 calidum,
1583 1353 1649 1393 po-

124 1399 192 1439 tuit
215 1399 250 1438 id
277 1398 394 1439 latere
415 1398 566 1452 ,quidem
590 1398 820 1452 discipulos,
865 1400 987 1453 ipsum
1012 1406 1139 1440 tamen
1165 1415 1303 1456 eorpus
1328 1403 1469 1443 siccum
1492 1405 1647 1447 minime

122 1465 257 1520 potuit.
321 1463 473 1506 Siccum
498 1466 597 1506 enim
622 1466 732 1520 plane
757 1480 894 1522 corpus
917 1475 990 1518 est,
1024 1482 1131 1520 caro,
1166 1469 1334 1523 iuquam,
1369 1478 1407 1511 et
1425 1486 1529 1513 ossa.
1585 1472 1647 1515 Si-

122 1534 262 1574 militer
287 1542 325 1574 et
351 1535 541 1574 humidum
566 1536 694 1574 sanies
720 1542 799 1584 est,
834 1542 871 1575 et
895 1549 983 1575 caro
1007 1550 1103 1590 quae
1128 1537 1165 1575 in
1192 1536 1388 1578 humorem
1413 1540 1643 1583 extabescit.

122 1601 233 1656 Quae
257 1603 383 1642 omnia
407 1616 490 1641 cum
514 1602 715 1642 manifeste
743 1603 974 1657 deponeret,
1008 1604 1194 1658 apostolis
1217 1605 1297 1645 suis
1324 1607 1479 1648 omnino
1501 1609 1646 1664 signifi-

122 1678 271 1721 casset,
313 1679 352 1710 ut.
378 1677 488 1710 antea
516 1672 682 1722 fecerat,
727 1685 808 1710 cum
830 1671 912 1711 eius
938 1685 1077 1726 corpus
1099 1672 1302 1727 sepulchro
1327 1676 1541 1717 mandatum
1568 1686 1641 1719 est.

119 1737 218 1779 Tum
251 1739 350 1778 enim
377 1737 540 1793 losepho
567 1738 876 1779 Arimatliaeeusi
904 1740 1156 1794 permissum,
1203 1741 1364 1783 sindone
1396 1751 1436 1783 ut
1461 1744 1549 1785 illud
1578 1746 1643 1786 ob-

120 1807 294 1847 volveret
319 1814 431 1861 atque
457 1806 493 1846 in
522 1814 768 1846 monumento
793 1808 1017 1862 deponeret.
1079 1807 1291 1850 Praeterea
1314 1811 1494 1852 mulieres
1519 1813 1642 1854 locuni

117 1874 223 1915 illum
255 1875 563 1915 animadvertere
597 1876 831 1929 potuissent,
878 1876 937 1915 cui
967 1876 1153 1931 reliquiae
1180 1879 1468 1920 commendatae
1499 1881 1639 1932 forent,

120 1949 158 1982 ut
191 1956 257 1983 eas
289 1943 493 1996 unguentis
524 1952 561 1982 et
592 1942 825 1983 aromatibus
856 1939 1064 1984 honorifice
1092 1945 1304 1986 condirent.
1370 1945 1447 1987 Sed
1480 1948 1550 1988 hoc
1577 1964 1642 1990 ve-

118 2018 259 2060 strum,
294 2010 507 2065 Apelleiani
525 2044 534 2061 ,
568 2011 804 2051 mendacium
829 2025 874 2051 ne
901 2026 997 2052 uuus
1020 2013 1170 2066 quidem
1194 2027 1244 2054 ex
1269 2015 1453 2069 apostolis
1477 2031 1642 2058 comme-

119 2079 298 2119 moravit.
363 2076 513 2133 Quippe
539 2093 729 2132 nunquam
763 2080 813 2120 ita
837 2087 986 2133 gestum
1011 2081 1102 2121 illud
1134 2089 1206 2121 est.
1269 2081 1414 2123 Verum
1442 2085 1536 2125 duos
1561 2086 1641 2139 qui-

118 2147 201 2187 dem
226 2161 294 2201 per
319 2160 406 2187 sese
431 2146 584 2187 minime
608 2147 884 2202 aspectabiles,
919 2155 1083 2189 externa
1111 2156 1236 2189 tamen
1258 2151 1386 2204 specie
1412 2160 1641 2207 apparentes

117 2215 223 2255 viros
252 2215 375 2254 intuiti
401 2222 510 2264 sunt,
544 2215 741 2269 ipsumque
765 2216 802 2256 in
827 2216 973 2256 coetum
997 2218 1290 2268 ascendentem,
1325 2233 1368 2258 ac
1391 2219 1515 2261 lucida
1541 2221 1639 2262 nube

116 2284 411 2334 circumfusum,
459 2283 639 2337 reliquias
675 2297 769 2323 vero
809 2298 993 2338 nusquam
1031 2292 1217 2326 terrarum
1254 2286 1409 2328 relictas
1445 2289 1636 2331 viderunt.

116 2351 254 2406 Neque
285 2351 384 2391 euim
426 2351 508 2390 lieri
538 2351 636 2391 istud
670 2352 891 2406 oportebat,
939 2361 1004 2393 aut
1035 2368 1128 2394 vero
1162 2361 1325 2409 poterat·
1397 2354 1529 2410 Quare
1563 2365 1637 2398 tam

115 2420 274 2475 Apelles
304 2420 386 2473 ipse
418 2433 528 2473 quam
561 2420 775 2473 Apelleiani
807 2420 954 2462 mentiti
986 2429 1089 2462 sunt.

229 2485 370 2529 Cetera
400 2501 514 2542 porro
542 2502 624 2527 cum
656 2495 904 2544 praeceptore
931 2503 1001 2530 suo
1029 2488 1232 2530 Marcione
1260 2499 1521 2534 consentanea
1549 2508 1635 2549 pro-

116 2557 257 2606 fitetur,
291 2569 386 2610 quae
408 2556 452 2595 ad
473 2555 632 2595 aliorum
656 2570 824 2608 carnem,
857 2571 902 2598 ac
922 2558 1068 2612 reliqua
1088 2559 1124 2598 id
1147 2572 1269 2612 genus
1293 2560 1501 2614 pertinent.
1553 2561 1637 2603 Ne-

114 2632 178 2678 gat
204 2625 304 2664 enim
332 2637 532 2678 corporum
560 2637 646 2664 esse
674 2626 1023 2676 resurrectionem,
1068 2633 1272 2680 ceteraque
1296 2628 1341 2667 ad
1369 2629 1530 2669 eundem
1555 2645 1636 2670 mo-

115 2693 225 2743 dum,
260 2707 332 2746 quo
355 2691 417 2731 ille
441 2706 523 2731 cum
550 2692 586 2731 in
612 2692 711 2732 vivis
735 2701 868 2746 ageret
890 2695 927 2734 in
953 2695 1132 2749 opinione
1156 2708 1224 2735 sua
1249 2696 1389 2749 posuit.
1451 2695 1528 2738 Sed
1555 2698 1635 2753 opi-

114 2760 269 2800 nionum
302 2760 389 2800 illae
430 2773 553 2814 nugae
592 2774 634 2799 ac
668 2762 862 2802 mendacia
894 2763 1096 2803 manifeste
1129 2764 1424 2816 redarguentur.
1494 2764 1633 2820 Neque

115 2827 214 2867 enim
243 2828 380 2868 virium
412 2828 611 2881 quicquam
644 2828 783 2868 habent
811 2831 1015 2881 tenebrae,
1061 2831 1122 2871 ubi
1149 2831 1330 2885 splendor
1359 2832 1454 2873 lucis
1479 2834 1630 2885 emicat,

115 2908 186 2935 nec
206 2896 401 2950 aperiente
422 2909 464 2935 se
487 2897 652 2937 veritate
676 2897 822 2938 falsitas
845 2898 1035 2939 consistit.
1096 2897 1208 2952 Quod
1232 2899 1262 2939 si
1287 2913 1483 2941 sacrarum
1503 2901 1632 2942 litera-

113 2976 197 3003 rum
224 2963 277 3004 uti
304 2963 523 3005 testimonio
551 2965 694 3019 placet,
738 2965 919 3022 Apelles,
960 2980 1103 3021 vosque
1129 2967 1366 3022 Apelleiaui,
1409 2969 1497 3011 illae
1523 2970 1630 3025 ipsae

1679 597 1754 640 cap.
1778 600 1832 630 ιιι.

1661 2234 1721 2261 Act.
1743 2234 1766 2261 1.

1664 2502 1739 2545 Cap·
1761 2503 1815 2533 lv.
