<?xml version="1.0" encoding="UTF-8"?>
<!DOCTYPE html PUBLIC "-//W3C//DTD XHTML 1.0 Transitional//EN"
    "http://www.w3.org/TR/xhtml1/DTD/xhtml1-transitional.dtd">
<html xmlns="http://www.w3.org/1999/xhtml" xml:lang="en" lang="en">
 <head>
  <title>
</title>
<meta http-equiv="Content-Type" content="text/html;charset=utf-8" />
  <meta name='ocr-system' content='tesseract 3.04.00' />
  <meta name='ocr-capabilities' content='ocr_page ocr_carea ocr_par ocr_line ocrx_word'/>
</head>
<body>
  <div class='ocr_page' id='page_1' title='image "./p1corporishaereseo02epipuoft/p1corporishaereseo02epipuoft_0689.png"; bbox 0 0 2034 3267; ppageno 0'>
   <div class='ocr_carea' id='block_1_1' title="bbox 486 166 1655 208">
    <p class='ocr_par' dir='ltr' id='par_1_1' title="bbox 486 166 1655 208">
     <span class='ocr_line' id='line_1_1' title="bbox 486 166 1655 208; baseline -0.002 -2"><span class='ocrx_word' id='word_1_1' title='bbox 486 173 664 206; x_wconf 75' lang='lat' dir='ltr'>PANARH</span> <span class='ocrx_word' id='word_1_2' title='bbox 686 174 768 208; x_wconf 77' lang='lat' dir='ltr'>Lm.</span> <span class='ocrx_word' id='word_1_3' title='bbox 788 174 814 206; x_wconf 90' lang='lat'>1.</span> <span class='ocrx_word' id='word_1_4' title='bbox 842 173 949 207; x_wconf 86' lang='lat' dir='ltr'>ToM.</span> <span class='ocrx_word' id='word_1_5' title='bbox 964 173 1022 206; x_wconf 87' lang='lat'>111.</span> <span class='ocrx_word' id='word_1_6' title='bbox 1045 172 1175 205; x_wconf 78' lang='lat' dir='ltr'>HAER.</span> <span class='ocrx_word' id='word_1_7' title='bbox 1193 172 1298 205; x_wconf 84' lang='lat' dir='ltr'>XLn.</span> <span class='ocrx_word' id='word_1_8' title='bbox 1576 166 1655 207; x_wconf 87' lang='grc'>677</span> 
     </span>
    </p>
   </div>
   <div class='ocr_carea' id='block_1_2' title="bbox 135 251 1655 647">
    <p class='ocr_par' dir='ltr' id='par_1_2' title="bbox 138 251 1655 429">
     <span class='ocr_line' id='line_1_2' title="bbox 139 251 1655 308; baseline 0.001 -16"><span class='ocrx_word' id='word_1_9' title='bbox 139 260 195 293; x_wconf 77' lang='lat' dir='ltr'>tas</span> <span class='ocrx_word' id='word_1_10' title='bbox 219 261 294 301; x_wconf 84' lang='lat' dir='ltr'>est,</span> <span class='ocrx_word' id='word_1_11' title='bbox 338 259 376 293; x_wconf 82' lang='lat' dir='ltr'>et</span> <span class='ocrx_word' id='word_1_12' title='bbox 398 267 494 307; x_wconf 85' lang='lat' dir='ltr'>quae</span> <span class='ocrx_word' id='word_1_13' title='bbox 518 254 564 293; x_wconf 87' lang='lat' dir='ltr'>ab</span> <span class='ocrx_word' id='word_1_14' title='bbox 586 253 668 308; x_wconf 92' lang='lat' dir='ltr'>ipso</span> <span class='ocrx_word' id='word_1_15' title='bbox 691 253 982 308; x_wconf 81' lang='lat' dir='ltr'><strong>praedicantur,</strong></span> <span class='ocrx_word' id='word_1_16' title='bbox 1026 252 1153 292; x_wconf 87' lang='lat' dir='ltr'>omnia</span> <span class='ocrx_word' id='word_1_17' title='bbox 1175 251 1309 293; x_wconf 88' lang='lat' dir='ltr'>eodem</span> <span class='ocrx_word' id='word_1_18' title='bbox 1333 259 1517 307; x_wconf 88' lang='lat' dir='ltr'>perpetuo</span> <span class='ocrx_word' id='word_1_19' title='bbox 1542 254 1655 295; x_wconf 90' lang='lat' dir='ltr'>modo</span> 
     </span>
     <span class='ocr_line' id='line_1_3' title="bbox 138 320 1654 376; baseline 0.002 -16"><span class='ocrx_word' id='word_1_20' title='bbox 138 320 428 375; x_wconf 71' lang='lat' dir='ltr'>praedicantur,</span> <span class='ocrx_word' id='word_1_21' title='bbox 469 321 542 361; x_wconf 89' lang='lat' dir='ltr'>iam</span> <span class='ocrx_word' id='word_1_22' title='bbox 568 328 647 362; x_wconf 81' lang='lat' dir='ltr'>tum</span> <span class='ocrx_word' id='word_1_23' title='bbox 674 321 761 361; x_wconf 90' lang='lat' dir='ltr'>olim</span> <span class='ocrx_word' id='word_1_24' title='bbox 787 321 955 370; x_wconf 84' lang='lat' dir='ltr'>scilicet,</span> <span class='ocrx_word' id='word_1_25' title='bbox 988 327 1026 360; x_wconf 80' lang='lat' dir='ltr'>et</span> <span class='ocrx_word' id='word_1_26' title='bbox 1050 333 1173 371; x_wconf 83' lang='lat' dir='ltr'>nunc,</span> <span class='ocrx_word' id='word_1_27' title='bbox 1207 327 1246 360; x_wconf 77' lang='lat' dir='ltr'>et</span> <span class='ocrx_word' id='word_1_28' title='bbox 1269 320 1306 360; x_wconf 94' lang='lat' dir='ltr'>in</span> <span class='ocrx_word' id='word_1_29' title='bbox 1332 321 1454 361; x_wconf 88' lang='lat' dir='ltr'>veteri</span> <span class='ocrx_word' id='word_1_30' title='bbox 1478 335 1654 376; x_wconf 88' lang='lat' dir='ltr'>novoque</span> 
     </span>
     <span class='ocr_line' id='line_1_4' title="bbox 138 396 383 429; baseline -0.004 0"><span class='ocrx_word' id='word_1_31' title='bbox 138 396 383 429; x_wconf 86' lang='lat' dir='ltr'>testamento.</span> 
     </span>
    </p>

    <p class='ocr_par' dir='ltr' id='par_1_3' title="bbox 135 453 1655 647">
     <span class='ocr_line' id='line_1_5' title="bbox 247 453 1654 511; baseline 0 -14"><span class='ocrx_word' id='word_1_32' title='bbox 247 455 310 497; x_wconf 84' lang='lat' dir='ltr'>Ex</span> <span class='ocrx_word' id='word_1_33' title='bbox 343 457 505 511; x_wconf 83' lang='lat' dir='ltr'>epistola</span> <span class='ocrx_word' id='word_1_34' title='bbox 539 456 583 496; x_wconf 88' lang='lat' dir='ltr'>ad</span> <span class='ocrx_word' id='word_1_35' title='bbox 616 455 1014 504; x_wconf 81' lang='lat' dir='ltr'>Thessalonicenses,</span> <span class='ocrx_word' id='word_1_36' title='bbox 1058 468 1168 509; x_wconf 89' lang='lat' dir='ltr'>quam</span> <span class='ocrx_word' id='word_1_37' title='bbox 1197 453 1349 495; x_wconf 86' lang='lat' dir='ltr'>Marcio</span> <span class='ocrx_word' id='word_1_38' title='bbox 1380 455 1542 511; x_wconf 83' lang='lat' dir='ltr'>septimo</span> <span class='ocrx_word' id='word_1_39' title='bbox 1570 456 1654 497; x_wconf 88' lang='lat' dir='ltr'>loco</span> 
     </span>
     <span class='ocr_line' id='line_1_6' title="bbox 136 522 1655 580; baseline 0 -15"><span class='ocrx_word' id='word_1_40' title='bbox 136 524 262 580; x_wconf 86' lang='lat' dir='ltr'>ponit,</span> <span class='ocrx_word' id='word_1_41' title='bbox 295 532 335 565; x_wconf 90' lang='lat' dir='ltr'>ut</span> <span class='ocrx_word' id='word_1_42' title='bbox 361 525 558 579; x_wconf 89' lang='lat' dir='ltr'>apostolus</span> <span class='ocrx_word' id='word_1_43' title='bbox 586 531 745 574; x_wconf 84' lang='lat' dir='ltr'>octavo,</span> <span class='ocrx_word' id='word_1_44' title='bbox 779 523 871 564; x_wconf 89' lang='lat' dir='ltr'>nihil</span> <span class='ocrx_word' id='word_1_45' title='bbox 893 522 1037 562; x_wconf 87' lang='lat' dir='ltr'>idcirco</span> <span class='ocrx_word' id='word_1_46' title='bbox 1060 522 1265 576; x_wconf 82' lang='lat' dir='ltr'><strong>selegimus</strong></span> <span class='ocrx_word' id='word_1_47' title='bbox 1295 523 1392 576; x_wconf 89' lang='lat' dir='ltr'>quod</span> <span class='ocrx_word' id='word_1_48' title='bbox 1417 524 1567 579; x_wconf 88' lang='lat' dir='ltr'>integra</span> <span class='ocrx_word' id='word_1_49' title='bbox 1590 524 1655 565; x_wconf 88' lang='lat' dir='ltr'>illa</span> 
     </span>
     <span class='ocr_line' id='line_1_7' title="bbox 135 590 721 647; baseline -0.003 -15"><span class='ocrx_word' id='word_1_50' title='bbox 135 607 156 632; x_wconf 86' lang='lat' dir='ltr'>a</span> <span class='ocrx_word' id='word_1_51' title='bbox 188 590 389 633; x_wconf 80' lang='lat' dir='ltr'>Marcione</span> <span class='ocrx_word' id='word_1_52' title='bbox 420 593 627 647; x_wconf 84' lang='lat' dir='ltr'>depravata</span> <span class='ocrx_word' id='word_1_53' title='bbox 658 591 721 631; x_wconf 83' lang='lat' dir='ltr'>sit.</span> 
     </span>
    </p>
   </div>
   <div class='ocr_carea' id='block_1_3' title="bbox 133 724 1652 920">
    <p class='ocr_par' dir='ltr' id='par_1_4' title="bbox 133 724 1652 920">
     <span class='ocr_line' id='line_1_8' title="bbox 245 724 1649 782; baseline -0.001 -13"><span class='ocrx_word' id='word_1_54' title='bbox 245 727 573 782; x_wconf 80' lang='lat' dir='ltr'>Quemadmodum</span> <span class='ocrx_word' id='word_1_55' title='bbox 597 740 720 780; x_wconf 86' lang='lat' dir='ltr'>neque</span> <span class='ocrx_word' id='word_1_56' title='bbox 745 740 796 766; x_wconf 83' lang='lat' dir='ltr'>ex</span> <span class='ocrx_word' id='word_1_57' title='bbox 819 725 985 766; x_wconf 86' lang='lat' dir='ltr'>secunda</span> <span class='ocrx_word' id='word_1_58' title='bbox 1007 725 1053 765; x_wconf 86' lang='lat' dir='ltr'>ad</span> <span class='ocrx_word' id='word_1_59' title='bbox 1078 724 1451 767; x_wconf 84' lang='lat' dir='ltr'>Thessalonicenses</span> <span class='ocrx_word' id='word_1_60' title='bbox 1473 727 1649 782; x_wconf 91' lang='lat' dir='ltr'>epistola,</span> 
     </span>
     <span class='ocr_line' id='line_1_9' title="bbox 133 793 1652 851; baseline -0.001 -13"><span class='ocrx_word' id='word_1_61' title='bbox 133 811 242 851; x_wconf 89' lang='lat' dir='ltr'>quam</span> <span class='ocrx_word' id='word_1_62' title='bbox 267 795 417 837; x_wconf 90' lang='lat' dir='ltr'>Marcio</span> <span class='ocrx_word' id='word_1_63' title='bbox 449 795 582 836; x_wconf 88' lang='lat' dir='ltr'>ordine</span> <span class='ocrx_word' id='word_1_64' title='bbox 608 801 758 834; x_wconf 80' lang='lat' dir='ltr'>sextam</span> <span class='ocrx_word' id='word_1_65' title='bbox 787 794 970 842; x_wconf 84' lang='lat' dir='ltr'>collocat,</span> <span class='ocrx_word' id='word_1_66' title='bbox 1014 793 1211 847; x_wconf 87' lang='lat' dir='ltr'>apostolus</span> <span class='ocrx_word' id='word_1_67' title='bbox 1234 807 1328 834; x_wconf 84' lang='lat' dir='ltr'>vero</span> <span class='ocrx_word' id='word_1_68' title='bbox 1353 809 1490 835; x_wconf 85' lang='lat' dir='ltr'>nonam</span> <span class='ocrx_word' id='word_1_69' title='bbox 1515 810 1652 836; x_wconf 84' lang='lat' dir='ltr'>excer-</span> 
     </span>
     <span class='ocr_line' id='line_1_10' title="bbox 133 861 1328 920; baseline -0.005 -14"><span class='ocrx_word' id='word_1_70' title='bbox 133 866 297 920; x_wconf 80' lang='lat' dir='ltr'>psimus,</span> <span class='ocrx_word' id='word_1_71' title='bbox 331 878 377 905; x_wconf 87' lang='lat' dir='ltr'>eo</span> <span class='ocrx_word' id='word_1_72' title='bbox 409 864 506 918; x_wconf 88' lang='lat' dir='ltr'>quod</span> <span class='ocrx_word' id='word_1_73' title='bbox 538 862 688 917; x_wconf 85' lang='lat' dir='ltr'>penitus</span> <span class='ocrx_word' id='word_1_74' title='bbox 718 862 764 902; x_wconf 91' lang='lat' dir='ltr'>ab</span> <span class='ocrx_word' id='word_1_75' title='bbox 796 862 928 902; x_wconf 90' lang='lat' dir='ltr'>eodem</span> <span class='ocrx_word' id='word_1_76' title='bbox 960 861 1024 900; x_wconf 94' lang='lat' dir='ltr'>illo</span> <span class='ocrx_word' id='word_1_77' title='bbox 1056 868 1233 915; x_wconf 82' lang='lat' dir='ltr'>corrupta</span> <span class='ocrx_word' id='word_1_78' title='bbox 1265 861 1328 901; x_wconf 89' lang='lat' dir='ltr'>sit.</span> 
     </span>
    </p>
   </div>
   <div class='ocr_carea' id='block_1_4' title="bbox 130 1063 1650 1160">
    <p class='ocr_par' dir='ltr' id='par_1_5' title="bbox 130 1063 1650 1160">
     <span class='ocr_line' id='line_1_11' title="bbox 130 1063 1650 1105; baseline -0.003 -4"><span class='ocrx_word' id='word_1_79' title='bbox 130 1069 191 1101; x_wconf 91' lang='lat' dir='ltr'>EX</span> <span class='ocrx_word' id='word_1_80' title='bbox 218 1069 429 1102; x_wconf 86' lang='lat' dir='ltr'><strong>EPISTOLA</strong></span> <span class='ocrx_word' id='word_1_81' title='bbox 453 1068 510 1099; x_wconf 91' lang='lat' dir='ltr'>AD</span> <span class='ocrx_word' id='word_1_82' title='bbox 536 1066 762 1105; x_wconf 81' lang='lat' dir='ltr'>EPHESIOS,</span> <span class='ocrx_word' id='word_1_83' title='bbox 798 1065 917 1104; x_wconf 85' lang='lat' dir='ltr'><strong>QUAE</strong></span> <span class='ocrx_word' id='word_1_84' title='bbox 950 1065 1032 1096; x_wconf 87' lang='lat' dir='ltr'>EST</span> <span class='ocrx_word' id='word_1_85' title='bbox 1056 1063 1273 1096; x_wconf 76' lang='lat' dir='ltr'>MARCIONI</span> <span class='ocrx_word' id='word_1_86' title='bbox 1299 1065 1390 1105; x_wconf 77' lang='lat' dir='ltr'>VIL,</span> <span class='ocrx_word' id='word_1_87' title='bbox 1427 1065 1650 1099; x_wconf 87' lang='lat' dir='ltr'>APOSTOLO</span> 
     </span>
     <span class='ocr_line' id='line_1_12' title="bbox 562 1121 1214 1160; baseline -0.005 -5"><span class='ocrx_word' id='word_1_88' title='bbox 562 1123 677 1155; x_wconf 79' lang='lat' dir='ltr'>VERO</span> <span class='ocrx_word' id='word_1_89' title='bbox 701 1123 760 1160; x_wconf 87' lang='lat' dir='ltr'>V.‚</span> <span class='ocrx_word' id='word_1_90' title='bbox 794 1122 892 1154; x_wconf 84' lang='lat' dir='ltr'><strong>ISTA</strong></span> <span class='ocrx_word' id='word_1_91' title='bbox 918 1121 1214 1152; x_wconf 88' lang='lat' dir='ltr'><strong>COLLEGIMUS.</strong></span> 
     </span>
    </p>
   </div>
   <div class='ocr_carea' id='block_1_5' title="bbox 120 1201 1833 2888">
    <p class='ocr_par' dir='ltr' id='par_1_6' title="bbox 120 1201 1833 1666">
     <span class='ocr_line' id='line_1_13' title="bbox 241 1201 1833 1254; baseline -0.002 -8"><span class='ocrx_word' id='word_1_92' title='bbox 241 1203 373 1247; x_wconf 87' lang='lat' dir='ltr'>Schol.</span> <span class='ocrx_word' id='word_1_93' title='bbox 397 1204 414 1244; x_wconf 83' lang='lat' dir='ltr'>l</span> <span class='ocrx_word' id='word_1_94' title='bbox 438 1210 476 1243; x_wconf 81' lang='lat' dir='ltr'>et</span> <span class='ocrx_word' id='word_1_95' title='bbox 497 1201 699 1243; x_wconf 83' lang='lat' dir='ltr'>XXXVI.</span> <span class='ocrx_word' id='word_1_96' title='bbox 745 1204 925 1240; x_wconf 78' lang='lat' dir='ltr'>Memores</span> <span class='ocrx_word' id='word_1_97' title='bbox 945 1209 1059 1240; x_wconf 82' lang='lat' dir='ltr'>estote</span> <span class='ocrx_word' id='word_1_98' title='bbox 1080 1204 1178 1253; x_wconf 75' lang='lat' dir='ltr'>quod</span> <span class='ocrx_word' id='word_1_99' title='bbox 1198 1203 1396 1254; x_wconf 74' lang='lat' dir='ltr'>aliqnando</span> <span class='ocrx_word' id='word_1_100' title='bbox 1422 1216 1483 1240; x_wconf 81' lang='lat' dir='ltr'>vos</span> <span class='ocrx_word' id='word_1_101' title='bbox 1500 1209 1644 1253; x_wconf 58' lang='lat' dir='ltr'>genum,</span> <span class='ocrx_word' id='word_1_102' title='bbox 1667 1216 1833 1253; x_wconf 81' lang='lat' dir='ltr'>Eph.2,11.</span> 
     </span>
     <span class='ocr_line' id='line_1_14' title="bbox 128 1270 1649 1327; baseline -0.003 -13"><span class='ocrx_word' id='word_1_103' title='bbox 128 1278 194 1327; x_wconf 74' lang='lat' dir='ltr'>qui</span> <span class='ocrx_word' id='word_1_104' title='bbox 211 1276 378 1313; x_wconf 69' lang='lat' dir='ltr'>dic-immi</span> <span class='ocrx_word' id='word_1_105' title='bbox 390 1274 623 1324; x_wconf 73' lang='lat' dir='ltr'>praepulium</span> <span class='ocrx_word' id='word_1_106' title='bbox 635 1301 644 1318; x_wconf 86' lang='lat'><strong><em>,</em></strong></span> <span class='ocrx_word' id='word_1_107' title='bbox 679 1270 725 1308; x_wconf 81' lang='lat' dir='ltr'>ab</span> <span class='ocrx_word' id='word_1_108' title='bbox 745 1284 787 1308; x_wconf 82' lang='lat' dir='ltr'>ea</span> <span class='ocrx_word' id='word_1_109' title='bbox 809 1283 902 1321; x_wconf 81' lang='lat' dir='ltr'>quae</span> <span class='ocrx_word' id='word_1_110' title='bbox 924 1272 1063 1308; x_wconf 75' lang='grc' dir='ltr'><em>(ἰίοίίιιν</em></span> <span class='ocrx_word' id='word_1_111' title='bbox 1084 1273 1314 1308; x_wconf 72' lang='lat' dir='ltr'>ce&#39;t‘eumcz‘s‘z&#39;o</span> <span class='ocrx_word' id='word_1_112' title='bbox 1335 1273 1371 1309; x_wconf 70' lang='lat'>2⁰22</span> <span class='ocrx_word' id='word_1_113' title='bbox 1391 1284 1502 1309; x_wconf 72' lang='lat' dir='ltr'>earne</span> <span class='ocrx_word' id='word_1_114' title='bbox 1522 1285 1649 1310; x_wconf 78' lang='lat' dir='ltr'>manu-</span> 
     </span>
     <span class='ocr_line' id='line_1_15' title="bbox 120 1339 1649 1396; baseline -0.003 -14"><span class='ocrx_word' id='word_1_115' title='bbox 120 1345 247 1396; x_wconf 81' lang='lat' dir='ltr'>facta,</span> <span class='ocrx_word' id='word_1_116' title='bbox 290 1344 375 1394; x_wconf 75' lang='lat' dir='ltr'><em>quia</em></span> <span class='ocrx_word' id='word_1_117' title='bbox 406 1343 520 1379; x_wconf 75' lang='lat' dir='ltr'>eratis</span> <span class='ocrx_word' id='word_1_118' title='bbox 546 1341 610 1377; x_wconf 71' lang='lat' dir='ltr'>illo</span> <span class='ocrx_word' id='word_1_119' title='bbox 639 1341 676 1377; x_wconf 75' lang='lat' dir='ltr'>in</span> <span class='ocrx_word' id='word_1_120' title='bbox 703 1346 860 1389; x_wconf 76' lang='lat' dir='ltr'>tempore</span> <span class='ocrx_word' id='word_1_121' title='bbox 884 1341 962 1376; x_wconf 72' lang='lat' dir='ltr'>sine</span> <span class='ocrx_word' id='word_1_122' title='bbox 986 1340 1154 1385; x_wconf 72' lang='lat' dir='ltr'>Christo,</span> <span class='ocrx_word' id='word_1_123' title='bbox 1200 1339 1357 1376; x_wconf 70' lang='lat' dir='ltr'>alienate·</span> <span class='ocrx_word' id='word_1_124' title='bbox 1375 1342 1649 1378; x_wconf 71' lang='lat' dir='ltr'>conversatione</span> 
     </span>
     <span class='ocr_line' id='line_1_16' title="bbox 126 1407 1651 1460; baseline -0.002 -11"><span class='ocrx_word' id='word_1_125' title='bbox 126 1412 266 1456; x_wconf 81' lang='lat' dir='ltr'>Israel,</span> <span class='ocrx_word' id='word_1_126' title='bbox 300 1417 337 1448; x_wconf 85' lang='lat' dir='ltr'>et</span> <span class='ocrx_word' id='word_1_127' title='bbox 355 1411 515 1460; x_wconf 74' lang='lat' dir='ltr'>hospites</span> <span class='ocrx_word' id='word_1_128' title='bbox 536 1414 830 1446; x_wconf 77' lang='lat' dir='ltr'>testamentorum</span> <span class='ocrx_word' id='word_1_129' title='bbox 847 1408 1123 1456; x_wconf 64' lang='lat' dir='ltr'>promzzcsiom‘s,</span> <span class='ocrx_word' id='word_1_130' title='bbox 1167 1420 1263 1457; x_wconf 84' lang='lat' dir='ltr'>spem</span> <span class='ocrx_word' id='word_1_131' title='bbox 1285 1420 1357 1444; x_wconf 78' lang='lat' dir='ltr'>non</span> <span class='ocrx_word' id='word_1_132' title='bbox 1380 1407 1571 1453; x_wconf 76' lang='lat' dir='ltr'>habentes,</span> <span class='ocrx_word' id='word_1_133' title='bbox 1614 1415 1651 1446; x_wconf 83' lang='lat' dir='ltr'>et</span> 
     </span>
     <span class='ocr_line' id='line_1_17' title="bbox 125 1475 1648 1526; baseline -0.003 -9"><span class='ocrx_word' id='word_1_134' title='bbox 125 1481 205 1517; x_wconf 75' lang='lat' dir='ltr'>sine</span> <span class='ocrx_word' id='word_1_135' title='bbox 227 1480 292 1517; x_wconf 87' lang='lat' dir='ltr'>deo</span> <span class='ocrx_word' id='word_1_136' title='bbox 314 1481 350 1516; x_wconf 79' lang='lat' dir='ltr'>l&#39;lz</span> <span class='ocrx_word' id='word_1_137' title='bbox 373 1479 440 1515; x_wconf 80' lang='lat' dir='ltr'>hoc</span> <span class='ocrx_word' id='word_1_138' title='bbox 461 1478 606 1515; x_wconf 80' lang='lat' dir='ltr'>mundo.</span> <span class='ocrx_word' id='word_1_139' title='bbox 673 1477 779 1513; x_wconf 80' lang='lat' dir='ltr'>Nunc</span> <span class='ocrx_word' id='word_1_140' title='bbox 797 1481 916 1512; x_wconf 78' lang='lat' dir='ltr'>autem</span> <span class='ocrx_word' id='word_1_141' title='bbox 939 1476 976 1511; x_wconf 70' lang='lat' dir='ltr'>in</span> <span class='ocrx_word' id='word_1_142' title='bbox 1000 1475 1147 1512; x_wconf 72' lang='lat' dir='ltr'>Christo</span> <span class='ocrx_word' id='word_1_143' title='bbox 1165 1476 1263 1521; x_wconf 76' lang='lat' dir='ltr'>Iesu,</span> <span class='ocrx_word' id='word_1_144' title='bbox 1292 1488 1354 1512; x_wconf 80' lang='lat' dir='ltr'>vos</span> <span class='ocrx_word' id='word_1_145' title='bbox 1369 1477 1436 1525; x_wconf 77' lang='lat' dir='ltr'>qui</span> <span class='ocrx_word' id='word_1_146' title='bbox 1450 1477 1648 1526; x_wconf 74' lang='lat' dir='ltr'>aliqnando</span> 
     </span>
     <span class='ocr_line' id='line_1_18' title="bbox 126 1544 1647 1597; baseline -0.002 -12"><span class='ocrx_word' id='word_1_147' title='bbox 126 1549 240 1585; x_wconf 74' lang='lat' dir='ltr'>eratis</span> <span class='ocrx_word' id='word_1_148' title='bbox 266 1547 394 1596; x_wconf 81' lang='lat' dir='ltr'>longe,</span> <span class='ocrx_word' id='word_1_149' title='bbox 428 1546 535 1597; x_wconf 76' lang='lat' dir='ltr'>sacti</span> <span class='ocrx_word' id='word_1_150' title='bbox 560 1546 646 1582; x_wconf 67' lang='lat' dir='ltr'>estis</span> <span class='ocrx_word' id='word_1_151' title='bbox 672 1557 788 1594; x_wconf 76' lang='lat' dir='ltr'>prope</span> <span class='ocrx_word' id='word_1_152' title='bbox 818 1546 854 1580; x_wconf 77' lang='lat' dir='ltr'>ite</span> <span class='ocrx_word' id='word_1_153' title='bbox 880 1545 1062 1593; x_wconf 72' lang='lat' dir='ltr'>sanguine</span> <span class='ocrx_word' id='word_1_154' title='bbox 1086 1544 1214 1593; x_wconf 72' lang='lat' dir='ltr'>ipsius.</span> <span class='ocrx_word' id='word_1_155' title='bbox 1278 1545 1360 1593; x_wconf 80' lang='lat' dir='ltr'>Ipse</span> <span class='ocrx_word' id='word_1_156' title='bbox 1380 1545 1472 1581; x_wconf 82' lang='lat' dir='ltr'>em’m</span> <span class='ocrx_word' id='word_1_157' title='bbox 1496 1551 1553 1581; x_wconf 78' lang='lat' dir='ltr'>est</span> <span class='ocrx_word' id='word_1_158' title='bbox 1568 1558 1647 1595; x_wconf 72' lang='lat' dir='ltr'>pax</span> 
     </span>
     <span class='ocr_line' id='line_1_19' title="bbox 126 1614 910 1666; baseline -0.008 -12"><span class='ocrx_word' id='word_1_159' title='bbox 126 1622 274 1661; x_wconf 79' lang='lat' dir='ltr'>nostra,</span> <span class='ocrx_word' id='word_1_160' title='bbox 309 1616 375 1665; x_wconf 82' lang='lat' dir='ltr'>qui</span> <span class='ocrx_word' id='word_1_161' title='bbox 388 1614 489 1666; x_wconf 74' lang='lat' dir='ltr'>fecit</span> <span class='ocrx_word' id='word_1_162' title='bbox 517 1619 672 1663; x_wconf 72' lang='lat' dir='ltr'>utraque</span> <span class='ocrx_word' id='word_1_163' title='bbox 701 1625 811 1649; x_wconf 81' lang='lat' dir='ltr'>unum</span> <span class='ocrx_word' id='word_1_164' title='bbox 842 1617 910 1648; x_wconf 84' lang='lat' dir='ltr'>etc.</span> 
     </span>
    </p>

    <p class='ocr_par' dir='ltr' id='par_1_7' title="bbox 120 1677 1648 2888">
     <span class='ocr_line' id='line_1_20' title="bbox 238 1677 1648 1733; baseline -0.001 -12"><span class='ocrx_word' id='word_1_165' title='bbox 238 1680 370 1721; x_wconf 78' lang='lat' dir='ltr'>Refut.</span> <span class='ocrx_word' id='word_1_166' title='bbox 399 1679 413 1720; x_wconf 91' lang='lat' dir='ltr'>l</span> <span class='ocrx_word' id='word_1_167' title='bbox 441 1686 478 1719; x_wconf 84' lang='lat' dir='ltr'>et</span> <span class='ocrx_word' id='word_1_168' title='bbox 498 1678 700 1720; x_wconf 85' lang='lat' dir='ltr'>XXXVI.</span> <span class='ocrx_word' id='word_1_169' title='bbox 750 1677 841 1718; x_wconf 76' lang='lat' dir='ltr'>Vox</span> <span class='ocrx_word' id='word_1_170' title='bbox 865 1678 944 1728; x_wconf 75' lang='lat' dir='ltr'>illa,</span> <span class='ocrx_word' id='word_1_171' title='bbox 978 1681 1158 1717; x_wconf 77' lang='lat' dir='ltr'>Memores</span> <span class='ocrx_word' id='word_1_172' title='bbox 1180 1685 1306 1726; x_wconf 76' lang='lat' dir='ltr'>estote,</span> <span class='ocrx_word' id='word_1_173' title='bbox 1341 1677 1508 1733; x_wconf 90' lang='lat' dir='ltr'>speciem</span> <span class='ocrx_word' id='word_1_174' title='bbox 1534 1678 1648 1720; x_wconf 81' lang='lat' dir='ltr'>habet</span> 
     </span>
     <span class='ocr_line' id='line_1_21' title="bbox 128 1746 1646 1804; baseline -0.001 -14"><span class='ocrx_word' id='word_1_175' title='bbox 128 1748 325 1804; x_wconf 88' lang='lat' dir='ltr'>temporis.</span> <span class='ocrx_word' id='word_1_176' title='bbox 388 1746 490 1788; x_wconf 89' lang='lat' dir='ltr'>Tum</span> <span class='ocrx_word' id='word_1_177' title='bbox 518 1747 616 1797; x_wconf 82' lang='lat' dir='ltr'>ista,</span> <span class='ocrx_word' id='word_1_178' title='bbox 662 1750 736 1797; x_wconf 72' lang='lat' dir='ltr'>Qui</span> <span class='ocrx_word' id='word_1_179' title='bbox 751 1749 935 1793; x_wconf 71' lang='lat' dir='ltr'>dicimini,</span> <span class='ocrx_word' id='word_1_180' title='bbox 980 1754 1018 1785; x_wconf 84' lang='lat' dir='ltr'>et</span> <span class='ocrx_word' id='word_1_181' title='bbox 1035 1761 1128 1798; x_wconf 75' lang='lat' dir='ltr'>quae</span> <span class='ocrx_word' id='word_1_182' title='bbox 1149 1749 1308 1794; x_wconf 72' lang='lat' dir='ltr'>decitur,</span> <span class='ocrx_word' id='word_1_183' title='bbox 1354 1760 1481 1786; x_wconf 84' lang='lat' dir='ltr'>rerum</span> <span class='ocrx_word' id='word_1_184' title='bbox 1504 1747 1646 1802; x_wconf 85' lang='lat' dir='ltr'>figuras</span> 
     </span>
     <span class='ocr_line' id='line_1_22' title="bbox 127 1813 1647 1872; baseline -0.001 -14"><span class='ocrx_word' id='word_1_185' title='bbox 127 1817 362 1872; x_wconf 78' lang='lat' dir='ltr'>exprimunt.</span> <span class='ocrx_word' id='word_1_186' title='bbox 425 1813 521 1855; x_wconf 86' lang='lat' dir='ltr'>Item</span> <span class='ocrx_word' id='word_1_187' title='bbox 545 1814 657 1864; x_wconf 89' lang='lat' dir='ltr'>illud,</span> <span class='ocrx_word' id='word_1_188' title='bbox 690 1818 734 1854; x_wconf 77' lang='lat' dir='ltr'>In</span> <span class='ocrx_word' id='word_1_189' title='bbox 758 1829 890 1861; x_wconf 80' lang='lat' dir='ltr'>carne,</span> <span class='ocrx_word' id='word_1_190' title='bbox 926 1828 971 1854; x_wconf 89' lang='lat' dir='ltr'>eo</span> <span class='ocrx_word' id='word_1_191' title='bbox 995 1821 1163 1869; x_wconf 83' lang='lat' dir='ltr'>spectat,</span> <span class='ocrx_word' id='word_1_192' title='bbox 1198 1821 1238 1854; x_wconf 81' lang='lat' dir='ltr'>ut</span> <span class='ocrx_word' id='word_1_193' title='bbox 1260 1814 1424 1855; x_wconf 82' lang='lat' dir='ltr'>inustam</span> <span class='ocrx_word' id='word_1_194' title='bbox 1449 1815 1553 1855; x_wconf 87' lang='lat' dir='ltr'>carni</span> <span class='ocrx_word' id='word_1_195' title='bbox 1579 1830 1647 1856; x_wconf 89' lang='lat' dir='ltr'>no-</span> 
     </span>
     <span class='ocr_line' id='line_1_23' title="bbox 127 1882 1647 1939; baseline -0.002 -12"><span class='ocrx_word' id='word_1_196' title='bbox 127 1894 202 1927; x_wconf 85' lang='lat' dir='ltr'>tam</span> <span class='ocrx_word' id='word_1_197' title='bbox 225 1892 336 1939; x_wconf 85' lang='lat' dir='ltr'>atquc</span> <span class='ocrx_word' id='word_1_198' title='bbox 357 1883 561 1937; x_wconf 86' lang='lat' dir='ltr'>imaginem</span> <span class='ocrx_word' id='word_1_199' title='bbox 586 1883 784 1933; x_wconf 78' lang='lat' dir='ltr'>ostendat,</span> <span class='ocrx_word' id='word_1_200' title='bbox 818 1896 915 1936; x_wconf 88' lang='lat' dir='ltr'>quae</span> <span class='ocrx_word' id='word_1_201' title='bbox 939 1882 1091 1923; x_wconf 83' lang='lat' dir='ltr'>venturi</span> <span class='ocrx_word' id='word_1_202' title='bbox 1114 1882 1269 1937; x_wconf 88' lang='lat' dir='ltr'>spiritus</span> <span class='ocrx_word' id='word_1_203' title='bbox 1292 1889 1440 1937; x_wconf 89' lang='lat' dir='ltr'>tempus</span> <span class='ocrx_word' id='word_1_204' title='bbox 1466 1891 1647 1938; x_wconf 86' lang='lat' dir='ltr'>expecta-</span> 
     </span>
     <span class='ocr_line' id='line_1_24' title="bbox 126 1938 1646 2005; baseline -0.001 -11"><span class='ocrx_word' id='word_1_205' title='bbox 126 1961 208 2004; x_wconf 84' lang='lat' dir='ltr'>ret,</span> <span class='ocrx_word' id='word_1_206' title='bbox 253 1960 292 1992; x_wconf 89' lang='lat' dir='ltr'>ut</span> <span class='ocrx_word' id='word_1_207' title='bbox 314 1965 363 1991; x_wconf 82' lang='lat' dir='ltr'>ex</span> <span class='ocrx_word' id='word_1_208' title='bbox 389 1951 507 2005; x_wconf 84' lang='lat' dir='ltr'>figura</span> <span class='ocrx_word' id='word_1_209' title='bbox 530 1951 759 2005; x_wconf 77' lang='lat' dir='ltr'>perfectiora</span> <span class='ocrx_word' id='word_1_210' title='bbox 782 1938 986 2004; x_wconf 78' lang='lat' dir='ltr'>significet.</span> <span class='ocrx_word' id='word_1_211' title='bbox 1049 1949 1203 1990; x_wconf 86' lang='lat' dir='ltr'>Etenim</span> <span class='ocrx_word' id='word_1_212' title='bbox 1227 1950 1309 1990; x_wconf 90' lang='lat' dir='ltr'>sine</span> <span class='ocrx_word' id='word_1_213' title='bbox 1333 1948 1490 1991; x_wconf 84' lang='lat' dir='ltr'>Christo</span> <span class='ocrx_word' id='word_1_214' title='bbox 1514 1952 1646 2005; x_wconf 90' lang='lat' dir='ltr'>procul</span> 
     </span>
     <span class='ocr_line' id='line_1_25' title="bbox 126 2018 1646 2073; baseline -0.001 -11"><span class='ocrx_word' id='word_1_215' title='bbox 126 2021 171 2062; x_wconf 88' lang='lat' dir='ltr'>ab</span> <span class='ocrx_word' id='word_1_216' title='bbox 201 2019 358 2061; x_wconf 87' lang='lat' dir='ltr'>Israelis</span> <span class='ocrx_word' id='word_1_217' title='bbox 385 2018 680 2059; x_wconf 88' lang='lat' dir='ltr'>conversatione</span> <span class='ocrx_word' id='word_1_218' title='bbox 708 2024 924 2072; x_wconf 83' lang='lat' dir='ltr'>separatum</span> <span class='ocrx_word' id='word_1_219' title='bbox 959 2025 1042 2058; x_wconf 87' lang='lat' dir='ltr'>erat</span> <span class='ocrx_word' id='word_1_220' title='bbox 1067 2018 1329 2073; x_wconf 84' lang='lat' dir='ltr'>praeputium,</span> <span class='ocrx_word' id='word_1_221' title='bbox 1373 2032 1416 2059; x_wconf 89' lang='lat' dir='ltr'>ac</span> <span class='ocrx_word' id='word_1_222' title='bbox 1442 2019 1599 2073; x_wconf 88' lang='lat' dir='ltr'>proinde</span> <span class='ocrx_word' id='word_1_223' title='bbox 1624 2034 1646 2060; x_wconf 91' lang='lat' dir='ltr'>a</span> 
     </span>
     <span class='ocr_line' id='line_1_26' title="bbox 125 2086 1646 2145; baseline -0.001 -16"><span class='ocrx_word' id='word_1_224' title='bbox 125 2089 380 2145; x_wconf 90' lang='lat' dir='ltr'>promissione</span> <span class='ocrx_word' id='word_1_225' title='bbox 406 2101 450 2127; x_wconf 89' lang='lat' dir='ltr'>ac</span> <span class='ocrx_word' id='word_1_226' title='bbox 476 2093 705 2127; x_wconf 87' lang='lat' dir='ltr'>testamento</span> <span class='ocrx_word' id='word_1_227' title='bbox 730 2087 988 2140; x_wconf 85' lang='lat' dir='ltr'>peregrinum.</span> <span class='ocrx_word' id='word_1_228' title='bbox 1050 2086 1110 2126; x_wconf 86' lang='lat' dir='ltr'>Ac</span> <span class='ocrx_word' id='word_1_229' title='bbox 1137 2087 1199 2140; x_wconf 93' lang='lat' dir='ltr'>qui</span> <span class='ocrx_word' id='word_1_230' title='bbox 1223 2086 1287 2126; x_wconf 89' lang='lat' dir='ltr'>illa</span> <span class='ocrx_word' id='word_1_231' title='bbox 1313 2086 1531 2127; x_wconf 89' lang='lat' dir='ltr'>conditione</span> <span class='ocrx_word' id='word_1_232' title='bbox 1556 2101 1646 2128; x_wconf 86' lang='lat' dir='ltr'>cen-</span> 
     </span>
     <span class='ocr_line' id='line_1_27' title="bbox 125 2153 1644 2208; baseline -0.001 -11"><span class='ocrx_word' id='word_1_233' title='bbox 125 2157 328 2206; x_wconf 84' lang='lat' dir='ltr'>sebantur,</span> <span class='ocrx_word' id='word_1_234' title='bbox 375 2155 475 2195; x_wconf 91' lang='lat' dir='ltr'>omni</span> <span class='ocrx_word' id='word_1_235' title='bbox 502 2168 568 2208; x_wconf 91' lang='lat' dir='ltr'>spe</span> <span class='ocrx_word' id='word_1_236' title='bbox 592 2154 796 2205; x_wconf 79' lang='lat' dir='ltr'>carebant,</span> <span class='ocrx_word' id='word_1_237' title='bbox 840 2161 878 2194; x_wconf 82' lang='lat' dir='ltr'>et</span> <span class='ocrx_word' id='word_1_238' title='bbox 901 2154 984 2194; x_wconf 87' lang='lat' dir='ltr'>sine</span> <span class='ocrx_word' id='word_1_239' title='bbox 1011 2154 1081 2195; x_wconf 86' lang='lat' dir='ltr'>deo</span> <span class='ocrx_word' id='word_1_240' title='bbox 1106 2161 1216 2194; x_wconf 84' lang='lat' dir='ltr'>erant</span> <span class='ocrx_word' id='word_1_241' title='bbox 1240 2153 1278 2194; x_wconf 90' lang='lat' dir='ltr'>in</span> <span class='ocrx_word' id='word_1_242' title='bbox 1302 2153 1373 2194; x_wconf 87' lang='lat' dir='ltr'>hoc</span> <span class='ocrx_word' id='word_1_243' title='bbox 1397 2156 1561 2205; x_wconf 85' lang='lat' dir='ltr'>mundo,</span> <span class='ocrx_word' id='word_1_244' title='bbox 1605 2162 1644 2195; x_wconf 83' lang='lat' dir='ltr'>ut</span> 
     </span>
     <span class='ocr_line' id='line_1_28' title="bbox 125 2219 1644 2280; baseline -0.002 -14"><span class='ocrx_word' id='word_1_245' title='bbox 125 2224 288 2280; x_wconf 80' lang='lat' dir='ltr'>apostoli</span> <span class='ocrx_word' id='word_1_246' title='bbox 310 2223 428 2264; x_wconf 85' lang='lat' dir='ltr'>verba</span> <span class='ocrx_word' id='word_1_247' title='bbox 449 2222 658 2263; x_wconf 84' lang='lat' dir='ltr'>declarant.</span> <span class='ocrx_word' id='word_1_248' title='bbox 721 2219 798 2262; x_wconf 90' lang='lat' dir='ltr'>Sed</span> <span class='ocrx_word' id='word_1_249' title='bbox 821 2222 912 2263; x_wconf 88' lang='lat' dir='ltr'>nihil</span> <span class='ocrx_word' id='word_1_250' title='bbox 931 2223 1054 2272; x_wconf 90' lang='lat' dir='ltr'>vides,</span> <span class='ocrx_word' id='word_1_251' title='bbox 1081 2221 1174 2262; x_wconf 87' lang='lat' dir='ltr'>nihil</span> <span class='ocrx_word' id='word_1_252' title='bbox 1194 2222 1316 2271; x_wconf 83' lang='lat' dir='ltr'>audis,</span> <span class='ocrx_word' id='word_1_253' title='bbox 1343 2220 1518 2275; x_wconf 84' lang='lat' dir='ltr'>Marcio;</span> <span class='ocrx_word' id='word_1_254' title='bbox 1550 2223 1644 2263; x_wconf 85' lang='lat' dir='ltr'>alio-</span> 
     </span>
     <span class='ocr_line' id='line_1_29' title="bbox 125 2290 1644 2348; baseline -0.001 -15"><span class='ocrx_word' id='word_1_255' title='bbox 125 2293 188 2348; x_wconf 91' lang='lat' dir='ltr'>qui</span> <span class='ocrx_word' id='word_1_256' title='bbox 215 2292 304 2332; x_wconf 91' lang='lat' dir='ltr'>illud</span> <span class='ocrx_word' id='word_1_257' title='bbox 338 2291 667 2331; x_wconf 75' lang='lat' dir='ltr'>animadverteres</span> <span class='ocrx_word' id='word_1_258' title='bbox 690 2298 832 2344; x_wconf 85' lang='lat' dir='ltr'>quanta</span> <span class='ocrx_word' id='word_1_259' title='bbox 861 2290 906 2331; x_wconf 92' lang='lat' dir='ltr'>ab</span> <span class='ocrx_word' id='word_1_260' title='bbox 934 2291 1019 2345; x_wconf 84' lang='lat' dir='ltr'>lege</span> <span class='ocrx_word' id='word_1_261' title='bbox 1043 2290 1140 2330; x_wconf 88' lang='lat' dir='ltr'>bona</span> <span class='ocrx_word' id='word_1_262' title='bbox 1166 2303 1343 2330; x_wconf 81' lang='lat' dir='ltr'>manasse</span> <span class='ocrx_word' id='word_1_263' title='bbox 1368 2290 1469 2331; x_wconf 83' lang='lat' dir='ltr'>dicat</span> <span class='ocrx_word' id='word_1_264' title='bbox 1491 2299 1644 2346; x_wconf 85' lang='lat' dir='ltr'>aposto-</span> 
     </span>
     <span class='ocr_line' id='line_1_30' title="bbox 123 2358 1640 2414; baseline -0.001 -13"><span class='ocrx_word' id='word_1_265' title='bbox 123 2361 205 2411; x_wconf 82' lang='lat' dir='ltr'>lus,</span> <span class='ocrx_word' id='word_1_266' title='bbox 239 2373 335 2414; x_wconf 90' lang='lat' dir='ltr'>quae</span> <span class='ocrx_word' id='word_1_267' title='bbox 357 2358 543 2413; x_wconf 88' lang='lat' dir='ltr'>singulari</span> <span class='ocrx_word' id='word_1_268' title='bbox 564 2358 622 2398; x_wconf 89' lang='lat' dir='ltr'>dei</span> <span class='ocrx_word' id='word_1_269' title='bbox 643 2358 882 2413; x_wconf 86' lang='lat' dir='ltr'>providentia</span> <span class='ocrx_word' id='word_1_270' title='bbox 904 2358 978 2400; x_wconf 92' lang='lat' dir='ltr'>illis</span> <span class='ocrx_word' id='word_1_271' title='bbox 1001 2359 1234 2414; x_wconf 85' lang='lat' dir='ltr'>temporibus</span> <span class='ocrx_word' id='word_1_272' title='bbox 1254 2358 1518 2400; x_wconf 83' lang='lat' dir='ltr'>administrata</span> <span class='ocrx_word' id='word_1_273' title='bbox 1538 2367 1640 2401; x_wconf 85' lang='lat' dir='ltr'>sunt.</span> 
     </span>
     <span class='ocr_line' id='line_1_31' title="bbox 124 2427 1643 2479; baseline 0 -10"><span class='ocrx_word' id='word_1_274' title='bbox 124 2427 226 2469; x_wconf 87' lang='lat' dir='ltr'>Nam</span> <span class='ocrx_word' id='word_1_275' title='bbox 256 2431 292 2467; x_wconf 81' lang='lat' dir='ltr'>in</span> <span class='ocrx_word' id='word_1_276' title='bbox 317 2430 464 2466; x_wconf 76' lang='lat' dir='ltr'>Christo</span> <span class='ocrx_word' id='word_1_277' title='bbox 488 2430 592 2474; x_wconf 79' lang='lat' dir='ltr'>Iesu,</span> <span class='ocrx_word' id='word_1_278' title='bbox 628 2430 694 2478; x_wconf 76' lang='lat' dir='ltr'>qni</span> <span class='ocrx_word' id='word_1_279' title='bbox 713 2429 798 2465; x_wconf 80' lang='lat' dir='ltr'>olim</span> <span class='ocrx_word' id='word_1_280' title='bbox 819 2428 927 2479; x_wconf 84' lang='lat' dir='ltr'>longe</span> <span class='ocrx_word' id='word_1_281' title='bbox 947 2435 1073 2475; x_wconf 70' lang='lat' dir='ltr'>erant,</span> <span class='ocrx_word' id='word_1_282' title='bbox 1109 2442 1206 2466; x_wconf 78' lang='lat' dir='ltr'><em>nunc·</em></span> <span class='ocrx_word' id='word_1_283' title='bbox 1223 2442 1340 2479; x_wconf 73' lang='lat' dir='ltr'>prope</span> <span class='ocrx_word' id='word_1_284' title='bbox 1359 2435 1466 2475; x_wconf 78' lang='lat' dir='ltr'>sunt,</span> <span class='ocrx_word' id='word_1_285' title='bbox 1500 2431 1537 2467; x_wconf 75' lang='lat' dir='ltr'>in</span> <span class='ocrx_word' id='word_1_286' title='bbox 1557 2443 1643 2469; x_wconf 81' lang='lat' dir='ltr'>san-</span> 
     </span>
     <span class='ocr_line' id='line_1_32' title="bbox 120 2494 1641 2549; baseline 0.001 -13"><span class='ocrx_word' id='word_1_287' title='bbox 120 2500 236 2549; x_wconf 77' lang='lat' dir='ltr'>guine</span> <span class='ocrx_word' id='word_1_288' title='bbox 258 2498 371 2534; x_wconf 67' lang='lat' dir='ltr'>illins.</span> <span class='ocrx_word' id='word_1_289' title='bbox 437 2498 517 2546; x_wconf 83' lang='lat' dir='ltr'>lpse</span> <span class='ocrx_word' id='word_1_290' title='bbox 542 2498 634 2534; x_wconf 73' lang='lat' dir='ltr'>enim</span> <span class='ocrx_word' id='word_1_291' title='bbox 656 2502 713 2534; x_wconf 80' lang='lat' dir='ltr'>esc</span> <span class='ocrx_word' id='word_1_292' title='bbox 725 2509 806 2546; x_wconf 64' lang='lat' dir='ltr'>pasc</span> <span class='ocrx_word' id='word_1_293' title='bbox 825 2503 953 2535; x_wconf 72' lang='lat' dir='ltr'>nostra</span> <span class='ocrx_word' id='word_1_294' title='bbox 976 2499 1043 2548; x_wconf 75' lang='lat' dir='ltr'>qui</span> <span class='ocrx_word' id='word_1_295' title='bbox 1059 2497 1153 2548; x_wconf 73' lang='lat' dir='ltr'>fecit</span> <span class='ocrx_word' id='word_1_296' title='bbox 1173 2503 1328 2547; x_wconf 73' lang='lat' dir='ltr'>utraque</span> <span class='ocrx_word' id='word_1_297' title='bbox 1347 2510 1470 2535; x_wconf 77' lang='lat' dir='ltr'>unum.</span> <span class='ocrx_word' id='word_1_298' title='bbox 1529 2494 1641 2549; x_wconf 81' lang='lat' dir='ltr'>Quod</span> 
     </span>
     <span class='ocr_line' id='line_1_33' title="bbox 124 2562 1642 2617; baseline 0 -12"><span class='ocrx_word' id='word_1_299' title='bbox 124 2565 155 2605; x_wconf 94' lang='lat' dir='ltr'>si</span> <span class='ocrx_word' id='word_1_300' title='bbox 179 2579 292 2605; x_wconf 90' lang='lat' dir='ltr'>unum</span> <span class='ocrx_word' id='word_1_301' title='bbox 314 2570 473 2617; x_wconf 85' lang='lat' dir='ltr'>utraque</span> <span class='ocrx_word' id='word_1_302' title='bbox 499 2562 607 2613; x_wconf 79' lang='lat' dir='ltr'>fecit,</span> <span class='ocrx_word' id='word_1_303' title='bbox 640 2562 735 2602; x_wconf 86' lang='lat' dir='ltr'>adeo</span> <span class='ocrx_word' id='word_1_304' title='bbox 758 2569 799 2603; x_wconf 83' lang='lat' dir='ltr'>ut</span> <span class='ocrx_word' id='word_1_305' title='bbox 818 2563 940 2604; x_wconf 86' lang='lat' dir='ltr'>altero</span> <span class='ocrx_word' id='word_1_306' title='bbox 969 2564 1164 2604; x_wconf 87' lang='lat' dir='ltr'>destructo</span> <span class='ocrx_word' id='word_1_307' title='bbox 1186 2563 1340 2603; x_wconf 89' lang='lat' dir='ltr'>minime</span> <span class='ocrx_word' id='word_1_308' title='bbox 1365 2564 1523 2604; x_wconf 87' lang='lat' dir='ltr'>alterum</span> <span class='ocrx_word' id='word_1_309' title='bbox 1551 2579 1642 2605; x_wconf 86' lang='lat' dir='ltr'>cou-</span> 
     </span>
     <span class='ocr_line' id='line_1_34' title="bbox 123 2630 1642 2686; baseline 0 -13"><span class='ocrx_word' id='word_1_310' title='bbox 123 2632 312 2681; x_wconf 82' lang='lat' dir='ltr'>stituerit‚</span> <span class='ocrx_word' id='word_1_311' title='bbox 357 2645 432 2671; x_wconf 92' lang='lat' dir='ltr'>non</span> <span class='ocrx_word' id='word_1_312' title='bbox 466 2630 582 2684; x_wconf 87' lang='lat' dir='ltr'>igitur</span> <span class='ocrx_word' id='word_1_313' title='bbox 608 2630 712 2684; x_wconf 91' lang='lat' dir='ltr'>prius</span> <span class='ocrx_word' id='word_1_314' title='bbox 743 2645 764 2671; x_wconf 82' lang='lat' dir='ltr'>a</span> <span class='ocrx_word' id='word_1_315' title='bbox 794 2644 836 2671; x_wconf 90' lang='lat' dir='ltr'>se</span> <span class='ocrx_word' id='word_1_316' title='bbox 862 2632 1027 2672; x_wconf 85' lang='lat' dir='ltr'>alienum</span> <span class='ocrx_word' id='word_1_317' title='bbox 1055 2632 1204 2682; x_wconf 83' lang='lat' dir='ltr'>extitit,</span> <span class='ocrx_word' id='word_1_318' title='bbox 1249 2645 1372 2686; x_wconf 89' lang='lat' dir='ltr'>neque</span> <span class='ocrx_word' id='word_1_319' title='bbox 1398 2632 1589 2686; x_wconf 89' lang='lat' dir='ltr'>posterius</span> <span class='ocrx_word' id='word_1_320' title='bbox 1621 2648 1642 2674; x_wconf 93' lang='lat' dir='ltr'>a</span> 
     </span>
     <span class='ocr_line' id='line_1_35' title="bbox 123 2697 1638 2755; baseline 0.001 -15"><span class='ocrx_word' id='word_1_321' title='bbox 123 2700 250 2755; x_wconf 88' lang='lat' dir='ltr'>priore</span> <span class='ocrx_word' id='word_1_322' title='bbox 272 2697 480 2754; x_wconf 86' lang='lat' dir='ltr'>separavit,</span> <span class='ocrx_word' id='word_1_323' title='bbox 514 2698 580 2738; x_wconf 88' lang='lat' dir='ltr'>sed</span> <span class='ocrx_word' id='word_1_324' title='bbox 601 2698 639 2737; x_wconf 91' lang='lat' dir='ltr'>in</span> <span class='ocrx_word' id='word_1_325' title='bbox 659 2712 774 2738; x_wconf 88' lang='lat' dir='ltr'>unum</span> <span class='ocrx_word' id='word_1_326' title='bbox 797 2699 908 2740; x_wconf 89' lang='lat' dir='ltr'>ambo</span> <span class='ocrx_word' id='word_1_327' title='bbox 929 2700 990 2740; x_wconf 88' lang='lat' dir='ltr'>illa</span> <span class='ocrx_word' id='word_1_328' title='bbox 1011 2700 1203 2749; x_wconf 85' lang='lat' dir='ltr'>conflavit,</span> <span class='ocrx_word' id='word_1_329' title='bbox 1238 2713 1312 2739; x_wconf 92' lang='lat' dir='ltr'>non</span> <span class='ocrx_word' id='word_1_330' title='bbox 1338 2714 1488 2754; x_wconf 92' lang='lat' dir='ltr'>quoquo</span> <span class='ocrx_word' id='word_1_331' title='bbox 1511 2701 1638 2753; x_wconf 84' lang='lat' dir='ltr'>modo,</span> 
     </span>
     <span class='ocr_line' id='line_1_36' title="bbox 124 2765 1640 2822; baseline 0.003 -16"><span class='ocrx_word' id='word_1_332' title='bbox 124 2767 187 2807; x_wconf 90' lang='lat' dir='ltr'>vel</span> <span class='ocrx_word' id='word_1_333' title='bbox 214 2767 342 2822; x_wconf 86' lang='lat' dir='ltr'>specie</span> <span class='ocrx_word' id='word_1_334' title='bbox 368 2774 479 2807; x_wconf 89' lang='lat' dir='ltr'>tenus</span> <span class='ocrx_word' id='word_1_335' title='bbox 502 2765 648 2820; x_wconf 90' lang='lat' dir='ltr'>aliqua,</span> <span class='ocrx_word' id='word_1_336' title='bbox 692 2766 758 2806; x_wconf 90' lang='lat' dir='ltr'>sed</span> <span class='ocrx_word' id='word_1_337' title='bbox 782 2767 981 2822; x_wconf 88' lang='lat' dir='ltr'>perspicue</span> <span class='ocrx_word' id='word_1_338' title='bbox 1006 2772 1043 2807; x_wconf 75' lang='lat' dir='ltr'>in</span> <span class='ocrx_word' id='word_1_339' title='bbox 1064 2771 1246 2819; x_wconf 78' lang='lat' dir='ltr'>sanguine</span> <span class='ocrx_word' id='word_1_340' title='bbox 1264 2783 1352 2815; x_wconf 74' lang='lat' dir='ltr'>suo,</span> <span class='ocrx_word' id='word_1_341' title='bbox 1397 2769 1640 2822; x_wconf 88' lang='lat' dir='ltr'>quemadmo-</span> 
     </span>
     <span class='ocr_line' id='line_1_37' title="bbox 125 2834 1252 2888; baseline 0.001 -14"><span class='ocrx_word' id='word_1_342' title='bbox 125 2835 212 2875; x_wconf 91' lang='lat' dir='ltr'>dum</span> <span class='ocrx_word' id='word_1_343' title='bbox 241 2843 347 2876; x_wconf 89' lang='lat' dir='ltr'>certa</span> <span class='ocrx_word' id='word_1_344' title='bbox 378 2848 422 2875; x_wconf 86' lang='lat' dir='ltr'>ae</span> <span class='ocrx_word' id='word_1_345' title='bbox 453 2834 573 2875; x_wconf 88' lang='lat' dir='ltr'>solida</span> <span class='ocrx_word' id='word_1_346' title='bbox 606 2834 769 2888; x_wconf 86' lang='lat' dir='ltr'>apostoli</span> <span class='ocrx_word' id='word_1_347' title='bbox 800 2835 971 2876; x_wconf 85' lang='lat' dir='ltr'>doctrina</span> <span class='ocrx_word' id='word_1_348' title='bbox 1003 2837 1252 2876; x_wconf 82' lang='lat' dir='ltr'>demonstrat.</span> 
     </span>
    </p>
   </div>
   <div class='ocr_carea' id='block_1_6' title="bbox 168 2980 785 3016">
    <p class='ocr_par' dir='ltr' id='par_1_8' title="bbox 168 2980 785 3016">
     <span class='ocr_line' id='line_1_38' title="bbox 168 2980 785 3016; baseline -0.003 -1"><span class='ocrx_word' id='word_1_349' title='bbox 168 2980 220 3015; x_wconf 70' lang='lat'>88.</span> <span class='ocrx_word' id='word_1_350' title='bbox 243 2980 277 3016; x_wconf 78' lang='grc' dir='ltr'>ἓν</span> <span class='ocrx_word' id='word_1_351' title='bbox 300 2984 446 3015; x_wconf 83' lang='lat' dir='ltr'>omissum</span> <span class='ocrx_word' id='word_1_352' title='bbox 469 2985 510 3014; x_wconf 84' lang='lat' dir='ltr'>est</span> <span class='ocrx_word' id='word_1_353' title='bbox 531 2984 564 3014; x_wconf 89' lang='lat' dir='ltr'>in</span> <span class='ocrx_word' id='word_1_354' title='bbox 588 2982 659 3014; x_wconf 77' lang='lat' dir='ltr'>edit.</span> <span class='ocrx_word' id='word_1_355' title='bbox 680 2983 785 3014; x_wconf 81' lang='lat' dir='ltr'>Petav.</span> 
     </span>
    </p>
   </div>
  </div>
 </body>
</html>
