2034 3267
449 168 620 200 PANARH
646 171 743 201 ADV.
770 171 985 202 HAERESES
1009 172 1089 202 Ltss.
1115 172 1136 202 Ι.
1161 172 1265 203 TOM.
1291 172 1313 202 l.
1583 165 1634 202 57

128 246 266 286 lumine
292 246 444 299 legitur,
478 246 538 286 ubi
565 248 656 287 haec
681 249 803 288 omnia
826 256 1002 289 accurate
1025 250 1212 303 descripta
1236 256 1338 289 sunt.
1399 248 1478 289 Illic
1502 264 1632 303 porro,

131 313 228 366 quod
260 327 281 353 a
317 313 424 353 uobis
457 327 571 368 saepe
599 316 734 355 dictum
760 323 838 365 est,
881 323 919 356 et
944 317 1014 356 hoc
1036 317 1120 357 loco
1146 316 1364 357 necessario
1386 317 1634 371 repetendum

130 379 221 429 fuit,
255 380 418 433 quinque
444 388 607 421 aetatum
633 383 754 436 spatio
780 391 1084 436 permanserunt.
1146 383 1253 437 Quae
1279 385 1424 438 quidem
1449 398 1470 424 a
1494 382 1634 424 lacobo

129 461 197 502 per
218 446 317 487 Levi
340 448 520 488 deductae
542 456 787 488 numerantur
810 463 964 500 omues,
998 452 1042 489 de
1064 451 1171 491 cuius
1194 452 1310 506 stirpe
1334 452 1554 492 sacerdotes
1577 451 1636 490 in-

129 514 249 554 stituti
275 522 383 554 suut:
427 517 491 555 sed
520 523 558 556 et
583 516 735 555 eaedem
758 522 903 555 aetates
928 531 996 570 per
1019 516 1147 557 ludam
1168 518 1339 572 digestae
1364 525 1472 569 suut,
1515 531 1534 557 a
1561 533 1635 572 quo

131 580 254 622 David
279 583 362 633 ille,
404 583 465 636 qui
491 590 618 637 postea
644 582 841 634 regnavit,
886 583 1068 623 oriundus
1095 585 1176 624 fuit.
1238 584 1388 625 Etenim
1412 585 1511 626 Levi
1533 583 1635 626 Haa-

130 649 258 700 thum,
291 650 460 703 aliosque
488 650 638 702 genuit,
671 646 843 688 Raathus
869 649 1115 700 Amramum,
1149 653 1353 692 Amramus
1377 652 1565 707 Moysen,
1599 659 1637 692 et

129 716 324 756 Aaronem
356 717 583 770 pontificem.
642 714 722 754 Iam
756 729 849 755 vero
875 715 1037 771 Moyses
1062 716 1255 758 Israelitas
1286 719 1413 759 divina
1444 721 1481 759 vi
1517 722 1635 760 fretus

132 797 184 823 ex
212 784 390 838 Aegypto
422 782 612 832 traduxit,
654 789 695 821 ut
728 782 765 821 in
796 784 964 823 secundo
995 784 1090 837 legis
1121 784 1312 825 volumine
1343 786 1523 840 scriptum
1559 795 1632 828 est.

242 850 444 892 Caeterum
471 849 653 902 quodnam
681 849 726 888 ad
751 849 821 889 hoc
846 857 991 904 tempus
1019 851 1132 891 fuerit
1157 851 1415 892 Israelitarum
1442 854 1542 893 vitae
1570 869 1634 908 ge-

134 933 204 959 nus
233 926 344 972 atque
367 916 600 965 institutum,
643 916 838 957 declarare
866 918 973 958 facile
999 932 1110 958 nemo
1135 926 1284 973 potest,
1329 920 1401 960 nisi
1428 920 1516 960 illud
1544 922 1636 961 dun-

132 993 260 1036 taxat,
292 983 492 1037 legitimum
519 983 614 1037 apud
646 997 712 1023 eos
738 984 853 1024 divini
880 986 1045 1025 numinis
1067 986 1206 1026 cultum
1239 1000 1322 1026 cum
1347 987 1636 1028 circumcisione

132 1053 310 1105 viguisse.
369 1050 541 1090 Tametsi
573 1050 753 1105 scriptum
784 1059 864 1103 est,
907 1053 1173 1107 multiplicatos
1203 1054 1240 1093 in
1270 1052 1450 1109 Aegypto
1482 1054 1635 1095 Israelis

134 1121 249 1169 filios,
294 1124 331 1158 et
369 1131 458 1171 prae
495 1118 602 1172 copia
639 1118 736 1158 viles
775 1133 862 1159 esse
894 1121 1031 1160 factos.
1093 1119 1288 1175 Siquidem
1321 1122 1639 1175 peregrinationis

132 1188 192 1227 illa
221 1184 443 1226 diuturnitas
474 1186 834 1240 consuetudinisque
865 1201 946 1227 cum
979 1188 1152 1227 externis
1183 1202 1251 1242 per
1280 1202 1410 1229 eorum
1444 1189 1640 1243 negligen-

133 1252 219 1293 tiam
250 1253 295 1292 ad
324 1253 422 1292 illam
456 1266 522 1292 eos
552 1253 735 1293 vilitatem
766 1254 920 1295 abiecit.
978 1254 1127 1296 Verum
1158 1256 1292 1310 quibus
1323 1256 1416 1296 cibis
1451 1258 1506 1296 fas
1536 1263 1641 1297 esset

130 1321 204 1371 uti,
245 1327 310 1360 aut
333 1334 354 1360 a
376 1320 510 1373 quibus
536 1320 798 1360 abstinendum
824 1323 945 1373 foret,
987 1330 1215 1376 caeteraque
1240 1323 1364 1363 omnia
1387 1338 1482 1377 quae
1510 1338 1561 1364 ex
1586 1324 1640 1364 le-

129 1388 186 1443 gis
209 1395 341 1442 postea
364 1387 598 1442 praescripto
623 1389 812 1429 servanda
834 1390 1026 1443 proposita
1048 1398 1158 1440 sunt,
1203 1391 1369 1431 nondum
1391 1392 1483 1432 deus
1507 1398 1638 1445 aperte

130 1456 377 1510 significarat.
437 1453 691 1508 Posteaquam
713 1469 807 1496 vero
828 1470 879 1496 ex
898 1457 1077 1511 Aegypto
1103 1458 1265 1511 digressi
1288 1465 1391 1509 sunt,
1425 1473 1525 1498 anno
1550 1473 1639 1512 pro-

130 1523 304 1564 fectionis
325 1523 507 1571 secund0,
540 1523 605 1562 lex
626 1523 698 1562 illis
720 1537 741 1563 a
764 1523 833 1563 deo
858 1525 1066 1578 interprete
1087 1523 1200 1565 Mose
1220 1526 1396 1577 traditur,
1431 1540 1526 1579 quae
1550 1540 1638 1581 pae-

129 1591 262 1645 dagogi
291 1590 394 1630 vices
418 1603 556 1643 gerens
580 1591 737 1642 (revera
761 1592 861 1630 enim
884 1605 1020 1631 munus
1045 1592 1135 1632 illud
1160 1593 1391 1644 exercebat,
1436 1608 1520 1633 cum
1544 1607 1639 1647 quae

130 1660 175 1698 ad
199 1671 335 1712 corpus
359 1656 584 1711 pertinentia
608 1658 899 1712 praescriberet,
931 1659 1126 1713 spirituale
1150 1660 1323 1714 quiddam
1346 1675 1412 1714 spe
1434 1668 1545 1714 atque
1571 1675 1640 1701 ex-

132 1726 346 1780 pectatione
377 1725 637 1777 continerent)
663 1725 879 1765 circumcidi
908 1726 1083 1777 iubebat,
1128 1741 1171 1767 ac
1200 1728 1396 1768 celebrare
1423 1728 1637 1777 sabbatum,

133 1794 386 1846 decumasque
419 1793 566 1846 frugum
598 1799 635 1831 et
665 1793 805 1832 fetuum
839 1793 1027 1844 omnium,
1070 1801 1146 1834 tam
1173 1794 1363 1834 hominum
1393 1810 1503 1849 quam
1530 1809 1642 1850 peco-

134 1874 236 1909 rum,
279 1873 349 1899 nec
374 1874 450 1899 non
473 1867 510 1899 et
533 1860 716 1914 primitias
739 1874 781 1899 ac
804 1860 1136 1915 quinquagesimas
1163 1861 1452 1917 tricesimasque
1476 1864 1546 1903 deo
1570 1863 1642 1903 soli

134 1940 386 1976 consecrare,
420 1927 518 1967 hunc
541 1927 699 1967 adorare
724 1927 860 1979 solum,
893 1928 999 1968 cuius
1025 1930 1096 1969 etsi
1122 1929 1274 1970 nomine
1298 1930 1433 1970 unicus
1457 1931 1643 1970 duntaxat

132 1994 423 2049 praedicabatur
448 1994 611 2034 omnium
641 1995 856 2035 moderator
881 2010 924 2036 ac
948 1997 1145 2052 princeps,
1179 2011 1254 2037 una
1279 2004 1403 2038 tamen
1431 2005 1470 2038 et
1491 1997 1642 2038 trinitas

133 2075 284 2115 semper
304 2061 340 2101 in
365 2062 428 2102 illa
448 2061 630 2116 singulari
656 2062 850 2103 divinitate
871 2064 1047 2104 nunciata
1068 2065 1287 2119 creditaque
1311 2066 1356 2105 ab
1380 2065 1454 2106 illis
1477 2073 1550 2116 est,
1578 2066 1641 2120 qui

135 2130 300 2170 caeteris
334 2129 628 2179 antecellerent,
670 2129 878 2170 cuiusmodi
905 2132 1110 2186 prophetae
1137 2139 1249 2187 atque
1276 2132 1416 2172 eximia
1438 2133 1641 2174 sanctitate

135 2196 298 2251 praediti
322 2196 495 2237 homines
518 2197 684 2237 suerunt.
744 2195 951 2239 Praeterea
978 2201 1093 2240 certis
1118 2200 1316 2240 sacrificiis
1340 2201 1534 2253 variisque
1559 2200 1642 2240 riti-

136 2264 207 2304 bus
229 2278 273 2304 ac
297 2264 525 2304 ceremoniis
547 2264 584 2303 in
606 2264 757 2304 deserto
781 2266 1037 2320 praepotentis
1062 2267 1108 2307 ad
1127 2266 1187 2307 dei
1210 2267 1348 2307 cultum
1370 2268 1512 2322 operati
1536 2275 1640 2317 sunt,

136 2345 222 2371 cum
253 2332 291 2371 in
320 2331 552 2372 tabernaculi
576 2330 760 2384 religione
791 2341 921 2374 essent
944 2334 1109 2384 assidui,
1151 2334 1247 2387 quod
1273 2349 1293 2374 a
1316 2333 1457 2390 Moyse
1485 2336 1529 2376 ad
1551 2335 1643 2375 illud

138 2398 334 2453 exemplar
357 2399 454 2452 quod
480 2412 500 2438 a
526 2399 594 2438 deo
618 2406 863 2440 monstratum
885 2409 958 2451 est,
987 2402 1111 2442 fuerat
1132 2409 1366 2442 extructum.
1427 2401 1506 2443 Sed
1528 2403 1643 2442 iidem

136 2464 267 2506 Iudaei
300 2467 345 2506 de
378 2467 541 2506 adventu
572 2463 714 2505 Christi
744 2467 1008 2522 prophetarum
1040 2483 1225 2524 accepere
1254 2483 1462 2524 responsa,
1507 2470 1642 2524 quibus

139 2547 223 2572 cum
247 2533 309 2573 ille
334 2533 513 2587 propheta
540 2533 750 2584 diceretur,
788 2548 924 2576 revera
950 2544 1073 2577 tamen
1101 2537 1193 2576 deus
1221 2543 1325 2586 erat,
1367 2537 1502 2591 deique
1527 2538 1639 2588 filius,

140 2613 224 2640 cum
245 2600 402 2653 angelus
420 2600 688 2654 appellaretur,
722 2616 829 2655 quem
850 2610 887 2642 et
905 2603 1093 2644 bominem
1116 2606 1281 2644 futurum
1300 2618 1417 2658 seque
1437 2605 1482 2645 ad
1503 2605 1642 2645 fratres

138 2681 230 2707 suos
252 2674 544 2721 aggregaturum
570 2667 633 2707 illa
659 2669 787 2708 eadem
812 2671 964 2711 oracula
988 2671 1247 2726 prodiderunt.
1309 2670 1429 2713 Cuius
1455 2671 1510 2712 rei
1534 2674 1642 2712 fidem

139 2734 291 2775 divinae
321 2747 452 2774 omnes
477 2735 686 2788 scripturae
712 2736 875 2787 faciunt,
918 2739 985 2779 sed
1011 2738 1301 2779 Deuteronomii
1326 2740 1422 2779 liber
1441 2739 1641 2794 imprimis,

142 2802 240 2854 quod
270 2809 327 2842 est
358 2801 526 2855 quintum
558 2802 651 2855 legis
683 2803 881 2856 volumen,
914 2819 958 2846 ac
989 2807 1133 2860 reliqua
1164 2807 1342 2862 deinceps
1373 2807 1513 2848 omnia.

1661 869 1737 912 Cap.
1759 869 1813 900 lv.

1655 1067 1735 1094 Exod
1759 1067 1783 1101 1,
1799 1068 1824 1093 7.
