2034 3267
180 829 245 856 pag.
264 821 321 847 ²8⁴.

351 151 431 190 522
905 146 1064 178 SANCTI
1087 147 1309 180 EPIPHANH

348 235 413 275 καὶ
436 229 567 284 ἰοβόλα
590 224 765 278 δήγματα
787 220 1121 270 άποκαλύπτοντες
1142 228 1218 264 τῶν
1239 223 1344 279 παρὰ
1365 231 1448 274 ταῖς
1472 231 1623 276 λοιπαῖς
1646 229 1683 277 ἐξ
1705 226 1865 270 ἔπιπλά-

350 314 440 341 στου
473 295 698 348 διαβολικῆς
731 291 904 338 ἐπινοίας
940 293 994 346 τῷ
1025 289 1158 347 κόσμῳ
1195 289 1316 344 λύμης
1349 293 1457 333 ἕνεκα
1490 295 1863 348 ε’μβεβροντημένων.

354 371 438 407 Τῶν
458 363 530 419 γάρ
552 360 740 403 τοιούτων
761 357 831 410 τήν
852 356 1008 412 γνώμην
1028 362 1105 399 τῶν
1124 363 1194 400 τοῦ
1215 361 1385 412 χείρονος
1408 358 1665 414 ὀρεγομένων,
1697 365 1865 420 έῳκυῖαν

347 438 400 488 τῷ
428 433 528 486 γένει
560 434 630 471 τοῦ
659 425 908 481 βουπρήστου
935 425 1161 480 κανθάρου,
1198 424 1543 479 ἀποκαλύψαντες,
1582 425 1703 471 οὖσάν
1727 448 1766 472 τε
1787 433 1866 473 ἐπι-

347 503 470 554 βλαβῆ
502 500 542 540 ἐν
572 502 618 555 τῇ
647 501 716 537 τοῦ
746 498 845 535 θεοῦ
875 492 1037 546 δυνάμει
1066 494 1401 545 καταθλάσαντες,
1445 496 1509 536 ἐπὶ
1538 495 1607 549 τὴν
1635 502 1711 539 τῶν
1742 497 1866 540 ἄλλων

347 570 506 619 ἔρευναν
532 564 600 606 τὸν
628 568 723 605 νοῦν
751 560 1021 615 ἐπιβαλόμενοι
1050 560 1116 603 τὸν
1147 560 1244 603 θεὸν
1270 560 1423 616 οἷρωγὸν
1453 563 1790 618 ἕπικαλεσώμεθα,
1833 560 1865 607 ὦ

352 638 523 689 Χριστοῦ
553 635 688 680 παῖδες
703 636 751 680 3).

746 794 951 838 ΚΑΤΑ
1024 793 1464 848 ΣΗΘΙΑΝΩΝ

585 868 945 930 ἐννεακαιδεκάτῃ
959 907 970 928 ‚
1004 867 1032 930 ἡ
1069 871 1146 915 καὶ
1181 869 1418 931 τριακοστὴ
1454 868 1621 930 ἐννάτη.

459 972 658 1024 Σηθιανοὶ
681 968 793 1011 πάλιν
813 970 957 1023 αι’ρεσις
978 968 1083 1021 ἑτέρα
1104 967 1206 1008 ἔστιν
1226 966 1330 1007 ούτω
1353 966 1704 1020 καλουμένη.ού
1724 985 1864 1010 παντα-

346 1056 415 1092 χου
444 1040 485 1080 δὲ
507 1038 603 1091 αύτη
625 1036 859 1092 εὑρίσκεται,
890 1034 977 1076 οὔτε
999 1043 1023 1087 η
1046 1033 1122 1088 πρὸ
1146 1033 1287 1087 ταύτης
1310 1032 1336 1087 ἦ
1356 1040 1434 1075 τῶν
1457 1039 1641 1076 Καὶανῶν
1662 1037 1863 1090 λεγομένη·

345 1106 439 1160 τάχα
464 1107 505 1148 δὲ
525 1106 600 1159 ἤδη
623 1107 688 1147 καὶ
711 1107 753 1146 αἱ
770 1107 925 1151 πλείους
945 1101 1093 1144 τούτων
1115 1101 1455 1156 ἐξερριζώθησαν’
1439 1120 1480 1144 εκ
1502 1107 1572 1143 τοῦ
1593 1102 1864 1155 κόσμου.Τὸ

346 1173 416 1229 γάρ
448 1173 519 1216 ούκ
550 1176 591 1215 ἐκ
614 1178 713 1215 θεοῦ
738 1172 782 1214 ὃν
805 1170 851 1213 ού
877 1169 1132 1223 σταθήσεται,
1172 1168 1264 1210 α’λλὰ
1286 1174 1408 1225 καιρῷ
1432 1170 1499 1222 μὲν
1521 1169 1700 1222 άκμάζει,
1743 1172 1797 1218 εἰς
1821 1170 1862 1212 τὸ

346 1243 525 1290 παντελὲς
545 1243 585 1283 δὲ
606 1245 774 1295 διαρκῶς
796 1237 867 1280 ούκ
888 1238 1155 1291 έμπαραμένει.
1210 1235 1313 1289 Τάχα
1334 1238 1374 1277 δὲ
1396 1235 1539 1289 οἷμαι’
1522 1255 1562 1279 εν
1584 1241 1628 1294 τῆ
1649 1242 1724 1279 τῶν
1744 1240 1865 1293 Αἰγυ-

345 1328 407 1351 πτι
402 1313 464 1350 ’ων
482 1311 587 1366 χώρα
612 1307 928 1360 συντετυχηκέναι
952 1323 1017 1346 και
1040 1304 1160 1361 ταύτῃ
1184 1322 1230 1361 τῃ
1255 1305 1397 1358 αι’ρέσει
1422 1302 1485 1353 (ού
1506 1322 1577 1359 γαρ
1603 1303 1774 1385 άκριβῶς
1794 1304 1865 1358 τήν

344 1395 472 1430 χωραν
498 1378 712 1430 μέμνημαι,
755 1376 795 1416 ἐν
825 1376 849 1431 ἡ
877 1371 1009 1420 αὐτοῖς
1035 1373 1273 1425 συνέτυχον)·
1312 1373 1377 1413 καὶ
1407 1390 1453 1412 τα
1483 1372 1550 1424 μὲν
1574 1390 1671 1413 κατα
1695 1375 1864 1428 ἱστορίαν

349 1444 463 1496 φύσει
493 1443 667 1500 αύτοψίςι
697 1460 785 1496 περι
816 1440 955 1493 ταύτης
984 1441 1171 1494 ἔγνωμεν,
1203 1458 1249 1480 τα
1279 1440 1321 1480 δὲ
1351 1441 1393 1480 ἐκ
1424 1439 1737 1494 συγγραμμάτων.

459 1575 577 1621 Οὗτοι
601 1579 672 1634 γαρ
698 1581 738 1620 οἷ
758 1579 956 1630 Σηθιανοὶ
982 1574 1060 1617 άπὸ
1083 1575 1178 1629 Σὴθ
1200 1579 1270 1616 τοῦ
1292 1577 1381 1616 υἵοῦ
1403 1573 1524 1628 Ἀδοὶμ
1549 1575 1800 1628 σεμνύνονται
1819 1575 1861 1618 τό

344 1649 453 1701 γένος
475 1646 672 1702 κατάγειν,
704 1644 821 1687 αύτόν
844 1645 885 1686 δὲ
909 1643 1130 1693 δοξάζουσι,
1161 1643 1227 1684 καὶ
1251 1644 1303 1691 εἷς
1327 1640 1445 1684 αὐτόν
1467 1642 1590 1684 πάντα
1615 1642 1758 1695 ὅσαπερ
1779 1642 1864 1699 άρε-

345 1719 413 1767 τῆς
436 1720 450 1743 1
467 1712 563 1756 εἶναι
584 1712 837 1768 ἀναφέρουσι,
868 1712 913 1753 τά
935 1728 973 1753 τε
993 1714 1061 1763 τῆς
1081 1710 1217 1764 άρετῆς
1237 1709 1421 1764 τεκμήρια
1442 1712 1507 1751 καὶ
1527 1710 1775 1763 δικαιοσύνης
1797 1713 1864 1753 καὶ

346 1781 418 1823 ὅσα
438 1786 598 1823 τοιαῦτα
621 1780 793 1834 ὑπάρχει.
851 1778 907 1821 Ού
930 1777 1005 1832 μὴν
1029 1779 1070 1819 δὲ
1093 1776 1185 1819 άλλὰ
1205 1779 1268 1819 καὶ
1294 1777 1460 1832 Χριστόν
1480 1776 1598 1820 αὐτὸν
1617 1777 1862 1831 ὀνομάζουσι,

344 1851 410 1891 καὶ
433 1847 550 1891 αύτὸν
571 1847 666 1890 εἶναι
687 1847 753 1889 τὸν
771 1847 922 1901 Ἰησοῦν
944 1849 1266 1899 διαβεβαιοῦνται.
1327 1845 1564 1887 Διδάσκουσι
1585 1846 1626 1887 δὲ
1645 1845 1773 1888 αὐτῶν
1793 1845 1863 1900 τήν

345 1919 593 1958 διδασκαλίαν
623 1916 744 1965 οὕτω,
777 1915 855 1965 ὅτι,
889 1915 1041 1966 2φασὶ,
1073 1916 1110 1963 ἐξ
1135 1912 1302 1968 οἷγγέλων
1329 1915 1523 1969 γεγένηται
1551 1912 1598 1954 τοὶ
1621 1913 1766 1963 πάντα,
1796 1916 1862 1955 καὶ

347 1983 417 2026 ούκ
448 1986 489 2026 ἐκ
519 1989 588 2037 τῆς
618 1983 695 2025 ἅνω
727 1982 937 2036 δυνάμεως.

462 2047 580 2093 Οὗτοι
608 2050 680 2106 γάρ
703 2050 859 2107 συνῳδὰ
881 2051 1033 2104 λέγουσι
1063 2054 1107 2105 τῇ
1130 2047 1265 2106 πρώτῃ
1289 2050 1428 2103 αἱρέσει
1458 2053 1533 2089 τῶν
1555 2052 1742 2090 Καῖανῶν
1764 2048 1862 2090 κατὰ

347 2124 460 2161 τοῦτο
492 2119 534 2161 τὸ
559 2121 691 2173 μέρος·
733 2122 965 2173 γεγενῆσθαι
992 2118 1029 2165 ἐξ
1053 2115 1227 2169 ὑπαρχῆς
1252 2115 1374 2164 εὐθύς
1398 2115 1468 2157 δύο
1495 2114 1754 2170 ἀνθρώπους,
1796 2118 1862 2158 καὶ

348 2189 389 2229 ἐκ
411 2193 487 2229 τῶν
510 2187 581 2228 δύο
606 2184 700 2228 εἶναι
723 2185 789 2228 τὸν
810 2183 914 2226 Κάιν
936 2185 1000 2224 καὶ
1022 2183 1086 2225 τὸν
1100 2183 1225 2236 Ἅβελ.
1290 2185 1388 2238 Περὶ
1409 2182 1555 2224 τούτων
1577 2200 1615 2225 τε
1637 2183 1859 2226 στασιάσαν-

347 2273 414 2303 τας
439 2272 529 2303 τους
553 2253 734 2309 ἀγγέλους
759 2256 812 2302 εἰς
835 2251 1018 2304 άλληλους
1041 2250 1168 2303 ήκειν,
1210 2250 1311 2293 ούτω
1334 2268 1372 2292 τε
1395 2252 1642 2304 πεποιηκέναι
1667 2250 1858 2293 άποκταν·

348 2328 469 2376 θῆναι
487 2321 554 2364 τὸν
562 2321 678 2375 ’Ἀβελ
700 2320 776 2363 ὑπὸ
797 2325 865 2362 τοῦ
890 2318 1002 2360 Κάϊν.
1054 2314 1126 2359 ⁷Hv
1147 2337 1217 2373 γαρ
1242 2337 1266 2372 η
1289 2318 1418 2368 στάσις
1436 2324 1517 2368 τοῖς
1538 2317 1709 2373 αγγέλοις
1726 2317 1861 2374 οἷγωνι-

347 2392 518 2444 ζομένοις
539 2391 628 2445 περὶ
650 2393 726 2430 τῶν
748 2393 887 2444 γενεῶν
909 2392 986 2428 τῶν
1005 2385 1230 2440 ανθρώπων
1251 2386 1398 2428 τούτων
1419 2392 1496 2428 τῶν
1518 2386 1609 2436 δύο,
1648 2391 1717 2428 τοῦ
1740 2404 1860 2442 γεγεν-

347 2457 508 2511 νηκότος
525 2457 593 2499 τόν
614 2456 718 2498 Κάϊν
735 2458 802 2498 καὶ
821 2460 891 2496 τοῦ
908 2453 1179 2510 γεγεννηκότος
1198 2453 1407 2507 τόν”Λβελ·
1437 2455 1711 2509 κεκρατηκέναι
1731 2455 1772 2496 δὲ
1792 2453 1862 2508 τήν

348 2525 426 2566 ἅνω
446 2525 644 2578 Δύναμιν,
674 2524 722 2577 ἣν
744 2524 910 2577 Μητέρα
930 2522 1121 2574 φάσκουσι
1152 2524 1218 2563 καὶ
1245 2521 1417 2574 Θήλειαν.
1478 2527 1601 2563 Δοκεῖ
1625 2520 1695 2576 γάρ
1727 2520 1861 2572 αὐτοῖς

349 2591 444 2634 εἶναι
474 2598 486 2621 ¹
502 2594 566 2634 καὶ
588 2593 754 2645 μητέρας
774 2590 876 2640 ἅνω,
906 2592 972 2631 καὶ
991 2592 1160 2642 θηλείας,
1192 2591 1255 2630 καὶ
1278 2588 1453 2643 ἔρσενας,
1483 2588 1611 2644 ὀλίγου
1635 2589 1675 2630 δὲ
1695 2592 1775 2630 δεῖν
1794 2592 1859 2631 καὶ

349 2664 566 2715 συγγενείας
595 2661 661 2701 καὶ
689 2660 938 2714 πατριαρχίας
966 2658 1095 2711 λέγειν.
1152 2655 1257 2698 Ἐπεὶ
1287 2654 1359 2698 οὖν
1386 2656 1616 2712 κεκράτηκε,
1655 2657 1793 2708 φασὶν,
1833 2656 1861 2711 ἡ

350 2727 495 2782 Μήτηρ
518 2729 584 2769 καὶ
610 2726 751 2780 Θήλεια
773 2726 1007 2778 καλουμένη,
1037 2729 1180 2778 γνοῦσα
1202 2724 1262 2766 ὅτι
1284 2723 1658 2777 άπέκτανται’Ἀβελ,
1690 2725 1860 2778 ἐνθυμη-

349 2801 464 2836 θεῖσα
486 2797 639 2848 ἐποίησε
657 2799 896 2849 γεννηθῆναι
914 2791 981 2833 τὸν
1001 2790 1108 2844 Σήθ,
1138 2793 1204 2833 καὶ
1225 2793 1265 2834 ἒν
1284 2791 1407 2849 τούτῳ
1428 2793 1546 2844 ἔθηκε
1562 2790 1632 2844 τὴν
1653 2789 1771 2845 αὐτῆς
1793 2792 1859 2834 δύ·

391 2897 422 2930 3.
448 2900 635 2938 Subscriptio
666 2900 797 2930 haeresis
827 2907 864 2929 ex
891 2897 955 2928 cod.
982 2896 1077 2926 Varie.
1172 2895 1247 2926 CAP.
1267 2896 1290 2926 1.
1311 2914 1350 2919 —
1374 2895 1402 2927 1.
1423 2897 1541 2926 Parum
1559 2897 1629 2926 scite
1647 2896 1788 2928 iudicans
1802 2899 1856 2928 Pe-

348 2947 495 2976 amwlala
520 2947 562 2975 est
584 2945 677 2975 haec:
705 2942 827 2975 ΚΑΤΑ
852 2938 1077 2974 ΚΑΙΑΝΩΝ.
1124 2942 1225 2972 tat-ius
1242 2942 1278 2972 de
1298 2942 1352 2973 hoc
1370 2936 1451 2973 εἶναι
1468 2942 1644 2972 annotavit:
1665 2941 1787 2980 „Deest
1804 2945 1858 2976 δο-
