2034 3267
438 226 613 258 PANARH
637 227 717 259 Lm.
736 228 762 259 Ι.
787 227 895 260 ToM.
909 227 950 259 11.
974 226 1248 259 HAER.XXV1.
1530 217 1606 255 177

92 305 244 362 pudebit
267 304 417 359 eloqui,
458 313 500 346 ut
519 306 582 359 qui
609 305 828 346 foedissima
849 305 998 346 illorum
1024 305 1166 359 flagitia
1189 303 1399 355 audierint,
1444 303 1605 345 horrore

93 374 252 427 quodam
281 372 506 413 afficiantur.
572 371 726 413 Etenim
767 379 921 426 peracto
959 380 1092 428 stupro
1125 372 1286 413 subinde
1320 371 1606 412 contumeliosis

93 441 239 480 coelum
267 440 426 480 vocibus
450 447 694 494 appetentes,
733 439 883 492 utrique
907 439 1025 479 maris
1049 439 1275 493 profluvium
1303 440 1409 480 cavis
1433 439 1607 479 manibus

94 507 313 562 excipiunt,
347 522 392 548 ac
413 507 571 548 sublatis
593 520 744 548 rursum
767 505 887 546 oculis
906 507 1059 546 foedum
1079 507 1168 546 illud
1192 514 1230 546 et
1252 506 1507 546 abominabile
1529 520 1607 546 ma-

93 574 204 614 nibus
228 576 492 628 praeferentes
517 575 750 623 consistunt,
783 585 828 612 ac
855 586 990 626 preces
1018 573 1251 627 concipiunt.
1311 571 1504 614 Militares
1527 574 1608 628 qui-

93 642 178 681 dem
202 648 241 681 et
263 640 439 682 Gnostici
463 642 508 682 ad
535 641 824 689 universorum,
867 645 908 679 ut
929 639 1056 689 aiunt,
1099 647 1322 693 parentem,
1365 640 1425 680 cui
1450 648 1488 680 et
1511 642 1608 694 quod

93 709 268 749 manibus
291 716 444 763 gestant
463 709 643 757 offerunt,
677 720 761 746 cum
786 706 858 746 boc
880 706 1031 746 solenni
1053 707 1244 747 carmine:
1277 711 1356 746 Hoc
1376 709 1445 746 tibi
1462 723 1606 755 munus,

93 780 262 815 rzz‘mz'ram
288 780 431 815 Christe·
449 789 601 826 corpas,
635 775 840 827 offerimus.
902 772 1032 827 Atque
1056 773 1107 813 ita
1133 781 1211 813 tum
1239 787 1285 814 eo
1310 782 1540 827 vescuntur,
1574 784 1612 815 et

94 843 371 898 impurissimas
397 856 486 882 suas
514 841 648 881 sordes
672 841 898 893 degustant,
940 840 1070 894 itaque
1097 841 1249 880 dicunt:
1295 843 1375 879 Hoc·
1397 849 1455 879 est
1479 856 1611 893 corpus

97 914 256 958 Chr—2:215,
290 919 327 949 et
347 913 413 948 hoc
433 916 489 947 est
513 910 674 946 Pascha:
708 910 847 946 idcireo
872 922 1029 959 corpora
1050 916 1178 947 nostra
1195 911 1392 959 patiantur
1412 916 1449 947 et
1474 912 1615 948 Christi

93 981 272 1029 supplet-ia
299 978 470 1028 cotfiterz'
488 982 686 1025 cog-untur.
750 973 898 1015 Eodem
924 975 1036 1014 modo
1059 974 1209 1028 quoties
1234 975 1371 1015 mulier
1392 983 1611 1016 menstruos

94 1046 220 1085 fluxus
250 1045 409 1099 patitur,
450 1041 712 1082 foedissimum
747 1041 851 1082 illum
884 1042 1110 1095 sanguinem
1142 1042 1343 1081 collectum
1378 1056 1452 1082 una
1479 1056 1612 1083 omnes

94 1112 312 1153 absorbent.
371 1110 500 1163 Atque
534 1108 593 1149 hic
626 1116 705 1160 est,
738 1109 939 1163 inquiunt,
973 1109 1129 1163 sanguis
1163 1106 1324 1149 Christi.

199 1311 412 1366 Propterea
436 1312 474 1352 in
497 1310 742 1367 Apocryphis
765 1312 919 1367 legunt:
965 1315 1049 1351 Vidi
1068 1313 1237 1352 arborem
1258 1315 1446 1352 duodecim
1455 1315 1613 1366 fruetus

93 1383 285 1434 quotannis
295 1382 504 1433 serentem,
538 1388 575 1418 et
598 1383 697 1418 dtlzz't
715 1382 822 1427 mz‘lze‘,
857 1383 937 1419 Hoc
963 1388 1020 1419 est
1040 1382 1181 1431 lzgmcm
1204 1383 1312 1419 vitae.
1375 1378 1544 1435 Idipsum
1567 1382 1614 1422 de

92 1447 297 1489 menstruis
325 1447 524 1487 mulierum
553 1447 751 1501 profluviis
778 1447 1097 1502 interpretantur.
1159 1444 1368 1488 Caeterum
1398 1462 1483 1488 cum
1512 1449 1615 1489 inter

89 1529 176 1556 sese
201 1514 396 1556 Venerem
422 1521 656 1565 exerceant,
701 1514 845 1555 liberos
871 1521 998 1555 tamen
1021 1513 1219 1569 suscipere
1243 1515 1459 1569 prohibent.
1519 1515 1612 1557 Non

90 1583 190 1623 enim
214 1582 331 1637 prolis
358 1582 508 1632 studio,
542 1582 608 1622 sed
637 1589 676 1622 ut
696 1581 840 1622 libidini
866 1595 960 1622 suae
986 1582 1180 1633 serviant,
1214 1582 1250 1622 ei
1276 1583 1518 1637 corruptelae
1544 1597 1612 1625 va-

89 1657 191 1690 cant.
253 1648 310 1690 lta
335 1649 486 1690 miseris
514 1649 729 1690 hominibus
758 1649 930 1690 diabolus
955 1649 1099 1699 illudit,
1143 1657 1182 1689 et
1207 1663 1301 1704 opus
1330 1650 1390 1689 dei
1418 1651 1611 1691 fraudibus

89 1718 170 1758 suis
194 1717 425 1771 implicatum
452 1730 520 1771 per
546 1717 747 1757 ludibrium
774 1716 953 1757 traducit.
1013 1715 1183 1757 Proinde
1208 1717 1264 1757 sic
1290 1715 1435 1757 libidini
1461 1718 1614 1758 satisfa-

92 1786 196 1826 ciunt
218 1798 309 1826 suae
323 1816 333 1835 ,
366 1792 408 1825 ut
428 1783 725 1839 impurissimum
748 1797 880 1825 semen
901 1784 940 1824 in
963 1784 1114 1839 seipsos
1134 1785 1342 1839 recipiant,
1375 1798 1499 1838 neque
1520 1785 1612 1825 illud

90 1853 136 1893 ad
158 1852 439 1907 propagandam
459 1852 632 1892 sobolem
653 1851 841 1903 emittant,
866 1852 932 1892 sed
953 1865 1024 1892 sua
1043 1852 1115 1906 ipsi
1138 1851 1370 1905 turpitudine
1387 1859 1608 1906 pascantur.

90 1918 204 1974 Quod
240 1919 273 1960 si
313 1920 411 1960 forte
442 1919 628 1974 quispiam
661 1919 810 1959 excreti
842 1919 1000 1959 seminis
1032 1918 1309 1960 immissionem
1341 1920 1608 1969 anteverterit,

90 1993 129 2027 et
149 2000 201 2027 ex
222 2001 269 2027 eo
288 1987 444 2041 gravida
467 1988 567 2027 facta
587 1987 637 2027 sit
656 1986 807 2037 mulier,
841 1986 926 2026 audi
946 1985 1034 2040 quid
1055 1986 1204 2027 demum
1224 1986 1451 2039 flagitiosius
1472 2000 1611 2040 aggre-

93 2054 262 2095 diantur.
329 2053 433 2094 Nam
461 2054 665 2095 informem
699 2053 820 2094 adbuc
858 2055 974 2094 fetum
1008 2067 1060 2094 ex
1092 2061 1204 2094 utero
1238 2054 1472 2104 detractum,
1517 2068 1611 2108 quo-

93 2134 254 2175 cumque
277 2120 325 2162 iis
352 2129 524 2176 tempore
550 2121 673 2162 visum
698 2128 779 2171 est,
822 2122 1029 2172 infantem,
1070 2121 1248 2175 inquam,
1293 2121 1493 2162 abortione
1524 2136 1611 2176 pro-

89 2189 229 2229 iectum
262 2189 300 2228 in
335 2189 518 2229 mortario
542 2189 682 2244 pistillo
708 2188 883 2229 tundunt.
945 2186 1019 2229 Cui
1045 2189 1092 2229 ad
1115 2188 1308 2229 vitandam
1331 2202 1511 2228 nauseam
1537 2188 1612 2228 mel

90 2270 134 2296 ac
166 2256 274 2311 piper
305 2271 390 2296 cum
423 2256 508 2297 aliis
546 2255 781 2296 aromatibus
819 2262 857 2296 et
889 2256 1095 2309 unguentis
1128 2256 1357 2296 admiscent.
1431 2254 1534 2294 Tum
1570 2255 1608 2294 in

90 2337 206 2363 unum
238 2324 398 2364 collecto
432 2338 632 2378 porcorum
666 2337 711 2363 ac
743 2337 878 2363 canum
908 2323 1085 2364 sodalitio
1113 2322 1375 2376 unusquisque
1405 2335 1426 2362 e
1453 2322 1609 2362 commi—

89 2397 181 2431 nuto
205 2390 381 2431 infantuli
408 2391 634 2445 corpusculo
661 2390 778 2444 digito
802 2390 955 2431 delibat.
1019 2389 1086 2432 Sic
1109 2390 1284 2430 humanis
1308 2388 1487 2430 carnibus
1512 2389 1609 2443 pasti

90 2457 137 2497 ad
159 2458 344 2498 orandum
370 2459 481 2499 deum
508 2472 596 2499 sese
619 2465 871 2509 convertunt,
905 2466 964 2509 et,
1000 2461 1242 2510 Cupz'dz'tatzs,
1276 2457 1472 2510 inquiunt,
1497 2459 1607 2507 pre’n-

90 2539 171 2577 ceps
196 2540 422 2578 nequaqnam
448 2527 550 2565 nobis
575 2528 714 2573 z‘llusz't5
745 2528 811 2565 sed
832 2529 929 2578 quod
947 2529 1140 2565 exciderat
1150 2527 1280 2578 fratri
1301 2531 1427 2563 nostro
1455 2525 1608 2574 collegi-

89 2607 181 2632 mus.
243 2593 372 2647 Atque
396 2594 432 2633 id
458 2594 669 2647 perfectum
695 2606 781 2633 esse
804 2593 945 2647 pascha
971 2594 1122 2633 demum
1146 2591 1386 2632 existimant.
1446 2589 1609 2630 Praeter

90 2658 185 2700 haec
207 2660 282 2700 alia
301 2660 459 2715 insuper
481 2661 562 2700 dira
583 2667 696 2714 atque
720 2661 939 2701 execranda
961 2659 1216 2701 committunt.
1279 2656 1377 2699 Cum
1401 2658 1501 2698 enim
1522 2671 1607 2697 rur-

91 2739 156 2767 sus
182 2727 221 2767 in
244 2741 286 2768 se
309 2735 440 2768 mutuo
464 2727 643 2768 bacchari
670 2741 715 2767 ac
742 2728 868 2768 furere
893 2727 1112 2782 coeperint,
1155 2726 1345 2781 respersis
1370 2725 1606 2780 spurcissimi

93 2792 260 2836 humoris
285 2795 508 2850 profusione
531 2794 704 2835 manibus
728 2802 984 2850 consurgunt,
1017 2802 1130 2848 atque
1156 2794 1209 2834 ita
1233 2793 1403 2834 foedatas
1428 2800 1606 2846 gerentes

93 2893 155 2935 τῆς
175 2898 294 2928 uncinis
313 2899 440 2929 notavit.
489 2898 577 2936 Quod
600 2898 691 2927 etiam
712 2897 826 2928 Corna-
873 2899 907 2928 tit
928 2896 997 2936 „sic
1021 2895 1210 2938 congregati
1232 2905 1345 2926 ornnes
1366 2904 1540 2937 porcorum
1569 2904 1608 2924 ac

90 2940 156 2970 rius
169 2942 383 2980 neglegendum
399 2946 523 2981 putasse
541 2943 670 2980 videtur,
691 2943 742 2981 qui
759 2950 828 2972 ver·
875 2952 989 2973 canum
1012 2941 1127 2974 horum
1152 2939 1306 2972 sodales“
1332 2943 1396 2972 cett.

161 2992 274 3029 eorpus
292 2995 468 3024 flaereseol.
488 2995 524 3023 ΙΙ.
1291 3000 1341 3038 12

1642 1317 1718 1361 Cap.
1743 1319 1781 1351 V.
