2034 3267
446 158 623 191 PANARn
647 159 729 192 Lis.
750 161 774 191 1.
795 160 902 192 ToM.
923 160 979 192 111.
1002 160 1254 192 HAER.XL11.
1533 153 1612 194 659

88 246 127 280 ut
154 238 377 278 ostenderet
399 238 470 278 sibi
496 238 590 278 haec
614 239 739 279 oblata
767 254 842 279 non
867 239 1008 290 fuisse,
1056 239 1206 280 tametsi
1232 246 1270 279 et
1295 240 1487 294 acciperet
1511 240 1609 295 ipse,

88 313 125 347 et
147 306 184 346 in
208 305 361 345 nomine
381 305 464 346 eius
487 307 686 347 offerrent.
743 305 855 360 Quod
878 307 1029 361 quidem
1052 307 1099 347 ob
1120 307 1376 347 inveteratam
1398 308 1613 349 istiusmodi

88 373 125 414 in
147 373 262 413 rebus
285 373 434 413 illorum
463 374 780 415 consuetudinem
806 381 865 415 est
887 376 1021 414 factum
1039 406 1048 424 ,
1083 376 1204 415 donec
1224 390 1245 415 a
1269 376 1428 429 plurium
1456 377 1614 417 deorum

89 455 160 482 usu
182 441 361 495 paulatim
386 441 423 480 in
450 442 562 482 unius
586 442 709 482 cultus
735 443 968 482 reformatos
992 443 1243 496 perduceret,
1290 450 1328 482 et
1350 444 1396 483 ab
1419 444 1483 484 illo
1507 445 1614 485 dein-

89 523 178 564 ceps
204 509 467 563 intelligerent
488 510 581 549 nihil
602 510 700 549 hunc
723 509 909 549 eiusmodi
936 510 1071 550 ritibus
1099 524 1194 564 opus
1219 510 1422 561 habuisse,
1457 526 1528 552 nec
1551 513 1616 553 lia-

88 578 205 628 bere,
249 585 361 631 atque
392 577 444 617 ita
467 578 615 618 demum
648 591 716 631 per
736 574 882 617 Christi
906 576 964 617 sui
986 578 1192 617 adventum
1218 585 1335 618 totum
1361 578 1449 619 illud
1473 580 1618 620 sacrifi-

89 645 234 685 ciorum
261 645 456 698 negotium
481 645 838 695 circumscriberet,
874 652 1071 699 postquam
1098 645 1249 686 unicum
1273 660 1317 686 ac
1338 647 1533 701 singulare
1558 663 1618 689 sa-

90 712 273 753 crificium
300 713 566 753 antecedentia
594 712 719 752 omnia
749 720 1080 763 consummasset,
1125 713 1301 753 nimirum
1329 712 1473 755 Christi
1499 717 1619 757 sacri-

90 781 232 821 ficium.
297 780 512 834 Quoniam,
557 787 597 819 ut
627 781 809 834 scriptum
843 788 922 830 est,
965 784 1107 820 Pascha
1134 790 1300 821 nostrum
1327 786 1534 822 immolatus
1564 792 1820 827 est1.cor.5‚7.

92 851 278 888 Christus.
343 848 467 888 Huius
491 862 605 902 porro
625 848 802 888 sacrificii
827 855 864 887 et
886 848 1079 902 paschatis
1100 857 1138 889 et
1158 850 1356 891 doctrinae
1375 852 1620 906 paedagogus

91 916 158 956 lex
186 916 277 967 fuit,
320 930 415 969 quae
440 929 508 970 per
535 915 746 969 figurarum
773 916 1086 957 adumbrationes
1112 918 1340 969 deduceret,
1389 928 1427 960 et
1451 921 1496 960 ad
1522 920 1622 961 aliud

94 984 318 1039 disciplinae.
348 997 470 1037 genus
503 984 714 1023 conferret.

204 1050 337 1093 Schol.
360 1049 421 1091 XI
446 1057 484 1091 et
505 1049 626 1091 XIX.
673 1055 739 1091 Vir
768 1066 904 1091 comam
935 1067 1007 1092 non
1031 1056 1177 1092 nutriat
1202 1056 1329 1105 gloria
1359 1063 1396 1094 et
1419 1059 1540 1107 imago
1565 1059 1628 1096 dez·
1644 1071 1769 1107 Cap.11‚
1784 1073 1825 1100 14.

94 1136 175 1160 eum
204 1124 266 1159 sit.

203 1187 337 1229 Refut.
364 1185 424 1226 XI
447 1193 486 1227 et
506 1185 626 1227 XIX.
673 1186 767 1228 Non
794 1188 917 1229 solum
945 1188 1005 1228 dei
1031 1188 1260 1242 imaginem,
1306 1191 1372 1231 sed
1400 1198 1439 1231 et
1462 1192 1625 1245 gloriam

93 1257 287 1312 apostolus
321 1255 510 1295 hominem
545 1269 632 1295 esse
667 1256 817 1297 desinit.
889 1254 1049 1297 Comani
1085 1271 1179 1296 vero
1214 1257 1344 1312 utique
1379 1273 1622 1314 corpoream,

93 1339 169 1365 non
195 1324 345 1365 animae
371 1323 563 1378 propriam
595 1337 679 1363 cum
709 1324 902 1374 nominat,
947 1339 1022 1364 non
1053 1323 1218 1365 alienum
1251 1340 1271 1365 a
1299 1326 1401 1367 bono
1433 1327 1504 1367 deo
1529 1342 1624 1382 opus

91 1391 182 1432 illud
208 1405 295 1432 esse
317 1391 534 1444 significat,
578 1405 624 1431 eo
651 1392 748 1445 quod
777 1406 875 1446 quae
898 1391 936 1432 in
958 1399 1092 1433 vetere
1116 1399 1349 1435 testamento
1371 1395 1624 1437 contineban-

94 1465 154 1500 tur
184 1461 221 1500 in
254 1474 356 1500 novo
387 1459 540 1513 impleta
573 1473 659 1500 esse
692 1460 871 1500 fateatur.

205 1526 338 1569 Schol.
362 1525 443 1567 XII
469 1534 508 1567 et
529 1525 630 1567 XX.
679 1530 755 1566 Sed
783 1531 872 1567 deus
903 1532 1118 1580 temperavit
1146 1545 1293 1581 eorpus.
1648 1538 1826 1574 cap.12,24.

203 1594 337 1635 Refut.
361 1593 440 1635 XII
467 1601 504 1634 et
523 1592 624 1634 XX.
673 1593 716 1636 Si
740 1609 878 1650 corpus
901 1610 923 1636 a
944 1597 1015 1637 deo
1037 1604 1288 1651 temperatum
1311 1604 1386 1649 est,
1417 1613 1489 1639 nec
1509 1599 1625 1640 alium

94 1676 204 1717 quam
229 1677 364 1703 verum
392 1663 502 1702 deum
526 1662 722 1717 apostolus
749 1663 958 1718 praedicat,
993 1666 1155 1705 eundem
1179 1679 1292 1720 porro
1316 1666 1426 1706 deum
1450 1666 1626 1722 corporis

93 1730 262 1770 membra
288 1738 525 1785 temperasse
549 1744 592 1770 ac
615 1731 806 1772 formasse
830 1732 1054 1783 confitetur,
1083 1748 1157 1773 non
1180 1733 1293 1773 alium
1317 1735 1491 1788 profecto
1514 1736 1626 1775 deum

94 1812 206 1852 quam
231 1798 467 1838 conditorem
494 1798 631 1852 ipsum,
666 1806 704 1839 et
728 1799 878 1853 quidem
901 1800 1042 1841 bonum
1069 1808 1105 1841 et
1129 1809 1345 1842 creatorem
1369 1809 1406 1843 et
1427 1802 1567 1843 iustum
1591 1811 1629 1844 et

95 1866 335 1906 conditorem
362 1866 529 1906 omnium
556 1867 746 1920 agnoscit.
809 1865 959 1921 Quibus
987 1882 1039 1909 ex
1064 1870 1242 1910 omnibus
1270 1870 1382 1911 homo
1410 1871 1627 1912 censendus

96 1941 156 1975 est
185 1933 231 1974 ab
262 1934 397 1974 eodem
431 1941 517 1989 apte
548 1934 628 1975 suis
661 1935 831 1990 partibus
864 1936 1122 1991 membrisque
1154 1946 1404 1993 temperatus.

209 1999 342 2042 Schol.
366 2000 467 2042 XIII
493 2009 530 2042 et
555 2000 676 2043 XXI.
722 2001 932 2058 Perperam
960 2004 1034 2046 ista
1062 2006 1262 2061 concepit:
1306 2009 1383 2046 Sed
1407 2010 1444 2046 in
1472 2010 1626 2047 eeclesia
1647 2015 1828 2053 Cap.14,19.

96 2073 176 2110 volo
200 2074 359 2123 quinque
380 2071 491 2110 verba
511 2085 621 2110 sensu
644 2086 720 2111 meo
741 2073 864 2125 loqui:
899 2073 1011 2114 aliter
1034 2074 1134 2114 enim
1163 2074 1333 2130 scripsit,
1367 2083 1406 2116 et
1427 2077 1472 2115 ob
1494 2078 1624 2128 legem,

96 2139 250 2180 adiecit.

207 2206 341 2247 Resut.
365 2205 466 2247 XIII
491 2214 529 2247 et
548 2205 668 2248 XXI.
714 2206 892 2263 Linguae
911 2209 1029 2263 igitur
1049 2225 1070 2251 a
1093 2210 1249 2265 spiritus
1275 2211 1397 2252 sancti
1421 2212 1543 2266 gratia
1563 2213 1628 2253 de—

96 2275 288 2316 rivantur.
350 2273 553 2315 Eiusmodi
587 2290 724 2330 porro,
770 2277 815 2318 de
849 2278 984 2331 quihus
1015 2279 1211 2333 apostolus
1242 2279 1431 2333 loquitur,
1474 2279 1628 2334 liuguae

97 2351 208 2394 sunt,
243 2350 283 2383 ut
307 2357 382 2383 non
409 2342 625 2384 Hebraicas
649 2345 762 2385 modo
788 2360 906 2387 voces
930 2347 1280 2401 comprehendant,
1315 2362 1412 2402 quae
1435 2347 1473 2388 in
1497 2348 1627 2403 singu·

96 2412 142 2453 lis
166 2411 363 2453 vocabulis
390 2411 625 2466 praeclarem
649 2413 838 2466 quandam
863 2428 907 2454 ac
932 2416 1147 2469 sapientem
1170 2415 1396 2456 varietatem
1425 2415 1625 2468 exhibent,

97 2481 164 2521 sed
205 2488 243 2520 et
279 2479 353 2520 alia
386 2493 537 2534 quoque
571 2480 792 2521 idiomatum
827 2482 1069 2535 discrimina,
1116 2497 1212 2537 quae
1247 2484 1418 2524 nonnulli
1452 2484 1628 2525 Graecae

99 2548 252 2602 linguae
287 2547 421 2602 periti,
467 2547 526 2587 cui
559 2547 696 2589 insitus
728 2549 877 2604 quidam
913 2552 1033 2592 fastus
1069 2566 1112 2592 ac
1149 2551 1300 2592 vanitas
1335 2559 1415 2603 est,
1460 2553 1630 2606 gloriose

100 2616 313 2666 iactabant,
348 2615 469 2669 qualis
495 2623 556 2655 est
580 2616 735 2667 Attica,
770 2616 932 2659 Aeolica
960 2633 1004 2659 ac
1031 2618 1172 2660 Dorica
1201 2619 1438 2674 proprietas,
1473 2635 1629 2674 quarum

103 2684 188 2724 freti
219 2683 382 2725 scientia
412 2683 584 2724 nonnulli
613 2684 745 2726 turbas
771 2685 857 2727 illas
887 2684 1062 2728 Corinthi
1090 2702 1134 2728 ac
1159 2687 1369 2728 seditiones
1392 2689 1627 2740 excitarant,

144 2782 197 2819 48.
219 2787 374 2825 Rescripsz
391 2781 513 2829 ηὔχουν
533 2783 618 2824 τινὲς
632 2796 688 2826 pro
704 2782 843 2832 αὔχοῦν-
888 2788 1108 2822 locutionibus
1130 2796 1219 2822 recte
1243 2802 1314 2822 cum
1338 2790 1496 2833 sapientia
1520 2790 1630 2822 varie-

100 2841 155 2868 τες
180 2842 238 2872 quo
265 2834 339 2864 vitio
362 2833 431 2863 libri
454 2833 545 2871 vulyo
569 2834 719 2864 laborant.
769 2835 842 2865 Cor·
888 2842 1000 2876 gates,
1025 2835 1083 2866 sed
1107 2835 1204 2866 etiam
1229 2836 1406 2867 fastuosam
1431 2836 1629 2868 Graecorum

101 2877 208 2908 narius
231 2879 338 2909 vertit:
363 2876 504 2918 Linguas
525 2883 634 2908 autem
657 2877 766 2920 quales
789 2877 842 2909 di-
887 2880 1030 2922 linguam
1053 2880 1208 2912 iactantes
1232 2880 1373 2921 indicat,
1400 2888 1432 2913 et
1456 2881 1545 2924 quod
1570 2885 1630 2913 At—

104 2920 147 2952 cit
168 2920 370 2964 Apostolus?
419 2922 494 2953 Non
521 2921 626 2953 solum
649 2933 746 2954 voces
770 2923 842 2954 He-
888 2925 953 2956 tice
977 2937 1015 2957 ac
1040 2926 1169 2957 Aeolice
1193 2932 1226 2957 et
1246 2925 1368 2958 Dorice
1391 2925 1522 2970 quidam
1544 2926 1630 2969 apud

101 2965 226 2998 braicas
248 2966 468 2999 diversimode
489 2978 527 2999 ac
547 2966 636 2999 varie
656 2966 688 2999 in
709 2967 841 3011 singulis
891 2970 1078 3003 Corinthios
1102 2970 1314 3014 loquerentur
1338 2976 1404 3004 cett.

1269 3028 1361 3070 42*
