2034 3267
444 208 619 239 PANAnu
644 210 743 243 Anv.
770 210 992 242 HAERESES
1017 211 1099 243 Lm.
1118 212 1142 242 1.
1167 212 1330 244 ToM.11.
1570 206 1644 245 >133

366 297 759 348 ADVERSUS
806 301 1399 363 MENANDRIANOS,

284 392 390 437 quae
437 382 502 424 est
543 379 736 426 haeresis
782 385 882 441 post
924 382 1157 428 adventum
1206 382 1368 429 Christi
1406 382 1482 443 II.,

713 457 863 503 ordine
898 458 1048 505 XXII.

232 552 417 594 Proxime
449 556 598 608 quidam
629 555 713 595 huic
738 553 956 595 Menander
985 556 1248 610 adiungendus
1279 566 1359 610 est,
1402 561 1464 614 qui
1494 575 1636 616 genere
1664 565 1741 608 Cap.
1770 567 1792 598 Ι-

123 619 389 661 Samaritanus
420 622 612 675 aliquanto
647 628 817 674 tempore
854 620 1002 661 Simoni
1037 637 1190 676 operam
1231 626 1346 665 dedit.
1416 630 1544 682 Atque
1580 630 1639 669 hic

123 688 279 741 perinde
308 696 347 728 ut
374 690 484 729 alteri
511 688 685 728 mundum
714 688 759 727 ab
788 688 951 741 Angelis
977 689 1223 740 fabricatum,
1266 692 1431 746 seipsum
1459 709 1552 736 vero
1578 696 1639 737 dci

125 755 199 794 vim
231 770 316 795 esse
351 757 396 795 de
427 756 534 795 coelo
559 755 714 794 missam
742 755 896 794 asserit.
956 753 1001 795 ln
1033 770 1106 809 quo
1137 757 1285 810 quidem
1314 760 1494 800 maiorem
1526 777 1635 816 quam

124 822 307 874 magister
337 823 401 862 ille
429 835 519 862 suus
551 821 896 861 circumveniendis
925 821 1141 863 hominibus
1174 825 1343 864 fraudem
1378 841 1420 866 ac
1451 828 1636 870 fallaciam

124 896 360 929 commentus
391 896 465 928 est.
526 885 578 928 Se
610 888 710 927 enim
738 888 866 928 aiebat
895 889 939 928 ad
972 889 1124 929 hnmani
1154 892 1309 943 generis
1337 894 1496 934 salutem
1523 896 1635 937 emis-

123 971 228 1004 sum,
261 964 371 1009 atque
397 963 436 994 ut
458 955 658 994 nonnullos
682 969 789 995 suum
816 956 861 995 ad
885 956 1109 1010 mysterium
1134 959 1400 1010 contraheret,
1435 975 1481 1001 ne
1505 962 1635 1016 Ange-

125 1023 242 1062 lorum
273 1037 316 1062 ac
341 1021 624 1075 Principatuum
648 1020 988 1076 potestatumque,
1034 1037 1129 1077 quae
1161 1026 1339 1065 mundum
1368 1029 1632 1080 condiderant,

123 1089 364 1129 dominationi
384 1088 603 1128 subessent.
647 1086 814 1129 Caetera
835 1090 981 1130 doctori
1002 1104 1072 1130 suo
1092 1099 1352 1133 consentanea
1369 1094 1502 1135 iisdem
1525 1111 1634 1150 prae-

122 1156 243 1210 stigiis
267 1169 309 1194 ac
336 1155 528 1195 maleficiis
555 1155 781 1206 adtexebat,
815 1170 886 1197 nec
915 1157 960 1197 ab
987 1157 1070 1198 eius
1095 1158 1272 1211 dogmate
1298 1160 1527 1214 dissidebat,
1562 1164 1633 1204 nisi

123 1223 217 1276 quod
248 1221 428 1261 maiorem
457 1236 498 1262 se
529 1230 778 1263 antecessore
807 1237 850 1263 ac
882 1232 1133 1279 praeceptore
1164 1240 1233 1266 suo
1264 1225 1444 1269 iactabat.

227 1287 371 1329 Verum
398 1290 436 1329 in
465 1290 597 1329 eadem
624 1305 708 1330 cum
732 1291 806 1331 isto
833 1292 1072 1332 incommoda
1097 1293 1272 1346 delapsus
1299 1302 1380 1346 est,
1423 1297 1634 1352 iisdemque
1660 1301 1735 1344 Cap.
1760 1304 1799 1334 ΙΙ-

117 1354 287 1395 veritatis
320 1357 518 1397 convictus
551 1357 792 1398 sermonibus
825 1366 1037 1399 evertetur.
1097 1359 1170 1400 Est
1192 1361 1290 1400 enim
1316 1361 1397 1416 ipse
1421 1364 1633 1407 subversus

115 1423 271 1476 eiusque
301 1437 436 1477 magna
464 1438 516 1464 ex
542 1432 647 1478 parte
674 1425 845 1465 haeresis
872 1427 1058 1466 extincta.
1121 1425 1560 1485 Quamobrem-missam
1588 1435 1632 1473 il-

115 1491 187 1529 lam
215 1490 418 1541 faciemus,
463 1499 500 1531 et
525 1492 570 1531 ad
598 1491 706 1531 aliam
733 1507 845 1547 porro
873 1493 1163 1546 disputationem
1189 1502 1359 1536 nostram
1387 1501 1631 1552 promovebi-

113 1572 211 1597 mus.
274 1557 469 1611 Siquidem
503 1559 595 1599 haee
626 1573 647 1598 a
677 1560 872 1599 veteribus
898 1560 1055 1600 historia
1083 1562 1230 1615 prodita
1261 1571 1341 1614 est,
1385 1579 1468 1605 cum
1502 1567 1629 1620 plures

112 1624 314 1678 aliquando
348 1626 499 1680 aspides
534 1626 572 1665 iu
610 1641 724 1666 unum
757 1627 869 1667 fictile
903 1642 969 1667 vas
1002 1630 1199 1669 coniectae
1232 1637 1268 1670 et
1301 1631 1339 1671 in
1371 1633 1628 1675 fundamentis

113 1693 336 1746 angulorum
370 1700 535 1746 quatuor
564 1693 747 1747 cuiusque
777 1694 963 1734 idolorum
995 1696 1122 1750 templi
1152 1696 1190 1736 in
1220 1697 1400 1752 Aegypto
1432 1700 1627 1754 depositae

113 1767 265 1810 essent,
299 1773 351 1800 ex
373 1760 420 1800 iis
445 1762 637 1815 aspidibus
664 1775 760 1814 quae
786 1761 921 1801 fortior
944 1769 1026 1802 erat
1054 1763 1093 1803 in
1119 1764 1213 1804 alias
1236 1764 1452 1816 invasisse,
1485 1781 1627 1822 easque

113 1828 337 1867 devorasse.
407 1825 517 1880 Quae
547 1843 630 1868 cum
661 1829 743 1868 sola
775 1829 1025 1869 remansisset
1061 1837 1099 1870 et
1131 1845 1204 1884 quo
1241 1845 1284 1872 se
1317 1832 1439 1874 aleret
1469 1833 1627 1876 haberet

111 1893 225 1944 nihil,
269 1895 305 1933 in
333 1894 495 1949 seipsam
526 1903 667 1935 retorta
695 1902 732 1935 et
755 1909 777 1935 a
803 1897 920 1936 cauda
947 1897 1123 1951 paulatim
1151 1899 1336 1939 arrodens
1360 1908 1467 1955 parte
1491 1916 1534 1943 se
1557 1904 1626 1943 ali-

111 1975 181 2014 qua
212 1968 323 2001 tenus
355 1963 527 2016 corporis
560 1963 714 2016 depasta
748 1970 828 2013 est,
871 1965 966 2003 adeo
993 1971 1134 2004 utnon
1157 1966 1317 2020 amplius
1341 1967 1513 2022 integra,
1556 1971 1625 2010 sed

110 2028 262 2068 dimidia
289 2029 348 2069 sui
376 2036 483 2083 parte
509 2030 677 2069 mutilata
701 2031 967 2083 permanserit.
1027 2030 1176 2072 ideirco
1196 2032 1558 2089 Aspidogorgonem
1581 2038 1625 2077 il-

109 2096 181 2136 lam
208 2096 469 2150 appellarunt,
509 2104 550 2136 ut
572 2111 656 2136 cum
682 2110 764 2136 eam
789 2098 983 2151 videmus,
1027 2100 1143 2140 fuisse
1167 2102 1353 2154 quondam
1377 2102 1478 2143 istud
1500 2104 1623 2158 ipsum

108 2163 384 2217 intelligamus,
428 2178 527 2204 nune
559 2178 653 2204 vero
681 2163 835 2205 minime
863 2179 1092 2220 superesse,
1135 2181 1180 2207 ac
1205 2168 1357 2222 penitus
1385 2184 1470 2210 esse
1496 2172 1622 2212 subla-

108 2236 200 2269 tum.
263 2230 375 2284 Quod
407 2232 454 2271 ad
488 2245 569 2270 eam
600 2238 733 2271 contra
762 2246 871 2285 quam
902 2233 1049 2287 agimus
1080 2234 1258 2275 haeresin
1289 2238 1485 2277 convenit.
1548 2235 1622 2278 Cui

108 2311 190 2336 cum
225 2297 519 2352 disputationem
553 2306 721 2338 nostram
753 2301 1064 2353 opposuerimus,
1109 2299 1253 2342 Christi
1289 2310 1417 2343 tamen
1453 2311 1512 2344 est
1543 2305 1623 2345 vir.

107 2371 187 2404 tute
211 2365 424 2418 profligata.
486 2364 616 2418 Quare
639 2365 686 2405 ab
709 2366 772 2406 illa
795 2381 886 2419 uos,
919 2369 1131 2421 carissimi,
1164 2370 1210 2409 ad
1236 2370 1483 2412 refellendam
1508 2372 1618 2412 aliam

107 2439 390 2473 convertamus.

347 2648 657 2698 CONTRA
713 2651 1375 2715 SATURNILIANOS,

139 2741 244 2786 quae
273 2732 340 2774 est
367 2728 561 2775 haeresis
593 2730 642 2775 ab
675 2731 863 2779 adventu
893 2733 1057 2781 Christi
1084 2734 1169 2781 III.
1182 2770 1194 2793 ,
1230 2734 1382 2781 ordine
1409 2733 1582 2782 XXIII.

210 2824 305 2866 Post
336 2827 434 2867 hune
460 2826 679 2869 Saturnilus
710 2831 841 2871 nescio
866 2833 949 2887 quis
974 2834 1165 2874 excitatus
1191 2841 1270 2885 est,
1312 2833 1374 2888 qui
1400 2834 1545 2875 erroris
1570 2835 1614 2874 it·
1639 2844 1712 2887 Cap.
1733 2845 1756 2875 Ι,

103 2889 176 2930 linc
204 2902 450 2946 argumenta,
483 2895 555 2935 hoe
580 2903 638 2936 est
660 2911 682 2936 a
705 2895 920 2940 Menandro
943 2915 985 2941 ac
1008 2901 1197 2956 prioribus
1220 2902 1294 2943 illis
1318 2902 1479 2957 aceepit.
1542 2901 1614 2941 Hic

148 2978 224 3012 Cn.
245 2983 284 3013 ΙΙ.
310 3002 351 3008 -
379 2986 405 3016 1.
431 2983 634 3029 ἷοχυρωτέρα
657 2988 766 3027 ubique
789 2991 908 3029 scripsit
929 2992 1084 3023 petavius.
