2034 3267
188 1513 255 1542 pag.
273 1503 331 1529 22⁴.

352 122 431 159 414
916 121 1074 153 SANCTI
1099 123 1320 155 EPIPHANH

353 202 540 254 τοσαύτης
558 202 763 254 ληρωδίας,
795 196 861 238 ἀπ’
882 196 1003 249 αὐτῆς
1024 198 1065 238 δὲ
1083 202 1152 250 τῆς
1171 197 1400 247 ὑποθέσεως
1419 205 1493 242 τῶν
1513 201 1600 255 παρ’
1622 199 1755 249 αὐτοῖς
1774 205 1876 255 λεγο-

353 272 478 322 μένων
502 266 570 319 τήν
597 264 820 319 άνατροπήν
843 268 991 306 εἴσεται.
1049 261 1287 320 Ἐλέγχονται
1310 266 1382 321 γάρ
1408 262 1518 310 οὗτοι
1542 269 1764 310 παντάπασι
1785 265 1878 309 καθ’

353 339 499 377 ἑαυτῶν
529 333 771 387 όπλιζόμενοι
800 332 846 374 τά
876 333 1007 387 ψεύδη
1039 339 1108 387 τῆς
1134 331 1263 374 αὐτῶν
1289 339 1578 386 ματαιοπονίας.
1642 336 1781 378 Πόθεν
1803 334 1875 391 γάρ

352 402 464 455 ὑμῖν,
504 397 535 443 ῶ
560 397 668 443 οὗτοι
696 406 934 454 Πτολεμαῖοί
956 419 994 443 τε
1017 404 1084 443 καὶ
1111 406 1370 454 Πτολεμαῖαι,
1411 408 1480 443 τοῦ
1508 408 1648 446 Βυθοῦ
1674 405 1719 446 τοὶ
1743 405 1874 457 μέτρα,

352 472 418 511 καὶ
441 472 483 510 αἱ
501 469 684 522 μαιώσεις
704 473 780 511 τῶν
796 475 960 511 τοκετῶν
981 471 1047 512 καὶ
1072 475 1304 525 γεννητικῶν
1326 467 1557 512 ὑποθέσεων
1579 470 1605 525 ἡ
1623 478 1780 527 γνῶσις,-
1810 469 1878 519 Ὡς

351 539 422 594 γάρ
445 537 633 592 παρόντες
654 539 717 579 καὶ
736 543 812 579 τῶν
834 540 1078 592 ἐπουρανίων
1096 536 1163 586 τάς
1181 537 1321 589 φύσεις
1340 537 1590 590 θεασάμενοι,
1610 541 1676 580 καὶ
1695 538 1747 588 ῶς
1767 537 1878 581 αὐτοὶ

351 605 536 660 προόντες
556 611 627 647 τοῦ
649 605 737 660 παρ’
764 610 780 634 ³
795 604 906 658 ὑμῶν
928 610 1068 647 Βυθοῦ
1090 607 1331 658 καλουμένου
1345 640 1354 655 ,
1385 607 1662 660 ἐπαγγέλλεσθε
1685 607 1753 660 τὴν
1777 609 1878 660 εἴδη-

352 689 412 716 σιν
435 673 528 728 ήμῖν
553 672 849 724 ὑποδεικνύναι,
891 673 1051 723 οὐδενός
1074 673 1234 715 πώποτε
1256 678 1333 714 τῶν
1355 679 1569 728 προφητῶν
1591 679 1704 716 τοῦτο
1728 674 1878 729 εἰρηκό-

351 760 428 793 τος,
459 741 531 784 ofin
555 741 675 783 αὐτοῦ
699 744 920 793 Μωϋσέως,
952 741 998 784 οὐ
1023 747 1100 784 τῶν
1122 741 1197 796 πρὸ
1223 740 1360 791 αὐτοῦ,
1393 740 1439 783 ού
1462 746 1538 782 τῶν
1559 740 1635 794 μετ’
1658 740 1798 793 αὐτόν,
1830 740 1878 784 ού

351 816 428 852 τῶν
447 809 733 866 εύαγγελιστῶν,
765 809 813 851 οὐ
832 814 908 852 τῶν
931 808 1167 852 ἀποστόλων.
1227 812 1283 850 Εἰ
1300 808 1352 862 μή
1373 808 1448 863 ἆρα
1467 808 1512 850 τά
1535 808 1745 863 ἐθνόμυθα
1765 808 1877 862 ποιή-

354 897 454 931 ματα
478 881 602 927 εἴποις
620 883 698 920 τῶν
719 879 806 933 περὶ
824 877 969 932 Ὀρφέα
989 895 1025 919 τε
1044 880 1110 920 καὶ
1128 876 1308 919 Ἡσίοδον
1331 880 1396 918 καὶ
1420 881 1679 932 Στησίχορον,
1710 875 1799 932 παρ’
1820 874 1880 925 οἷς

351 950 394 989 αἶ
414 953 491 990 τῶν
515 946 740 1002 (ἷνθρώπων
762 947 887 1001 γενεαὶ
909 946 1226 999 μετεποιήθησαν
1252 948 1304 994 εἰς
1329 951 1435 987 θεῶν
1458 948 1702 999 ἐπωνυμίας,
1745 946 1812 986 καὶ
1832 943 1878 985 τά

352 1018 391 1058 ἐν
421 1015 649 1071 ἀνθρώποις
673 1015 911 1066 τετελεσμένα
937 1019 1146 1068 ποιητικῶς
1174 1013 1536 1068 ἐδραματουργήθη.
1598 1012 1784 1055 Κᾰκεῐνοι
1806 1012 1878 1068 γάρ

354 1083 477 1133 οὕτως
501 1083 700 1136 ἐνόμισαν,
741 1082 1012 1131 ἐκθειάσαντες
1036 1081 1127 1131 τούς
1150 1083 1239 1137 περὶ
1265 1085 1341 1122 Δία
1364 1083 1429 1123 καὶ
1452 1080 1557 1123 Ῥέαν
1582 1081 1790 1135 καὶἽΙραν
1812 1082 1879 1123 καὶ

352 1151 526 1205 Ἀθηνᾶν
547 1153 611 1193 καὶ
631 1150 851 1192 Ἀπόλλωνα
870 1152 936 1192 καὶ
954 1149 1202 1205 Ἀφροδίτην,
1233 1151 1298 1190 καὶ
1319 1149 1387 1197 τάς
1408 1149 1554 1191 τούτων
1576 1153 1712 1198 κακίας
1733 1148 1879 1204 4γονᾶς

350 1220 596 1274 τιμήσαντες,
640 1221 694 1267 εἰς
723 1222 939 1270 φαντασίαν
968 1223 1185 1267 πολυθεΐας
1213 1219 1279 1259 καὶ
1303 1219 1610 1273 εἰδωλολατρείας
1640 1217 1707 1259 τὸν
1730 1216 1878 1270 κόσμον

352 1290 543 1342 ἐνέβαλον.
603 1286 713 1328 'Aiaci
739 1285 868 1328 ούκέτι
893 1304 958 1339 μοι
985 1286 1104 1338 πολλή
1125 1304 1182 1334 τις
1203 1289 1307 1339 χρεία
1329 1284 1524 1340 γενήσεται
1548 1288 1600 1334 εἰς
1622 1285 1693 1339 τήν
1712 1299 1805 1336 σου,
1847 1281 1880 1326 ῶ

355 1361 588 1408 Πτολεμαῖε,
620 1353 846 1409 άνατροπήν
865 1371 902 1395 τε
921 1355 986 1395 καὶ
1007 1356 1177 1408 ἔλεγχον,
1207 1355 1273 1395 καὶ
1294 1358 1370 1395 τῶν
1391 1353 1488 1394 κατά
1511 1368 1571 1405 σε,
1602 1353 1677 1407 ἤδη
1700 1359 1778 1395 τῶν
1800 1357 1878 1395 σῶν

352 1423 608 1479 προπατόρων
638 1422 705 1464 τὸν
739 1424 890 1476 ἔλεγχον
921 1424 1063 1470 ἱκανῶς
1093 1421 1319 1474 εἰληφότων.
1381 1421 1457 1462 Δια
1486 1427 1562 1463 τῶν
1590 1423 1877 1477 προειρημένων

353 1492 422 1546 την
448 1491 545 1534 κατά
568 1506 638 1533 σου
662 1489 847 1543 αἰσχύνην
870 1490 1157 1543 συστησάμενος
1180 1491 1334 1542 διέξειμι
1357 1488 1426 1542 τήν
1448 1494 1525 1531 τῶν
1550 1491 1688 1543 ἑτέρων
1713 1489 1874 1543 πλάνην,

350 1560 446 1602 θεόν
471 1558 773 1612 ἐπικαλούμενος
798 1560 1008 1613 ἐπίκουρον
1032 1563 1101 1611 τῆς
1126 1556 1235 1610 ἡμῶν
1260 1557 1522 1611 μετριότητος,
1558 1557 1666 1606 ὅπως
1690 1557 1762 1611 τὴν
1786 1556 1875 1612 παρ’

351 1628 496 1685 ἑκάστῳ
526 1630 630 1669 ἔθνει
659 1631 791 1675 κακῶς
820 1628 1123 1679 ἐπινενοημένην
1153 1624 1346 1668 ὑπόθεσιν
1373 1625 1546 1680 φωράσω
1574 1643 1612 1666 τε
1638 1627 1705 1667 καὶ
1731 1632 1874 1680 θριαμ-

351 1696 497 1750 βεύσω,
543 1697 605 1738 ἐπὶ
644 1700 689 1753 τῇ
721 1696 924 1751 ἐπαγγελίᾳ
965 1699 1032 1748 τῆς
1060 1696 1236 1748 σπουδῆς
1267 1692 1371 1748 παρά
1408 1698 1507 1735 θεοῦ
1538 1693 1768 1746 αἰτούμενος
1804 1692 1875 1747 τὴν

349 1764 467 1819 χάριν.

447 1967 535 2009 Ἵνα
562 1968 602 2008 δὲ
629 1966 682 2020 μὴ
706 1965 945 2019 άβασάνιστα
971 1961 994 2024 ᾖ
1019 1965 1065 2007 τά
1088 1968 1173 2020 τρία
1197 1980 1268 2007 σου
1291 1968 1471 2017 λεξείδια,
1515 1965 1538 2006 ἃ
1563 1964 1611 2018 δὴ
1637 1964 1736 2019 πρὸς
1763 1965 1872 2007 Φλώ-

350 2054 420 2091 ραν
449 2034 491 2077 τὸ
522 2035 683 2091 γύναιον
713 2035 939 2076 ἐπιστέλλων
966 2033 1195 2087 ἐκομπάσω,
1238 2029 1268 2076 ῶ
1293 2038 1527 2087 Πτολεμαῖε,
1556 2059 1611 2064 -
1652 2031 1712 2074 ἆεὶ
1735 2033 1807 2089 γάρ
1833 2036 1876 2075 αἱ

350 2104 533 2157 ὄφιώδεις
549 2106 789 2145 διδασκαλίαι
807 2101 1038 2157 γυναικάρια
1055 2103 1320 2156 σεσωρευμένα
1339 2099 1541 2156 ἁμαρτίαις
1561 2099 1750 2151 ἀπατῶσι,
1772 2100 1870 2143 κατά

348 2172 415 2215 τὸν
444 2177 512 2214 τοῦ
539 2169 756 2213 ἀποστόλου
785 2169 919 2225 λόγον,
951 2195 1003 2201 -
1046 2172 1112 2211 καὶ
1140 2169 1260 2218 αὐτάς
1286 2169 1334 2223 δὴ
1360 2168 1428 2218 τοὶς
1450 2170 1565 2218 λέξεις
1595 2171 1786 2222 1καιρίως
1813 2171 1869 2211 ε’ν-

349 2245 477 2282 ταῦθα
498 2239 799 2294 παραθήσομαι,
829 2239 894 2279 καὶ
916 2236 986 2291 τὴν
1010 2237 1137 2279 αὐτῶν
1160 2236 1402 2293 ἀνατροπὴν,
1434 2236 1646 2292 ἀναγκαίαν
1671 2232 1792 2278 οὖσαν
1817 2239 1872 2286 εἰς

349 2308 390 2351 τὸ
415 2307 467 2362 μὴ
490 2311 798 2360 καταλειφθῆναι
822 2308 927 2359 ῥίζαν
947 2311 1013 2358 τῆς
1037 2306 1284 2355 ζιζανιώδους
1304 2321 1374 2348 σου
1401 2309 1568 2360 σπορᾶς,
1598 2305 1685 2357 ἑξῆς
1707 2303 1871 2347 ἐκολού-

350 2383 434 2425 θως
456 2375 679 2429 ποιήσομαι.
742 2373 912 2422 Φάσκεις
932 2372 1004 2428 γάρ
1018 2407 1026 2423 ,
1059 2369 1089 2414 ῶ
1113 2369 1247 2424 οὗτος,
1276 2372 1344 2415 τόν
1365 2372 1488 2426 νόμον
1508 2377 1614 2427 τριχῆ
1638 2375 1868 2429 διῃρῆσθαι,

350 2446 415 2486 καὶ
443 2444 485 2486 τό
517 2445 585 2497 μὲν
615 2445 711 2497 ἔχειν
739 2460 775 2484 τι
805 2443 846 2484 ἐκ
875 2444 945 2483 τοῦ
969 2446 1087 2491 θεοῦ,
1126 2441 1168 2483 τὸ
1194 2442 1236 2483 δὲ
1260 2443 1302 2483 ἐκ
1326 2442 1553 2491 Μωϋσέως,
1594 2439 1636 2482 τό
1661 2441 1701 2481 δὲ
1725 2442 1767 2482 ἐκ
1790 2446 1869 2483 τῶν

351 2513 631 2567 πρεσβυτέρων.
693 2511 772 2551 Καὶ
795 2509 853 2551 ὅτι
877 2510 944 2562 μὲν
967 2511 1009 2551 ἐκ
1026 2514 1102 2550 τῶν
1123 2510 1395 2564 πρεσβυτέρων
1419 2511 1489 2550 οἷέι
1511 2509 1774 2564 γεγραμμένον
1797 2507 1870 2552 οὐκ

350 2582 444 2633 ἔχεις
460 2584 538 2621 ποῦ
559 2578 778 2629 ἀποδεῖξαι,
809 2576 922 2619 τοῦτό
945 2579 1023 2618 ἐστι
1041 2579 1166 2630 δῆλον.
1231 2575 1417 2630 Ούδαμοῦ
1437 2575 1508 2632 γάρ
1529 2578 1569 2618 έν
1587 2575 1697 2633 νόμῳ
1722 2578 1869 2629 2ἐμφέ-

350 2665 482 2702 ρονται
500 2649 542 2688 αἱ
557 2652 634 2688 τῶν
654 2646 922 2701 πρεσβυτέρων
942 2644 1187 2699 παραδόσεις.
1234 2643 1343 2686 Ἀλλά
1364 2644 1515 2700 εΞγνοῶν
1534 2645 1601 2686 καὶ
1621 2642 1688 2692 τοὶς
1707 2646 1867 2697 βίβλους

348 2716 413 2756 καὶ
439 2714 508 2768 τὴν
533 2713 722 2768 ἀλήθειαν
747 2712 919 2770 φαντάζῃ
949 2717 1227 2764 συκοφαντῶν,
1267 2715 1333 2754 καὶ
1359 2711 1427 2761 τοὶς
1452 2711 1691 2760 ἀκολουθίας
1715 2710 1867 2766 οἷγνοῶν

351 2782 510 2835 ἑκάστης
529 2781 716 2838 ἀκριβοῦς
737 2780 928 2835 εἰδήσεως.
971 2782 1028 2821 Αἵ
1042 2779 1115 2836 γάρ
1134 2779 1370 2836 παραδόσεις
1386 2784 1461 2822 τῶν
1479 2779 1751 2834 πρεσβυτέρων
1769 2784 1867 2821 Δευ-

393 2886 424 2919 3.
450 2884 523 2928 ὑμῖν
546 2888 611 2918 cod.
633 2888 728 2918 Vatic.
1174 2885 1250 2916 CAP.
1265 2885 1325 2917 IX.
1339 2903 1379 2908 ——
1400 2883 1427 2916 1.
1444 2881 1580 2925 καιρίως
1599 2884 1664 2915 cod.
1681 2886 1776 2917 vatic.
1811 2897 1867 2917 κυ-

393 2930 424 2963 4.
450 2929 549 2973 μονὰς
572 2932 659 2963 codd.
680 2932 806 2972 Rhodiy.
831 2935 856 2963 et
878 2931 980 2964 Paris.
1131 2929 1208 2971 ρίως
1230 2932 1299 2962 libri
1321 2931 1404 2962 editi,
