2034 3267
500 179 678 210 PANARH
703 179 784 210 Lm.
804 179 826 210 1.
853 179 956 211 ToM.
978 180 1016 211 u.
1041 179 1169 210 HAER.
1189 179 1334 210 xxxix.
1595 169 1672 209 387

425 337 819 386 ADVERSUS
867 338 1340 386 SECUNDIANO
1358 337 1405 397 S,

158 419 210 464 ad
248 433 356 478 quos
393 433 487 464 sese
524 416 775 480 Epiphanes
812 422 855 463 et
887 417 1086 464 Isidorus
1122 417 1415 479 applicarunt,
1462 432 1568 477 quae
1607 421 1673 463 est

571 497 764 544 haeresis
794 496 898 543 XII.
934 497 1025 544 sive
1057 496 1250 543 XXXII.

266 595 520 652 Posteaquam
545 596 813 638 Valentiniana
837 597 987 637 haeresi
1008 596 1174 636 defuncti
1197 609 1343 646 sumus,
1378 602 1415 635 et
1437 595 1475 635 in
1499 595 1581 635 eius
1603 595 1670 636 du·
1697 600 1773 642 Cap.
1792 601 1813 630 ῐ.

155 665 266 706 metis
291 679 334 705 ac
359 665 538 720 vepribus
563 678 794 719 magnopere
820 663 1103 714 laboravimus,
1145 663 1324 718 deinceps
1351 663 1563 704 incredibili
1589 677 1673 703 cum

155 733 294 773 sudore
315 747 359 773 ac
380 734 572 774 cuiusdam
595 733 699 773 velut
720 732 978 786 agriculturae
1002 731 1177 771 molestia
1198 731 1242 770 ad
1264 731 1431 785 reliquas
1451 731 1551 771 illius
1572 732 1676 772 evel-

155 801 287 841 lendas
323 801 452 856 spinas
488 815 532 841 ac
569 807 687 840 tetras
727 807 949 854 serpentum
988 799 1131 852 effigies
1165 798 1422 853 profligandas
1456 799 1670 839 veniemus.

157 867 233 909 Sed
259 869 430 923 inprimis
456 867 611 922 spiritus
635 867 758 908 saneti
785 882 894 922 opem
927 881 948 907 a
977 865 1133 907 Christo
1158 867 1456 920 postulabimus,
1498 874 1538 906 ut
1565 866 1673 906 huius

154 936 257 976 illum
282 937 503 977 interventu
535 950 603 990 per
633 936 838 975 coelestem
864 935 1075 975 doctrinam
1101 934 1382 988 religiososque
1408 948 1606 974 sermones
1636 935 1675 974 in

158 1004 349 1045 bominum
376 1003 522 1043 animos
550 1003 713 1053 elicere,
747 1003 794 1043 ab
819 1003 965 1056 iisque,
1000 1001 1063 1055 qui
1085 1002 1121 1042 id
1147 1002 1247 1042 ultro
1273 1002 1488 1053 voluerint,
1522 1002 1676 1057 pestife-

160 1087 242 1112 rum
267 1072 372 1112 virus
395 1070 604 1111 extrahere
624 1070 830 1125 possimus.
894 1068 1047 1124 Sequar
1067 1084 1161 1110 vero
1181 1069 1218 1110 in
1242 1070 1289 1110 iis
1311 1070 1551 1125 exponendis
1573 1077 1677 1110 aeta-

158 1148 234 1180 tum
257 1140 443 1189 ordinem,
478 1153 522 1178 ac
545 1139 650 1179 cuius
673 1139 831 1193 quisque
853 1152 1059 1178 successor
1080 1137 1254 1178 extiterit
1273 1138 1309 1177 in
1334 1138 1408 1178 illis
1428 1139 1677 1178 recensendis

157 1207 321 1263 aperiam
336 1239 346 1258 ‚
380 1206 443 1261 qui
464 1206 510 1246 ab
532 1206 596 1246 illo
621 1207 780 1261 profecti
801 1207 953 1247 diversa
975 1206 1158 1260 quaedam
1183 1206 1380 1246 doctrinae
1401 1207 1549 1247 semina
1571 1220 1677 1261 spar-

156 1282 303 1316 serunt.
368 1274 514 1314 Horum
539 1274 656 1328 igitur
676 1289 697 1315 e
720 1288 878 1315 numero
903 1272 1105 1315 Secundus
1128 1274 1277 1328 quidam
1302 1274 1386 1325 fuit,
1421 1275 1484 1328 qui
1504 1275 1587 1329 plus
1610 1275 1678 1315 ali-

156 1343 241 1397 quid
267 1356 377 1397 quam
399 1342 518 1383 ceteri
543 1356 680 1397 sapere
704 1343 885 1392 studens,
920 1342 990 1382 etsi
1015 1343 1149 1382 eadem
1170 1356 1265 1396 quae
1286 1340 1516 1383 Valentinus
1537 1344 1678 1383 asserit

154 1411 296 1461 omnia,
325 1410 508 1464 ampliore
532 1417 658 1450 tamen
679 1410 807 1450 sonitu
828 1410 1059 1450 furiosorum
1082 1424 1196 1450 aures
1220 1410 1400 1464 opplevit.
1449 1410 1523 1450 Hic
1544 1411 1678 1451 eodem

154 1493 227 1532 quo
251 1477 482 1519 Valentinus
508 1485 677 1532 tempore
703 1479 864 1518 eundem
890 1478 1012 1532 ipsum
1038 1492 1139 1518 novo
1163 1477 1288 1532 aliquo
1311 1477 1470 1520 invento
1492 1493 1676 1534 superare

152 1546 322 1600 gestiens
354 1546 510 1601 primam
544 1544 766 1599 Ogdoadem
798 1560 850 1586 ex
879 1544 1049 1586 Tetrade
1083 1546 1220 1586 dextra
1256 1560 1299 1586 ac
1331 1546 1488 1587 sinistra
1520 1547 1678 1587 conflari

154 1614 303 1664 docuit,
345 1628 500 1668 quarum
528 1614 686 1654 alteram
710 1612 885 1664 Lumen,
928 1612 1129 1653 Tenebras
1153 1614 1312 1654 alteram
1337 1615 1517 1669 appellari
1540 1615 1675 1656 voluit.

155 1680 234 1722 lam
256 1696 351 1722 vero
374 1681 566 1722 Virtutem
590 1682 706 1731 illam,
741 1695 837 1735 quae
859 1681 1048 1722 defecisse
1069 1689 1107 1721 et
1126 1682 1170 1721 ad
1190 1681 1356 1736 inopiam
1383 1683 1502 1723 fuisse
1523 1684 1679 1724 redacta

154 1749 314 1800 dicitur,
349 1757 462 1804 negat
484 1764 533 1789 ex
559 1749 764 1789 tricenario
788 1749 851 1789 illo
873 1763 1031 1789 numero
1052 1748 1228 1790 Aeonum
1252 1749 1431 1791 extitisse
1447 1783 1456 1801 ,
1491 1751 1558 1791 sed
1581 1752 1678 1792 inse-

155 1817 269 1858 rioris
300 1818 494 1858 cuiusdam
527 1818 695 1869 ordinis,
739 1831 787 1858 ex
819 1831 951 1857 eorum
983 1817 1160 1857 videlicet
1191 1831 1310 1872 grege
1342 1818 1461 1858 fuisse
1489 1818 1550 1872 qui
1578 1819 1679 1859 infra

155 1886 264 1926 aliam
290 1883 514 1940 Ogdoadem
537 1885 785 1925 collocantur.
839 1884 900 1925 De
924 1883 1079 1926 Christo
1101 1885 1261 1939 aliisque
1282 1886 1524 1940 dogmatibus
1544 1887 1676 1928 eadem

155 1968 238 1994 cum
261 1961 418 1994 auctore
440 1953 579 1994 veneni
603 1953 662 1993 sui
680 1968 724 1993 ac
744 1954 1003 1994 ministratore
1020 1951 1229 1994 Valentino
1250 1953 1395 1994 statuit.
1440 1952 1570 2007 Quare
1592 1970 1677 1996 cum

155 2022 253 2062 haud
283 2022 335 2062 ita
366 2022 481 2062 multa
512 2022 588 2061 sint
618 2021 663 2062 ab
689 2022 762 2062 isto
788 2022 951 2062 diversis
975 2036 1019 2062 ac
1043 2021 1257 2076 peregrinis
1284 2021 1475 2077 explicata
1499 2023 1674 2074 vocibus,

154 2104 273 2145 pauca
297 2090 391 2130 haec
415 2103 510 2144 quae
534 2089 632 2129 dicta
659 2096 748 2130 sunt
772 2090 945 2130 sufficere
970 2090 1122 2144 putavi,
1157 2104 1252 2144 quae
1275 2104 1343 2144 per
1365 2090 1491 2145 seipsa
1516 2091 1608 2131 satis
1631 2092 1677 2131 ad

154 2158 403 2198 refellendum
431 2164 740 2212 argumentorum
764 2158 1019 2213 suppeditant.
1082 2156 1159 2198 Sed
1193 2159 1238 2198 de
1267 2158 1331 2198 illo
1357 2166 1483 2198 tamen
1508 2158 1678 2199 breviter

155 2239 304 2280 quoque
330 2225 596 2281 disputandum
629 2232 709 2275 est,
754 2239 800 2265 ne
832 2225 939 2277 ideo,
984 2227 1082 2280 quod
1109 2233 1243 2266 contra
1268 2226 1389 2280 ipsum
1418 2227 1558 2266 afferre
1585 2226 1677 2266 nihil

155 2307 380 2347 possemus,
425 2292 731 2348 praetermisisse
754 2293 967 2335 videamur.
1029 2292 1152 2348 lgitur
1177 2294 1207 2334 si
1233 2293 1425 2334 Teu-ades
1452 2308 1502 2334 ex
1523 2294 1674 2334 illorum

155 2361 334 2416 opinione
361 2362 521 2402 dextrae
548 2368 637 2401 sunt
660 2374 704 2400 ac
726 2360 930 2413 sinistrae,
973 2361 1137 2402 medium
1163 2362 1266 2402 inter
1291 2375 1355 2402 eas
1380 2362 1556 2416 quiddam
1580 2363 1677 2402 assi-

154 2430 264 2483 gnari
291 2436 465 2484 oportet,
510 2436 714 2484 propterea
740 2429 860 2483 quod,
903 2429 1078 2484 quicquid
1106 2430 1264 2470 dextros
1290 2429 1405 2470 habet
1429 2443 1473 2470 ac
1497 2430 1676 2471 sinistros
1735 2430 1737 2432 ’

155 2497 333 2548 ordines,
376 2498 414 2537 in
446 2511 578 2537 eorum
609 2496 733 2536 medio
767 2497 945 2538 collocari
981 2512 1141 2538 necesse
1175 2506 1254 2548 est,
1300 2511 1422 2552 neque
1449 2498 1584 2538 dextra
1616 2499 1678 2539 vel

154 2564 310 2605 sinistra
342 2565 487 2619 uspiam
522 2578 609 2605 esse
640 2572 820 2619 possunt,
867 2565 939 2605 nisi
971 2579 1021 2606 ex
1051 2566 1254 2606 interiecto
1286 2579 1448 2620 corpore
1479 2565 1677 2620 utriusque

155 2633 274 2686 partis
303 2632 507 2673 discrimen
536 2639 701 2687 petatur.
765 2630 1047 2685 Quamobrem,
1088 2633 1334 2674 stolidissime
1360 2632 1575 2673 mortalium
1604 2632 1676 2675 Se-

155 2700 299 2750 cunde,
342 2715 490 2754 vosque
518 2698 753 2741 Secundiani
782 2714 936 2752 omnes,
979 2701 1143 2742 medium
1170 2701 1243 2742 erit
1268 2715 1384 2741 unum
1411 2701 1571 2755 aliquid,
1616 2702 1676 2742 cui

156 2768 310 2809 sinistra
331 2769 543 2822 dextraque
564 2782 658 2822 quae
681 2767 857 2808 dicuntur
875 2768 1046 2810 subiecta
1066 2770 1164 2820 sint,
1193 2782 1315 2823 neque
1337 2768 1382 2809 ab
1404 2782 1479 2809 uno
1499 2769 1564 2809 illo
1585 2769 1675 2810 alie-

153 2893 292 2924 vocabuli
325 2894 469 2937 χωρηγῷ
505 2902 560 2933 per
593 2902 723 2924 errorem
754 2895 890 2932 repetita.
963 2892 1013 2937 fl.
1040 2891 1133 2937 ὅμως
1157 2890 1186 2935 γ’
1210 2886 1264 2926 οὖν
1295 2895 1417 2933 reposui
1446 2904 1503 2933 pro
1527 2889 1619 2936 ὅμως
1643 2890 1672 2927 6⁵

154 2938 218 2967 Nisi
244 2940 384 2969 maluerit
418 2941 530 2978 aliquis
562 2947 704 2977 reponere
736 2939 792 2971 τοῦ
829 2937 890 2979 ἰοῦ,
939 2938 1013 2977 οὐν,
1038 2949 1116 2979 quae
1139 2941 1267 2978 vulyata
1291 2943 1332 2970 est
1355 2941 1517 2978 scriptura.

152 2985 272 3020 propter
295 2992 419 3023 sequens
446 2984 502 3017 τοῦ
527 2982 739 3025 δηλητηρίου.
982 2986 1011 3017 5.
1036 2983 1159 3026 γένοιτο
1184 2985 1249 3015 cod.
1271 2986 1366 3015 Vane.

1313 3040 1402 3081 25*
