2034 3267
464 144 641 175 PANARu
666 144 747 175 Lm.
768 144 791 174 1.
817 143 922 176 ΤοΜ.
941 143 997 174 ιιι.
1023 142 1275 174 HAER.XL11.
1553 131 1633 172 589

110 223 239 263 tiatum
273 230 310 262 et
340 222 560 275 quibusdam
594 222 824 263 dictionibus
854 222 1013 276 insuper
1042 222 1180 262 additis
1206 219 1475 274 interpolatum
1504 219 1633 259 fuerit.

108 288 220 344 Quod
245 304 320 330 non
344 290 556 330 communis
581 289 752 330 utilitatis
774 290 919 342 gratia,
953 289 1019 329 sed
1041 290 1085 328 ad
1110 303 1246 329 vocum
1272 286 1633 341 periculosissimam

108 357 317 397 novitatem
350 358 625 407 affectandam,
661 358 805 397 furiosa
836 357 898 396 illa
929 356 1039 395 belua
1073 358 1200 396 facere
1232 355 1411 395 instituit.

218 424 328 465 Haec
351 433 477 465 autem
504 426 630 465 onmia
650 439 701 465 ex
723 439 770 465 eo
792 438 902 478 quem
923 424 1310 464 commemoravimus
1331 420 1495 476 apostoli
1517 435 1634 463 evan-

106 492 272 547 geliique
302 491 432 533 Lucae
465 493 584 544 libro,
629 507 702 546 quo
732 492 764 532 is
796 491 936 540 utitur,
978 504 1192 545 excerpere
1223 504 1267 530 ac
1298 490 1464 543 seligere
1490 489 1634 530 studui-

106 574 206 600 mus.
252 558 304 601 Ut
326 561 551 615 quicumque
575 560 761 600 adversus
782 559 882 599 illius
904 571 1076 598 errorem
1099 558 1294 612 disputare
1317 557 1458 597 suerint
1478 570 1635 610 aggres-

106 629 154 679 si,
188 629 292 683 prius
315 629 531 682 intelligant
551 627 734 680 quaedam
757 626 803 666 ab
826 640 871 666 eo
890 632 1121 665 commutata
1142 625 1350 675 vocabula,
1384 638 1428 664 ac
1449 639 1517 679 per
1538 626 1636 664 l'rau-

107 696 190 737 dem
217 711 261 736 ac
285 696 466 736 malitiam
487 695 648 735 inserta.
711 692 823 747 Quae
848 707 942 733 vero
968 693 1048 733 suis
1073 693 1168 732 locis
1194 692 1348 732 minime
1372 692 1633 746 reperiuntur,

107 763 276 804 eiusdem
300 770 389 804 sunt
409 763 563 804 audacia
585 762 795 802 subtracta.
857 760 966 800 Haec
991 760 1090 800 enim
1114 760 1225 800 homo
1250 760 1422 814 stupidus
1444 759 1526 800 sola
1548 773 1634 799 esse

105 831 290 872 iudicavit
320 830 590 871 commentitiis
623 829 695 869 illis
727 829 807 869 suis
839 827 1083 883 opinionibus
1115 827 1324 867 contraria.

221 898 380 939 Tertius
406 912 499 938 vero
524 904 725 952 praeterea
746 904 949 951 susceptus
973 910 994 936 a
1017 895 1127 936 nobis
1150 902 1209 936 est
1232 895 1361 945 labor,
1396 902 1435 934 ut
1456 895 1493 934 in
1522 909 1633 934 tinam

108 967 373 1007 conferremus
403 966 529 1006 omnia
561 966 606 1005 de
631 964 766 1019 quibus
799 979 883 1004 cum
911 964 1013 1004 inter
1044 977 1113 1003 nos
1140 970 1254 1017 atque
1282 962 1384 1002 illum
1411 963 1632 1012 conveniat,

107 1049 151 1075 ea
184 1042 308 1075 tamen
340 1041 429 1074 sunt
452 1032 640 1073 eiusmodi
673 1039 712 1072 ut
740 1032 973 1072 salvatorem
1001 1039 1173 1071 nostrum
1202 1037 1396 1084 assumpta
1427 1043 1543 1069 carne
1569 1042 1636 1069 ve-

106 1103 211 1143 nisse
231 1101 433 1142 manifeste
454 1101 695 1155 significent:
733 1106 809 1140 tum
833 1113 928 1153 qnae
949 1099 1094 1140 veteris
1115 1099 1280 1153 novique
1305 1097 1524 1138 testamenti
1545 1111 1636 1137 con·

106 1170 325 1211 sensionem
349 1170 578 1219 ostendunt,
613 1176 678 1208 aut
701 1168 901 1222 ipsiusmet
923 1168 982 1207 (lei
1001 1167 1065 1207 lilii
1086 1166 1393 1217 confessionem,
1428 1179 1502 1219 qua
1526 1165 1636 1205 deum

107 1252 193 1278 esse
217 1237 314 1278 coeli
336 1244 540 1291 terraeque
565 1236 825 1286 conditorem,
860 1243 898 1276 et
919 1236 956 1275 in
979 1236 1064 1289 lege
1085 1234 1354 1289 prophetisque
1376 1234 1560 1284 locutum,
1594 1247 1637 1273 ac

106 1304 268 1358 denique
298 1312 444 1360 patrem
476 1319 565 1345 esse
596 1319 705 1345 suum
738 1305 914 1344 affirmat.
977 1302 1037 1343 De
1065 1302 1135 1342 lioc
1159 1302 1275 1355 igitur
1297 1308 1526 1354 argumento
1551 1301 1636 1341 bre-

105 1386 191 1412 vem
222 1373 326 1413 illum
355 1372 669 1413 commentarium
703 1372 808 1412 velut
840 1371 988 1411 scholia
1014 1371 1198 1425 quaedam
1227 1368 1534 1419 elaboravimus,
1579 1375 1636 1408 to-

105 1449 261 1496 tumque
292 1442 391 1482 istud
417 1455 510 1496 opus
542 1454 562 1480 e
585 1438 800 1480 Marcionis
822 1439 928 1479 libris
960 1439 1006 1478 ad
1031 1437 1188 1479 verbum
1213 1443 1439 1491 excerptum
1472 1435 1528 1476 sic
1555 1443 1637 1475 tan-

106 1524 219 1564 quam
245 1509 401 1550 maioris
425 1509 585 1549 alicuius
611 1508 732 1548 solum
758 1521 802 1548 ac
826 1507 1113 1547 fundamentum
1141 1505 1422 1560 praemisimus.
1486 1502 1564 1544 Sed
1590 1517 1637 1543 ne

105 1577 136 1617 si
160 1577 246 1631 quid
268 1577 306 1617 in
327 1591 373 1617 eo
396 1584 452 1616 est
477 1577 523 1616 ad
540 1576 829 1630 intelligendum
852 1575 999 1615 difficile
1021 1574 1244 1628 quibusdam
1267 1571 1509 1626 ignorantiae
1531 1579 1638 1612 tene-

105 1644 185 1684 bris
213 1645 399 1685 lectorum
426 1644 587 1684 obducat
612 1643 783 1693 animos,
828 1643 950 1697 placet
977 1642 1158 1696 deinceps
1183 1640 1333 1694 singula
1366 1654 1386 1680 a
1414 1654 1474 1679 me
1499 1653 1636 1694 propo-

107 1712 180 1752 sita
205 1713 360 1766 suisque
387 1712 505 1752 titulis
529 1711 712 1766 inscripta
737 1711 881 1764 capita,
916 1710 1100 1765 primum,
1133 1709 1365 1757 secundum,
1410 1721 1453 1747 ac
1481 1706 1633 1747 tertium

107 1779 335 1835 explicando
359 1786 548 1830 tractare,
583 1792 814 1832 causamque
837 1779 1104 1818 demonstrare
1131 1783 1286 1831 propter
1308 1789 1420 1829 quam
1442 1787 1636 1829 unaquae-

107 1861 180 1902 que
203 1848 349 1889 ‹lelecta
374 1862 452 1889 vox
474 1854 531 1888 est
556 1854 594 1888 et
614 1847 659 1887 ab
682 1847 746 1887 illo
769 1853 926 1887 mutata.
990 1844 1090 1886 Hine
1111 1845 1229 1899 igitur
1248 1843 1464 1898 disputandi
1486 1841 1635 1883 initium

108 1917 256 1956 faciam.

302 2040 520 2072 SCHOLION
548 2041 607 2071 EX
638 2039 891 2071 EVANGELto
917 2040 1007 2078 QUO
1033 2037 1234 2070 MARCION
1260 2036 1442 2068 UTITUR.

222 2120 252 2160 l.
299 2123 418 2167 Vade,
455 2122 601 2158 ostende
623 2127 657 2158 te
677 2121 881 2166 sacerdoti,
915 2126 953 2156 et
972 2120 1069 2172 offer
1084 2132 1156 2169 pro
1171 2119 1397 2168 purgatione
1419 2122 1502 2161 ίιια,
1536 2118 1635 2153 sicut
1651 2123 1721 2152 Luc.
1734 2125 1759 2158 5,
1781 2125 1821 2152 1⁴.

103 2192 296 2240 praecepit
322 2191 490 2239 Moyses,
527 2195 566 2226 ut
596 2190 645 2226 sit
675 2189 917 2226 testimoninm
947 2188 1014 2224 lzoe
1045 2186 1158 2224 vobis.

220 2324 418 2365 Resutatio
445 2323 472 2363 l.
521 2322 700 2363 Potuitne
726 2324 924 2373 dominus,
959 2322 991 2362 si
1019 2328 1154 2361 contra
1175 2321 1299 2374 legem
1327 2319 1500 2373 legisque
1522 2319 1632 2359 deum

109 2407 216 2434 suam
238 2393 419 2442 haberet,
454 2399 493 2432 ut
515 2391 683 2442 asseris,
729 2397 986 2446 comparatam
1009 2389 1245 2439 doctrinam,
1290 2387 1433 2428 curatis
1459 2401 1480 2427 a
1500 2400 1542 2426 se
1568 2386 1634 2426 lio-

108 2461 296 2511 minibus,
330 2460 447 2500 veluti
471 2460 624 2513 leproso
650 2459 760 2509 huic,
795 2458 1007 2499 istiusmodi
1035 2457 1252 2497 mandatum
1279 2455 1421 2495 edere?
1482 2456 1579 2493 Vade
1598 2462 1634 2492 et

109 2532 257 2569 ostende
280 2537 314 2568 te
335 2530 523 2567 sacerdoti
550 2526 630 2579 (ubi
663 2541 747 2567 cum
771 2527 1011 2567 sacerdotem
1039 2530 1337 2572 commemorat,
1380 2521 1476 2575 legis
1504 2535 1634 2562 sacer·

109 2597 250 2637 dotium
284 2611 358 2637 non
390 2596 592 2648 abrogat),
635 2602 673 2632 et
700 2596 796 2649 offer
814 2610 885 2646 pro
908 2597 1133 2646 purgatione
1160 2601 1235 2631 tua.
1300 2592 1360 2631 Ac
1384 2590 1474 2630 licet
1497 2603 1631 2630 vocem

109 2664 233 2715 illam,
275 2679 426 2710 munem,
473 2662 651 2711 inducas,
697 2675 746 2702 ex
772 2661 956 2702 offerendi
985 2661 1102 2702 verbo
1129 2659 1374 2700 nihilominus
1405 2664 1558 2698 constat
1587 2658 1632 2697 de

108 2769 172 2798 eius
185 2768 306 2806 prodit:
322 2766 422 2797 Porro
439 2763 542 2795 sciant
559 2774 681 2801 omnes,
698 2763 751 2806 qui
766 2763 847 2794 eius·
893 2766 925 2795 til
937 2776 944 2794 :
966 2763 1056 2794 Haec
1078 2761 1164 2793 enim
1182 2760 1252 2792 sola
1270 2759 1398 2802 putavit
1414 2758 1560 2791 bestialis
1578 2758 1633 2790 ille

109 2810 185 2843 dem
212 2811 314 2843 errori
339 2809 563 2842 contradicere
589 2808 722 2848 volunt,
760 2807 848 2851 quod
894 2808 1056 2840 contraria
1077 2818 1156 2838 esse.
1194 2807 1229 2837 In
1249 2806 1312 2837 hoc
1331 2804 1442 2848 itaque
1463 2803 1633 2836 contradi-

110 2860 174 2888 cell.
894 2865 1001 2885 cemus
1025 2852 1185 2884 confictae
1209 2850 1352 2882 eiusdem
1373 2849 1543 2881 versutiae.
1592 2849 1634 2880 Et

153 2900 208 2934 47.
230 2900 287 2934 καὶ
303 2903 490 2941 particulam
506 2901 542 2932 de
556 2909 621 2931 meo
638 2900 758 2931 addidi.
789 2900 847 2930 De·
892 2898 992 2930 tertio
1006 2902 1086 2937 cett„
1106 2898 1185 2928 unde
1203 2897 1328 2936 difficile
1348 2899 1390 2927 est
1402 2896 1543 2927 divinare
1560 2895 1634 2934 quid

109 2947 262 2978 sideratur
276 2949 307 2979 in
321 2948 459 2979 omnibus
474 2947 567 2977 libris.
601 2946 768 2976 Carnarius
780 2953 848 2976 ver·
892 2945 1075 2976 mutandum
1095 2943 1339 2982 reponendumve
1360 2942 1411 2973 ille
1434 2941 1591 2973 censuerit.
