2034 3267
458 192 635 224 PANARII
660 194 743 226 LIB.
764 195 788 226 1.
813 195 918 227 TOM.
938 196 979 228 ΙΙ.
1006 196 1134 229 HAER.
1157 197 1325 230 XXXIII.
1576 192 1649 231 421

126 276 197 321 elo,
224 276 349 312 scietis
367 280 487 312 autem
499 281 644 325 postea,
671 273 848 315 nimirum
870 289 953 316 cum
972 276 1225 330 perfectiores
1247 277 1369 318 eritis.
1422 276 1517 319 Item
1539 279 1650 320 illud:

125 343 359 389 Nesce'ebant,
391 343 504 381 donee
526 356 548 380 a
568 346 722 381 mor-tais
742 352 968 394 resurgeret.
1027 342 1094 384 Sic
1115 352 1151 384 et
1173 343 1336 386 Paulus:
1366 348 1537 386 Nondum
1556 351 1649 388 enim

120 412 323 461 poter-ates,
357 412 423 448 sed
442 424 508 448 nec
530 413 650 449 adlmc
664 415 843 463 potestis:
878 418 917 451 ut
939 412 1158 452 ostendere!
1186 414 1480 467 procedentibus
1506 422 1650 471 tempo-

126 476 232 517 ribus
256 477 486 531 perfectiora
507 478 586 518 dari
610 485 836 533 praecep1a3
870 493 966 532 qnae
986 479 1075 519 lieet.
1094 480 1224 519 eadem
1246 481 1323 520 sint
1344 495 1511 537 semper,
1539 484 1651 525 aliam

126 543 371 586 nibilominus
405 546 591 585 rationem
620 546 802 595 induunt,
851 559 921 585 nec
953 547 1086 586 eodem
1122 546 1335 588 iunioribus
1373 563 1447 603 quo
1482 551 1650 592 robustis

125 612 237 652 modo
262 619 536 668 temperantur.
595 611 691 654 Cum
716 612 815 652 enim
840 613 936 666 legis
959 613 1052 653 baec
1074 622 1179 654 esset
1200 616 1384 656 formula:
1415 620 1650 671 Oculumpro

124 682 244 728 oculo,
273 695 347 720 non
371 681 482 731 dixit,
509 679 644 721 Eruite
669 681 816 721 oculum
839 695 906 735 pro
930 682 1056 732 oculo,
1083 682 1166 732 sed,
1196 680 1238 722 Si
1261 683 1344 736 quis
1366 685 1514 725 oculum
1538 699 1650 726 erue·

122 747 194 797 rit,
228 747 262 788 ei
289 749 421 789 oculus
446 756 618 789 eruetur.
683 746 774 788 ldeo
799 748 958 802 quilibet
983 756 1023 788 ut
1047 748 1199 804 corpori
1227 763 1297 789 suo
1323 751 1544 792 consuleret
1568 767 1647 794 ma-

122 816 253 856 xillam
282 816 500 857 verberanti
525 815 747 871 praebebat,
780 830 854 856 uon
878 816 958 870 ipse
982 817 1228 856 verberabat.
1293 815 1378 869 Qua
1403 819 1552 860 ratione
1576 821 1646 862 iam

123 891 198 923 tum
227 898 270 924 ea
295 884 552 925 servabantur
577 897 673 937 quae
699 883 735 923 in
762 883 965 938 evangelio
991 885 1105 924 modo
1132 891 1205 924 tam
1232 885 1375 940 apertis
1400 886 1528 926 verbis
1557 902 1648 927 eon-

121 959 228 1007 cepta
254 959 366 1002 suut,
401 966 483 991 eum
512 964 557 989 eo
582 957 709 990 tamen
737 950 980 1002 discrimine,
1015 953 1114 1006 quod
1142 953 1192 992 illi
1219 960 1322 993 metu
1347 967 1391 992 ac
1417 954 1646 995 necessitate

121 1020 227 1060 velut
249 1020 515 1060 adolescentes
537 1018 573 1057 in
598 1017 720 1058 officio
747 1019 1061 1070 continerentur,
1106 1020 1139 1060 lii
1166 1027 1296 1075 utpote
1323 1021 1545 1061 confirmata
1573 1022 1645 1062 iam

120 1094 247 1128 aetate
272 1094 407 1143 sponte
434 1100 501 1127 sna
530 1100 575 1126 ac
603 1085 799 1126 voluntate
827 1086 1106 1140 obtemperent.
1169 1088 1326 1128 Atenim
1355 1089 1546 1129 contraria
1573 1090 1644 1131 ista

120 1155 321 1196 videntur:
361 1156 512 1194 Oculum
531 1168 603 1206 pro
630 1156 756 1202 oculo,
793 1162 829 1194 et
853 1155 1140 1196 interfectorem
1168 1157 1327 1196 interfici
1354 1156 1502 1197 iubere.
1567 1156 1644 1199 Sed

119 1223 164 1263 de
189 1223 250 1263 illa
277 1221 443 1278 supremi
471 1221 597 1262 iudicii
622 1222 681 1262 die
707 1222 762 1262 sic
785 1222 1002 1276 loquentem
1031 1221 1227 1264 Christum
1255 1225 1452 1266 videmus:
1498 1228 1637 1274 Veniet,

116 1290 258 1345 inquit,
301 1293 380 1330 eius
402 1293 568 1330 dominus
593 1291 653 1343 (se
679 1291 799 1345 ipsum
826 1298 952 1330 autem
980 1291 1179 1345 intelligit,
1223 1292 1283 1346 qui
1310 1293 1359 1332 sit
1382 1293 1548 1334 omnium
1575 1295 1640 1334 do-

117 1357 277 1410 minns),
304 1366 341 1397 et
359 1372 503 1397 servum
524 1361 640 1411 [psum
661 1362 698 1397 iu
719 1360 812 1397 duas
825 1367 956 1410 parles
976 1361 1136 1408 secubz't3
1169 1368 1205 1399 et
1217 1369 1364 1412 partem
1386 1365 1464 1400 eius
1483 1376 1562 1401 eum
1586 1365 1642 1402 ία-

107 1427 286 1478 fidelibus
303 1434 428 1478 ponet.
492 1425 630 1466 Restat
656 1426 773 1479 igitur
799 1433 838 1466 ut
864 1434 997 1467 contra
1023 1427 1254 1468 salvatorem
1283 1428 1402 1483 ipsum
1431 1430 1640 1471 calumnias

116 1500 223 1544 tuas,
266 1508 312 1534 ac
335 1494 536 1534 maledicta
559 1502 788 1544 convertas,
831 1508 994 1548 eumque
1021 1508 1109 1535 esse
1134 1494 1274 1535 bonum
1301 1495 1504 1547 inficiet-is,
1547 1504 1640 1538 tain-

114 1562 184 1601 etsi
212 1561 334 1602 bonus
358 1575 443 1602 eum
468 1569 576 1617 pater
596 1562 796 1616 genuerit,
840 1562 1038 1616 bonusque
1065 1562 1115 1602 sit
1138 1577 1181 1602 ac
1205 1564 1353 1614 iustus,
1397 1579 1467 1604 nec
1490 1579 1509 1605 a
1532 1572 1639 1620 patre

114 1629 304 1671 diversus.
368 1627 562 1683 Quocirca
586 1637 623 1670 tu
648 1631 708 1684 qui
732 1630 856 1684 legum
880 1631 988 1671 nobis
1012 1631 1174 1685 partitor
1192 1645 1235 1670 ae
1258 1639 1456 1685 geometra
1481 1641 1638 1688 repente

113 1698 302 1754 prodiisti,
332 1712 376 1738 ac
396 1698 581 1738 trifariam
605 1699 786 1739 universa
807 1699 959 1749 dividis,
989 1706 1098 1754 potes
1116 1699 1218 1739 illum
1243 1713 1262 1739 a
1285 1700 1401 1754 patris
1419 1700 1637 1742 abalienare

114 1773 263 1807 natura.
326 1764 438 1820 Quod
462 1774 589 1807 antem
613 1766 794 1807 nonnulla
819 1766 952 1807 definis
974 1766 1010 1806 in
1035 1767 1119 1821 lege
1141 1781 1228 1808 esse
1251 1768 1496 1808 adumbrandi
1519 1768 1637 1823 signi-

113 1835 324 1889 ficandique
349 1849 484 1875 caussa
508 1834 673 1889 scripta,
722 1834 894 1874 veritatis
923 1835 1094 1875 nonnihil
1125 1835 1307 1888 attigisti,
1355 1843 1396 1876 ut
1426 1836 1556 1891 paucis
1590 1836 1636 1877 iis

111 1903 277 1957 aspersis
301 1903 400 1943 viam
424 1902 489 1942 tibi
518 1902 555 1942 in
582 1902 722 1942 ceteris
749 1903 793 1942 ad
818 1902 1005 1942 fallaciam
1031 1903 1276 1957 fraudemque
1303 1904 1488 1945 munires.
1549 1903 1636 1946 Nec

112 1970 211 2011 enim
238 1970 469 2010 diffitendum
497 1977 555 2010 est
580 1971 667 2024 quin
690 1973 779 2010 haec
805 1973 881 2009 z‘llz's
903 1972 1092 2022 infigura
1113 1975 1358 2023 conlegerint,
1399 1975 1539 2024 scripta
1561 1976 1637 2013 se'nl

110 2046 229 2078 aulem
254 2041 305 2078 ud
327 2041 592 2090 correptionem
617 2047 802 2086 nostram,
848 2042 885 2078 in
916 2054 1006 2091 quos
1023 2041 1128 2091 fines
1159 2042 1366 2079 seculorum
1393 2042 1628 2089 devenerunt,

110 2107 338 2147 aitsanctus
361 2106 579 2161 apostoluS,
623 2120 706 2146 cum
733 2108 779 2146 de
804 2107 1098 2147 circumcisione
1122 2121 1166 2147 ac
1191 2107 1374 2158 sabbato,
1417 2109 1634 2163 ceterisque

109 2175 289 2229 disputat.
351 2174 481 2228 Atque
506 2173 648 2214 utinam
675 2176 877 2214 veritatem
900 2174 937 2214 in
961 2175 1138 2215 omnibus
1161 2175 1374 2226 retineres,
1408 2189 1531 2230 neque
1557 2183 1633 2216 tcr-

108 2243 200 2282 tium
225 2241 355 2283 nescio
379 2255 490 2296 quem
515 2242 624 2281 deum
649 2255 692 2281 ae
715 2242 901 2293 medium,
944 2242 1007 2296 qni
1030 2243 1155 2283 nullus
1179 2250 1260 2293 est,
1304 2244 1437 2294 nobis,
1481 2244 1543 2284 vel
1565 2243 1629 2284 tibi

108 2310 233 2366 potius
264 2324 308 2350 ac
341 2310 416 2350 tuis
442 2309 690 2349 obtruderes!

219 2375 295 2418 Sed
328 2377 623 2432 impurissimam
652 2377 752 2417 illam
783 2384 883 2418 tuam
918 2392 1052 2419 vocem
1085 2379 1179 2419 satis
1209 2379 1246 2418 in
1279 2379 1495 2433 praesentia
1527 2394 1629 2420 coin-

107 2459 278 2501 pressam
305 2445 493 2495 arbitror,
536 2445 861 2499 impudentissime
891 2447 1051 2487 nebulo!
1116 2445 1237 2488 Cuius
1262 2447 1437 2488 convicta
1467 2448 1628 2490 falsitate

107 2520 309 2567 antequam
333 2514 501 2568 reliquas
524 2513 567 2553 ad
595 2513 776 2554 haereses
800 2515 1111 2568 progrediamur,
1146 2515 1309 2555 divinam
1335 2530 1403 2570 pro
1427 2529 1473 2555 eo
1496 2530 1539 2556 ae
1565 2531 1628 2557 so·

106 2581 229 2622 lenius
258 2595 367 2636 opem
400 2580 708 2636 implorabimuS,
755 2588 795 2621 ut
825 2582 870 2622 ad
903 2583 986 2623 illas
1014 2583 1237 2636 iugulandas
1268 2583 1441 2624 tenuitati
1470 2592 1625 2625 nostrae

106 2648 210 2689 vires
231 2649 460 2703 suppeditet.
524 2646 627 2689 Satis
653 2648 752 2688 enim
776 2662 827 2689 ex
850 2649 896 2689 iis
922 2664 1019 2704 quae
1044 2650 1209 2691 diximus
1233 2650 1468 2692 intellectum
1492 2652 1628 2707 opinor

106 2713 393 2768 Ptolemaeum,
438 2716 573 2757 marini
603 2715 708 2756 canis
733 2716 876 2767 instar,
919 2718 981 2772 qui
1013 2732 1033 2758 e
1065 2719 1200 2773 pelago
1227 2719 1429 2773 prosiliens
1455 2720 1624 2775 viperam

107 2804 178 2837 rino
203 2805 373 2845 convenit,
409 2806 467 2838 sed
495 2806 591 2838 etiarn
621 2805 690 2837 aliis
719 2806 837 2838 multis.
886 2819 997 2840 canem
1017 2808 1173 2840 marinum
1194 2808 1320 2850 viperas
1337 2808 1438 2841 sibilis
1458 2809 1521 2841 suis
1541 2822 1624 2843 evo-

108 2850 214 2889 Quare
236 2858 269 2882 et
289 2863 461 2883 muraenae
484 2851 638 2883 dentatae
659 2850 757 2882 tribui
777 2863 841 2894 po—
887 2865 960 2885 care
980 2853 1102 2886 scribit.
1149 2853 1227 2892 Quis
1248 2865 1386 2897 unquam
1408 2867 1502 2886 canes
1523 2856 1624 2888 mari-

106 2900 190 2930 test.
215 2906 294 2938 quae
319 2903 352 2928 et
375 2896 444 2939 ipsa
468 2894 715 2940 καρχαρόδους,
745 2903 779 2927 nt
803 2908 840 2928 ex
886 2910 945 2929 nos
966 2898 1095 2930 sibilare
1115 2897 1222 2929 dixit?
1267 2899 1316 2930 Ne
1338 2898 1371 2930 id
1394 2900 1521 2941 quidem
1543 2901 1623 2934 dicit

108 2938 282 2972 Aristotele
304 2948 441 2973 constat.
487 2942 563 2973 Non
588 2941 719 2972 dubium
744 2940 842 2984 igitur
887 2943 1096 2985 Epiphanius,
1117 2944 1170 2986 qui
1189 2942 1374 2985 συρίγματα
1392 2945 1445 2976 illa
1465 2957 1527 2977 non
1550 2947 1622 2978 cani

109 2983 183 3024 quin
209 2985 390 3029 καρχαρίας
416 2986 479 3018 hoc
509 2986 582 3017 Ioco
606 2997 757 3017 muraena
786 2986 839 3018 sit.
886 2988 1011 3019 marino
1032 2989 1162 3023 tribuit.
1190 2995 1222 3018 ut
1246 2988 1323 3020 facit
1346 2990 1492 3022 Petavius
1513 2991 1542 3022 in
1564 3003 1619 3024 sna

106 3028 225 3062 Verum
241 3037 274 3062 et
291 3030 371 3062 illud
384 3043 538 3075 perquam
553 3031 737 3071 absurdum,
753 3032 841 3074 quod
887 3033 1045 3074 versione,
1066 3033 1124 3066 sed
1146 3033 1331 3066 Ptolemaeo
1351 3034 1422 3078 ipsi.
1463 3036 1619 3069 Muraena

1665 363 1763 391 Ioann.
1774 365 1799 395 2,
1812 364 1852 392 22.

1673 409 1693 437 1.
1706 409 1775 436 Cor.
1786 410 1813 444 3,
1829 409 1853 437 2.

1664 1238 1771 1266 matth.

1659 1272 1703 1309 24,
1720 1274 1761 1301 50.

1655 1987 1678 2013 1.
1702 1987 1770 2015 Cor.

1663 2022 1704 2056 10,
1721 2023 1761 2050 lt.

1654 2386 1731 2431 Cap.
1757 2388 1830 2420 XII.
