2034 3267
528 193 707 225 PANARII
733 194 858 226 LIB.1.
883 195 988 226 ΤοΜ.
1007 196 1048 227 11.
1073 196 1202 228 HAER.
1226 198 1342 228 xxx.
1619 191 1697 230 259

169 271 217 310 im
250 268 440 325 Iosephus
471 271 687 312 inveterata
719 272 928 326 pertinacia
956 273 1203 315 obduruerat.
1266 273 1343 316 Sed
1371 276 1694 318 clementissimus

166 338 342 377 dominus
359 370 368 388 ‚
414 339 476 392 qui
502 353 589 379 sese
614 340 858 392 diligentibus
882 341 1079 394 praeclara
1105 343 1289 395 quaedam
1313 343 1427 383 offert
1452 357 1693 398 consequen-

165 405 236 444 dae
263 405 398 445 salutis
425 406 614 459 praesidia
630 439 640 456 ‚
674 408 805 446 eadem
831 406 906 446 illis
929 407 1097 461 impertit
1121 424 1216 462 quos
1241 417 1423 451 aeternae
1446 411 1549 451 vitae
1574 413 1693 453 felici-

165 478 245 511 tate
279 472 430 525 dignari
461 474 672 513 constituit.

280 538 359 579 Per
378 540 476 579 idem
496 548 643 594 tempus
666 554 748 580 cum
770 539 843 579 iam
866 541 1081 593 patriarcha
1105 540 1218 582 ludas
1239 543 1311 595 (ita
1331 544 1429 585 enim
1454 547 1552 586 forte
1573 561 1690 588 voca·
1715 549 1866 592 Cap.X1.

163 605 295 659 batur)
319 609 363 647 ad
391 608 586 648 robustam
608 614 769 647 aetatem
790 607 1048 659 pervenisset,
1082 606 1286 663 losephum
1311 612 1470 664 praemii
1493 613 1577 654 loco
1599 629 1691 669 apo-

162 674 321 714 stolatus
345 675 561 728 (dignitatis
586 675 622 713 id
646 686 784 713 nomen
807 676 882 725 est)
902 675 1047 715 honore
1067 689 1111 715 ac
1132 678 1342 718 commodis
1364 687 1545 720 exornat.
1593 680 1688 723 lnde

161 755 245 780 cum
268 742 389 782 literis
415 743 450 782 in
474 739 649 782 Ciliciam
674 740 942 793 proficiscitur.
1006 740 1094 794 Quo
1121 757 1204 783 cum
1227 745 1481 796 accessisset,
1516 762 1687 802 unoquo-

161 822 232 861 que
256 823 307 848 ex
327 809 463 863 oppido
485 809 664 848 decumas
683 822 726 846 ac
748 806 936 861 primitias
958 822 978 847 a
1000 809 1298 862 provincialibus
1319 810 1471 852 Iudaeis
1488 815 1682 868 exigebat.

158 875 219 915 Ac
245 883 320 915 tum
347 890 438 916 casu
462 875 621 927 contigit
645 880 684 913 ut
708 874 840 913 nescio
867 889 937 927 qua
964 875 1000 915 in
1023 876 1116 916 urbe
1142 877 1180 916 in
1204 877 1330 918 vicina
1355 879 1545 920 ecclesiae
1572 883 1682 924 domo

160 943 438 983 diversaretur.
499 940 654 980 Exinde
680 948 879 981 contracta
909 956 993 982 cum
1020 943 1199 998 episcopo
1226 945 1482 986 familiaritate
1514 947 1608 988 clam
1637 951 1682 990 ab

158 1023 205 1049 eo
229 1010 516 1063 evangeliorum
538 1008 673 1047 librum
696 1009 876 1062 postulat,
911 1023 955 1049 ac
977 1010 1083 1064 legit.
1143 1010 1196 1051 Et
1216 1012 1393 1065 qnoniam
1416 1028 1483 1069 pro
1503 1027 1549 1055 ea
1571 1031 1682 1069 quam

157 1077 318 1130 gerebat
343 1075 503 1130 apostoli
530 1075 727 1115 functione
753 1077 826 1127 (ita
849 1076 948 1116 enim
973 1084 1014 1117 ut
1039 1078 1205 1119 diximus
1229 1094 1274 1120 ea
1295 1079 1459 1133 dignitas
1482 1087 1679 1136 vocatur),

157 1158 337 1184 summam
367 1156 458 1197 prae
484 1157 526 1183 se
552 1143 784 1196 gravitatem
812 1151 926 1197 atque
951 1144 988 1184 in
1016 1146 1282 1187 constituenda
1309 1148 1508 1202 disciplina
1534 1152 1682 1191 severi-

154 1217 268 1251 tatem
295 1210 462 1260 serebat‚
492 1210 551 1250 cui
575 1211 630 1250 rei
652 1212 905 1265 praestandae
930 1213 1055 1253 fuerat
1077 1213 1238 1263 electus,
1273 1229 1317 1255 ac
1339 1215 1542 1270 plerosque
1563 1231 1680 1272 syna-

152 1278 260 1332 gogis
286 1279 502 1331 praefectos
529 1284 568 1317 et
592 1279 813 1318 sacerdotes
845 1293 889 1319 ac
914 1281 1164 1334 presbyteros
1196 1289 1232 1321 et
1262 1283 1458 1333 azanitas,
1501 1298 1574 1337 quo
1609 1300 1678 1325 no-

151 1345 251 1384 mine
274 1345 459 1384 diaconos
482 1351 548 1385 aut
572 1345 769 1385 ministros
793 1347 999 1400 appellant,
1033 1348 1206 1388 homines
1225 1350 1420 1403 improbos
1442 1350 1480 1389 in
1504 1353 1676 1393 ordinem

148 1411 351 1465 redegerat
374 1426 419 1451 ac
448 1412 632 1465 dignitate
660 1413 852 1466 privarat,
887 1415 1090 1455 multorum
1117 1415 1154 1454 in
1179 1430 1221 1455 se
1245 1417 1437 1456 convertit
1461 1418 1570 1469 odia3
1612 1421 1676 1473 qui

147 1486 189 1519 ut.
209 1493 293 1519 eum
318 1480 613 1529 ulciscerentur,
647 1479 837 1519 curiosius
860 1482 1082 1535 explorare⁷
1117 1489 1153 1522 et
1176 1497 1271 1536 quae
1293 1484 1339 1523 ab
1360 1483 1426 1524 illo
1444 1495 1676 1538 gererentur

146 1545 341 1600 inquirere
373 1561 616 1601 summopere
647 1547 864 1600 cupiebant.
927 1546 988 1589 Ob
1020 1563 1086 1589 eas
1116 1549 1233 1603 igitur
1265 1564 1422 1591 caussas
1452 1553 1673 1596 acutissime

147 1614 296 1653 tandem
322 1614 471 1654 odorati
496 1627 546 1653 ex
569 1614 778 1667 improviso
802 1614 982 1669 impetum
1006 1616 1044 1655 in
1065 1617 1180 1656 aedes
1204 1617 1363 1667 faciunt,
1397 1627 1509 1673 atque
1532 1621 1570 1660 in
1590 1622 1672 1676 ipsa

148 1681 437 1734 evangeliorum
469 1681 635 1721 lectione
666 1679 866 1735 losephum
895 1683 1126 1737 opprimunt.
1188 1683 1261 1724 Hic
1293 1685 1389 1725 libro
1421 1687 1466 1726 de
1495 1688 1670 1730 manibus

147 1756 279 1802 erepto
303 1748 494 1788 hominem
518 1749 751 1802 corripiunt,
796 1757 833 1789 et
856 1750 899 1790 ad
926 1757 1066 1790 terram
1091 1740 1238 1790 allisum
1267 1753 1548 1805 vociferantes,
1591 1771 1671 1797 ma-

147 1815 338 1869 ximisque
371 1815 615 1856 contumeliis
647 1823 837 1856 vexantes
868 1817 904 1856 iu
940 1831 1175 1871 synagogam
1209 1818 1426 1871 abducunt,
1471 1822 1669 1877 virgisque

142 1884 319 1922 caedunt.
366 1881 537 1923 Primum
558 1883 628 1922 hoc
651 1883 697 1922 ab
717 1883 781 1923 illo
803 1884 1008 1937 legitimum
1031 1892 1224 1925 certamen
1246 1901 1313 1940 pro
1336 1887 1408 1927 fide
1429 1897 1665 1944 susceptum.

141 1949 203 1989 Ad
223 1950 318 1990 haec
343 1951 511 1990 accurrit
533 1949 637 1990 urbis
659 1950 878 2004 episcopus,
912 1965 1073 2005 eumque
1093 1966 1144 1992 ex
1164 1953 1314 1994 illorum
1334 1955 1510 1996 manibus
1534 1957 1664 2011 eripit.

141 2016 252 2057 Alias
278 2017 415 2057 deinde
441 2032 526 2057 cum
553 2018 626 2057 iter
649 2024 824 2070 agentem
851 2018 1123 2068 offendissent,
1157 2020 1212 2060 sic
1237 2021 1337 2060 enim
1361 2023 1442 2076 ipse
1467 2025 1663 2076 narrabat,

141 2083 178 2123 in
203 2081 382 2139 Cydnum
413 2085 617 2133 abiiciunt,
666 2091 777 2137 atque
806 2084 911 2124 illum
932 2085 1074 2140 impetu
1100 2088 1264 2128 fluminis
1291 2089 1486 2144 abreptum
1518 2105 1562 2132 ac
1593 2093 1663 2133 sub

139 2165 258 2205 aquas
283 2153 498 2192 demersum
522 2152 681 2205 periisse
706 2151 777 2191 rati
803 2165 1034 2206 magnopere
1057 2155 1180 2208 gavisi
1206 2163 1310 2196 sunt.
1372 2156 1450 2197 Sed
1475 2158 1508 2198 is
1528 2172 1663 2200 serva-

142 2226 202 2259 tus
230 2227 363 2274 postea
394 2219 552 2259 coelesti
583 2219 775 2258 lavatione
798 2218 972 2272 dignatus
998 2228 1072 2261 est.
1134 2221 1235 2262 Hinc
1260 2224 1306 2263 ad
1330 2224 1551 2265 comitatum
1574 2241 1661 2281 pro-

138 2287 260 2327 fectus
286 2288 330 2327 ad
360 2284 605 2327 Constantini
628 2286 868 2338 imperatoris
889 2287 1091 2328 amicitiam
1115 2289 1312 2343 pervenit,
1346 2291 1457 2344 eique
1483 2292 1660 2347 quicquid

136 2353 207 2393 sibi
231 2354 424 2394 acciderat
450 2353 651 2407 exposuit,
694 2351 903 2407 principem
930 2368 972 2394 se
998 2353 1162 2397 ludaeos
1188 2357 1290 2397 inter
1311 2357 1507 2411 dignitatis
1533 2360 1658 2401 locum

135 2419 337 2471 habuisse,
371 2422 438 2461 sed
461 2422 543 2461 visa
565 2419 638 2460 sibi
661 2421 871 2474 frequentia
897 2421 1079 2463 divinitus
1101 2423 1241 2474 oblata,
1275 2424 1463 2465 invitante
1484 2426 1654 2479 domino,

134 2495 176 2528 ut
203 2489 249 2528 ad
274 2489 359 2528 fidei
384 2487 690 2542 cognitionisque
717 2501 806 2527 suae
832 2489 1111 2530 sanctissimam
1142 2500 1284 2531 sortem
1311 2507 1355 2531 ac
1378 2493 1538 2533 salutem
1565 2509 1653 2535 sese

136 2556 379 2596 transferret.
440 2556 494 2595 At
525 2553 688 2608 optimus
714 2553 944 2609 imperator,
988 2555 1210 2612 Christique
1241 2573 1379 2599 revera
1410 2573 1571 2611 servus,
1614 2570 1653 2603 et

134 2621 262 2662 divino
293 2623 452 2677 quodam
484 2622 586 2662 inter
619 2621 809 2676 principes
843 2624 980 2664 ardore
1010 2633 1096 2679 post
1121 2623 1332 2676 Davidem,
1377 2625 1587 2668 Ezechiam
1613 2637 1652 2670 et

132 2686 271 2729 Iosiam
297 2697 501 2740 aestuans,
534 2688 605 2729 hoc
628 2688 681 2728 illi
703 2689 895 2742 dignitatis
918 2693 1126 2745 praemium
1141 2725 1151 2743 ,
1184 2693 1282 2747 quod
1304 2694 1416 2747 paulo
1437 2701 1526 2735 ante
1546 2704 1651 2737 retu-

175 2832 207 2866 3.
235 2836 420 2867 Carnarius.-
447 2841 480 2866 et
501 2846 560 2877 per
581 2834 686 2876 legem
709 2834 774 2866 hoc
797 2846 870 2868 cer—
959 2837 990 2869 5.
1011 2835 1246 2880 οἷφαρπαγέντα
1260 2840 1433 2872 cod.Vatic.
1462 2837 1649 2884 ἁρπαγέντα

134 2882 241 2910 tamen
262 2879 402 2921 primum
425 2879 488 2922 ipsi
514 2879 659 2921 contigit.
915 2883 989 2913 editi
1009 2885 1078 2914 libri
1099 2887 1126 2914 et
1149 2885 1214 2914 cod.
1232 2885 1360 2923 Rhediq.

175 2919 206 2954 4.
231 2922 278 2961 εἰς
305 2926 372 2956 cod.
401 2927 498 2956 Vatic.
529 2928 556 2956 et
587 2926 657 2955 inde
691 2926 738 2956 ed.
761 2927 870 2958 Petav.
958 2926 990 2960 6.
1014 2926 1222 2969 ἐπεφαίνοντο
1245 2930 1310 2960 cod.
1333 2930 1428 2962 Vatic.

131 2966 236 3008 χαμαὶ
259 2967 307 3005 εἰς
329 2971 397 3001 cod.
418 2970 548 3008 Rhedig.
572 2972 599 3000 et
621 2970 691 3001 edit.
714 2971 814 3009 princ.

1275 3030 1364 3070 17*
