2034 3267
510 187 686 219 PANARu
711 187 835 220 LIB.1.
858 187 1038 219 ToM.111.
1062 185 1191 217 HAER.
1211 185 1319 216 XLu.
1596 174 1675 214 637

160 270 206 305 tis
236 269 408 304 viventem
439 280 518 304 oum
550 271 733 306 mortuis?
789 269 980 306 Surrexit.
1042 267 1300 305 Recordamz'm‘
1321 277 1413 315 quae
1437 265 1580 301 loeutus
1603 270 1671 309 est,

159 348 239 372 eum
269 335 388 372 adhuc
417 342 532 373 esset.-
569 337 744 384 Quoniam
775 342 917 387 oportet
934 335 1063 385 filium
1093 335 1248 371 hominis
1271 334 1357 383 pati
1383 339 1418 370 et
1448 333 1559 369 tradi.

269 468 402 509 Refut.
427 467 623 510 LXXVI.
671 468 803 510 Fidem
836 469 902 509 tibi
937 469 1064 508 facere
1096 481 1143 507 ne
1171 467 1294 521 angeli
1323 466 1472 520 quidem
1498 465 1560 506 isti
1587 479 1674 520 pos-

158 543 261 587 sunt,
296 551 317 576 o
337 535 502 588 Marcio,
531 538 616 577 dum
637 538 759 592 ipsum
783 536 907 577 triduo
926 536 1028 575 inter
1049 541 1433 584 mortuosrersatun]
1457 547 1543 574 esse
1566 547 1675 588 prae-

158 604 306 655 dicant,
340 605 575 659 eundemque
598 612 730 659 postea
753 604 988 654 redivivum,
1023 617 1094 643 neo
1116 603 1273 657 amplius
1295 608 1500 652 mortuum,
1534 602 1596 655 qui
1621 602 1674 642 di-

156 671 315 713 vinitate
343 673 491 726 quidem
516 672 597 727 ipsa
620 679 803 727 perpetuo
827 672 956 722 vivat,
992 685 1116 724 neque
1143 677 1302 710 mortem
1329 670 1379 710 sit
1400 676 1583 724 expertus
1607 670 1675 710 ali-

157 741 329 794 quando,
374 754 489 781 earne
516 755 609 781 vero
634 740 757 781 triduo
785 746 957 779 mortuus
983 738 1166 788 iacuerit,
1208 751 1252 777 ac
1279 738 1403 777 denuo
1429 737 1562 778 vivere
1587 752 1675 778 eoe-

156 808 268 862 perit.
332 806 398 850 Sic
418 809 518 849 enim
540 808 720 849 mulieres
741 808 1005 861 alloquuntur:
1039 809 1238 854 Surreoez‘t5
1271 821 1343 844 non
1363 814 1420 844 est
1437 808 1510 844 hio.
1574 804 1674 859 Quid

157 882 282 916 autem
305 876 405 916 aliud
426 876 607 931 surgendi
629 890 724 925 vox,
754 875 828 915 nisi
848 889 934 915 eum
957 874 1158 914 dormiisse
1181 873 1396 925 significat?
1455 871 1566 926 Quod
1593 873 1674 927 qui-

158 944 242 983 dem
267 944 506 985 manifestius
533 950 665 998 postea
691 943 906 983 declarant:
948 945 1207 982 Recordamz‘m'
1229 940 1328 980 enim
1355 940 1550 994 inquiunt,
1584 956 1674 993 quo-

156 1015 253 1050 niam
277 1027 357 1051 eum
379 1014 500 1051 adhuc
524 1015 660 1051 viveret
683 1013 771 1050 tulz'a
792 1013 935 1050 loeutus
954 1019 1012 1050 est
1028 1011 1150 1049 vobis:
1186 1012 1279 1059 Quia
1300 1016 1444 1060 oportet
1457 1010 1673 1061 pulc'file'um

156 1081 323 1119 hominis.

268 1146 399 1189 Schol.
423 1145 639 1187 LXXVII.
688 1146 790 1201 Quin
814 1161 859 1188 ea
881 1146 1035 1187 sustulit
1057 1160 1151 1200 quae
1176 1143 1394 1199 Cleophae‚
1429 1144 1586 1198 eiusque
1607 1158 1670 1184 so·
1689 1158 1815 1193 1.uc.24‚
1835 1161 1875 1187 25.

156 1216 215 1256 cio
242 1215 341 1256 diota
368 1221 476 1266 sunt,
521 1230 604 1255 cum
629 1215 704 1256 illis
731 1215 920 1256 occurrit:
966 1218 994 1254 Ο
1015 1216 1127 1253 stulti
1145 1222 1181 1253 et
1203 1216 1305 1252 tardi
1325 1215 1434 1252 corde
1455 1215 1504 1251 ud
1524 1215 1674 1251 ereden-

155 1287 238 1323 dum
272 1287 308 1323 in
341 1285 527 1331 omnibus,
575 1298 668 1336 quae
695 1286 812 1322 locuti
836 1291 926 1322 suut
951 1285 1177 1334 prophetae!
1234 1284 1366 1320 Nonne
1393 1282 1483 1319 lutee
1513 1284 1675 1332 oportuit

150 1355 260 1403 pati?
316 1350 376 1391 Ac
407 1366 474 1406 pro
506 1351 585 1403 his,
628 1355 664 1390 in
690 1353 854 1391 omnibus
878 1365 969 1403 quae
993 1353 1110 1390 locuti
1130 1358 1217 1389 sunt
1233 1351 1455 1401 prophetae,
1501 1348 1669 1402 scripsit,

155 1422 192 1458 in
222 1420 406 1467 omnibus,
449 1435 541 1472 quae
564 1422 707 1459 loeutus
736 1435 815 1458 sum
839 1420 949 1458 vobis.
1013 1416 1090 1459 Sed
1116 1431 1167 1458 ex
1192 1430 1237 1457 eo
1262 1416 1530 1470 redarguitur,
1573 1416 1671 1470 quod
1692 1429 1763 1457 lbid.
1785 1432 1826 1457 31.

155 1501 240 1527 cum
264 1502 395 1539 panem
421 1489 561 1539 fregit,
592 1491 716 1539 aperti
740 1495 831 1526 sunt
856 1489 974 1535 oculi,
1007 1494 1045 1525 et
1071 1492 1325 1537 cognoverunt
1351 1486 1467 1523 illum.

265 1554 400 1595 Refut.
429 1553 641 1595 LXXVII.
687 1554 797 1597 Unde
821 1555 884 1595 illa
911 1554 1018 1610 panis
1043 1554 1205 1594 fractio?
1244 1553 1302 1593 dio
1330 1552 1469 1602 sodes,
1503 1549 1670 1592 Marcio.

155 1621 261 1664 Num
282 1622 328 1662 ab
350 1623 454 1663 inani
476 1623 600 1677 aliqua
624 1624 768 1674 forma,
803 1637 849 1662 an
873 1637 893 1662 a
915 1635 1076 1677 corpore
1098 1622 1198 1661 mole
1222 1620 1349 1674 aliqua
1373 1626 1595 1669 constante,
1630 1632 1672 1658 ac

158 1704 295 1731 revera
318 1690 418 1730 istud
442 1698 580 1744 agente
607 1692 779 1745 profecta
806 1692 890 1731 est?
949 1687 1045 1731 Cum
1074 1689 1175 1730 enim
1198 1695 1421 1741 resurgeret
1451 1701 1471 1727 a
1496 1687 1672 1736 mortuis,

155 1772 238 1798 cum
270 1758 403 1799 eodem
436 1757 499 1798 illo
527 1759 772 1799 sanctissimo
798 1772 958 1813 corpore
985 1758 1111 1813 reipsa
1140 1755 1327 1798 surrexit.
1392 1754 1456 1795 Tu
1486 1769 1579 1796 vero
1606 1768 1674 1809 pro

155 1826 214 1866 his
245 1825 394 1867 verbis:
437 1828 568 1866 Nonne
597 1829 686 1866 llaec
715 1835 802 1866 sunt
830 1842 922 1879 quae
948 1828 1064 1866 locuti
1083 1833 1172 1865 sunt
1187 1827 1420 1877 prophetae?
1459 1822 1673 1863 rescribere

156 1908 272 1934 ausus
298 1907 361 1934 es:
398 1896 528 1934 Nonne
552 1897 642 1934 haee
666 1903 755 1934 sunt
775 1909 868 1947 quae
891 1897 1034 1934 loeutus
1055 1909 1133 1933 sum
1157 1894 1285 1932 vobis?
1342 1891 1461 1945 Atqui
1483 1890 1515 1931 si
1537 1890 1608 1931 boe
1631 1890 1675 1930 il-

155 1962 201 2003 lis
230 1962 411 2002 dixisset:
456 1966 618 2001 Locutus
646 1978 725 2002 sum
753 1964 872 2010 vobis,
918 1962 973 2003 ex(
998 1961 1045 2002 iis
1076 1962 1204 2015 ulique
1229 1959 1358 2000 verbis
1383 1958 1505 2013 ipsum
1532 1972 1674 2012 cogno-

155 2043 266 2071 scere
292 2029 518 2070 debuerant.
581 2028 662 2071 Cur
684 2030 800 2084 igitur
819 2030 856 2070 in
879 2030 1089 2084 frangendo
1111 2042 1208 2083 pane
1227 2027 1403 2077 subiicit,
1435 2029 1675 2078 Apertisant

157 2100 304 2137 illorum
329 2100 448 2145 oculi,
482 2106 518 2136 et
541 2106 790 2150 coguoverunt
811 2113 913 2138 eum.-
947 2106 982 2137 et
1002 2101 1175 2137 evanuit?
1233 2094 1288 2136 lta
1311 2095 1447 2149 quippe
1471 2095 1581 2134 deum
1608 2094 1672 2133 de-

156 2165 282 2217 cebat,
316 2165 378 2219 qui
402 2179 540 2220 corpus
562 2180 671 2206 suum
695 2165 732 2205 in
756 2165 925 2220 spiritale
948 2166 1219 2215 convertisset,
1252 2177 1385 2204 verum
1410 2162 1558 2216 quidem
1582 2161 1670 2201 illud

157 2233 384 2282 ostendere,
429 2233 495 2273 sed
526 2234 675 2287 quoties
698 2241 824 2274 tamen
850 2234 1022 2275 libuisset
1046 2232 1259 2274 mortalium
1284 2230 1404 2271 oeulis
1429 2229 1668 2278 subtrahere,

157 2302 306 2356 quando
336 2301 427 2341 nihil
461 2308 521 2341 est
552 2301 649 2355 quod
680 2301 779 2342 illius
811 2308 1035 2356 potestatem
1067 2301 1237 2355 effugiat.
1297 2297 1399 2339 Nam
1430 2304 1467 2337 et
1494 2296 1871 2349 Elisaeus4.1ieg,⁶‚1g,

157 2369 340 2424 propheta
366 2383 448 2409 cum
475 2375 600 2418 esset,
647 2376 686 2408 et
707 2383 729 2409 a
753 2370 823 2409 deo
848 2369 1034 2410 beneficio
1061 2367 1245 2409 eiusmodi
1271 2373 1376 2407 esset
1399 2365 1582 2415 affectus,
1624 2364 1670 2404 ab

157 2438 290 2478 eodem
313 2437 517 2491 postulavit
541 2443 579 2477 nt
601 2436 662 2490 qui
683 2450 724 2476 se
751 2444 981 2491 quaererent
1005 2436 1109 2477 caeci
1131 2442 1288 2490 repente
1310 2435 1466 2484 fierent;
1501 2433 1598 2486 quod
1619 2432 1671 2472 ita

158 2511 305 2559 gestum
327 2511 384 2545 est
404 2512 443 2545 ut
463 2518 548 2544 eum
568 2504 619 2544 illi
641 2504 850 2545 cuiusmodi
873 2512 956 2545 erat
975 2505 1106 2545 videre
1127 2517 1201 2543 non
1221 2508 1392 2557 possent.
1435 2500 1537 2554 Quin
1557 2500 1670 2541 etiam

160 2571 339 2614 Sodomis
360 2572 484 2626 angeli
508 2570 599 2611 Loti
623 2571 761 2612 ostium
784 2572 996 2613 subducere
1023 2571 1143 2612 oculis
1170 2576 1393 2625 potuerunt,
1433 2569 1527 2608 adeo
1552 2575 1592 2607 ut
1614 2569 1671 2607 in-

158 2641 256 2680 tueri
276 2640 364 2680 illud
384 2638 605 2681 Sodomitae
625 2639 880 2693 nequiverint.
945 2639 1167 2681 Utrumnam
1189 2636 1305 2691 igitur
1328 2635 1418 2676 Loti
1437 2636 1550 2675 ianua
1571 2649 1671 2675 vana
1690 2653 1763 2681 Gen,
1776 2654 1817 2688 19,
1832 2655 1871 2681 u.

161 2709 343 2762 quaedam
366 2708 513 2761 species
535 2707 617 2757 fuit,
646 2721 668 2746 o
687 2705 864 2747 Marcio?
905 2706 995 2748 Non
1018 2707 1130 2747 video
1150 2705 1236 2759 quid
1257 2710 1391 2744 contra
1410 2703 1503 2743 haec
1522 2702 1670 2743 hiscere

160 2775 300 2828 possis.
361 2773 556 2829 Siquidem
579 2787 713 2829 panem
739 2774 940 2816 manifeste
968 2775 1096 2829 fregit,
1130 2779 1169 2814 et
1192 2772 1229 2812 in
1255 2771 1458 2826 discipulos
1481 2783 1571 2811 suos
1595 2769 1670 2810 dis-

160 2842 305 2884 tribuit.
