2034 3267
472 208 649 241 PANARII
673 208 754 240 LlB.
776 210 801 241 1.
826 210 933 242 ΤΟΜ.
952 211 1007 242 111.
1032 210 1161 243 HAER.
1182 212 1301 245 XLVI.
1567 208 1640 246 711

120 286 357 338 maritanus,
400 302 484 329 cum
515 289 553 328 in
582 285 776 329 Christum
804 289 1052 339 credidisset,
1095 291 1210 331 multa
1242 291 1425 333 virtutum
1454 294 1646 334 exercita-

121 354 226 395 tione
249 355 473 409 perpolitus,
507 355 658 410 vitaque
680 357 724 396 ad
748 370 898 396 omnem
923 357 1160 398 honestatem
1181 358 1370 411 instituta,
1406 361 1555 401 tandem
1579 376 1645 416 pro

122 420 279 464 Christo
303 424 487 479 martyrio
511 424 732 479 perfunctus
754 424 1070 478 perfectissimam
1097 441 1278 467 coronam
1301 428 1460 482 adeptus
1484 436 1545 469 est
1564 428 1644 470 Ro-

120 504 222 540 mae,
255 491 324 530 sub
346 490 507 531 Rustico
532 492 742 546 praesecto,
776 492 949 532 Adriano
971 493 1197 547 imperante,
1232 495 1269 534 in
1291 495 1374 549 ipso
1396 496 1490 536 flore
1510 497 1644 537 iuven-

120 558 233 608 tutis,
267 573 368 599 anno
388 559 566 599 videlicet
589 559 726 599 aetatis
752 559 961 599 tricesimo.
1025 559 1124 600 Huic
1146 575 1229 601 cum
1254 576 1295 602 se
1321 563 1512 604 Tatianus
1537 565 1644 605 initio

121 626 349 676 dedidisset,
384 627 560 680 quamdiu
583 641 667 667 cum
689 634 822 666 sancto
846 635 1015 682 martyre
1041 628 1161 680 vixit,
1195 644 1278 669 cum
1306 632 1445 672 ceteris
1468 632 1505 671 in
1530 632 1644 673 rebus

120 693 392 734 honestissime
419 708 460 734 sc
486 695 626 748 gessit,
675 701 750 734 tum
779 695 934 748 egregia
961 696 1030 736 l'uit
1053 711 1097 736 ac
1119 698 1307 737 constanti
1333 698 1404 738 fide
1433 700 1642 753 praeditus.

120 760 197 803 Sed
220 762 284 802 illo
307 769 457 802 mortuo
482 762 637 817 perinde
663 776 707 802 ac
728 762 760 803 si
784 776 921 802 caecus
943 763 987 803 ab
1009 763 1130 804 altero
1155 765 1337 806 deductus
1361 780 1381 805 a
1402 767 1559 808 ductore
1581 768 1646 809 de-

120 831 315 881 stituatur,
342 830 378 870 iu
401 844 584 885 praeceps
603 844 690 871 sese
711 830 953 871 committens
977 846 1067 885 prae
1091 833 1277 873 caecitate
1299 834 1477 875 deorsum
1497 835 1546 875 ita
1570 837 1645 876 fer-

121 905 202 948 tur,
249 905 287 938 ut
314 897 492 938 cohibere
518 898 663 952 lapsum
693 905 881 952 nequeat,
926 899 1048 939 donec
1078 899 1115 939 in
1141 901 1301 941 exitium
1333 911 1441 953 ruat,
1487 903 1538 943 ita
1565 902 1646 944 Ta-

120 966 223 1006 tiano
245 965 418 1019 contigit.
480 964 578 1005 Erat
599 965 682 1015 hic,
716 966 1032 1019 quemadmodum
1056 969 1288 1023 accepimus,
1323 971 1477 1011 natione
1502 970 1643 1026 SyruS.

121 1032 197 1087 Qui
230 1034 390 1089 primum
421 1033 458 1072 in
482 1031 764 1087 Mesopotamia
795 1048 932 1074 novam
965 1042 1109 1075 sectam
1136 1038 1303 1077 condere
1329 1052 1535 1092 aggressus
1568 1047 1641 1089 est,

125 1103 227 1142 circa
263 1116 403 1141 annum
436 1098 535 1141 Xll.
569 1100 755 1141 Antonini
788 1110 1045 1156 cognomento
1074 1102 1150 1143 Pii.
1221 1103 1370 1160 Quippe
1408 1114 1491 1159 post
1523 1108 1645 1147 sancti

119 1168 256 1210 lustiui
279 1168 502 1223 martyrium
523 1168 649 1209 Roma
675 1171 866 1224 profectus
890 1170 926 1210 in
952 1172 1155 1222 orientem,
1190 1180 1229 1212 et
1249 1173 1387 1213 ibidem
1411 1173 1586 1215 habitans
1608 1175 1646 1215 in

120 1237 305 1279 absurdas
339 1236 541 1291 opiniones
574 1237 730 1288 incidit,
775 1252 818 1277 ac
845 1239 977 1279 nescio
1007 1253 1103 1293 quos
1127 1241 1286 1280 Aeonas
1317 1255 1336 1281 e
1362 1240 1645 1283 Valentinianis

119 1306 270 1356 fabulis,
306 1312 344 1345 et
366 1305 550 1360 principia
575 1306 757 1359 quaedam
783 1320 828 1346 ac
851 1307 1147 1361 propagationes
1172 1316 1409 1350 commentus
1431 1318 1504 1350 est.
1567 1309 1645 1352 Sed

118 1373 326 1415 Antiochia
350 1373 599 1428 praesertim,
634 1387 731 1427 quae
755 1375 801 1413 ad
827 1373 1011 1429 Daphnen
1039 1382 1112 1426 est,
1146 1375 1246 1416 illius
1272 1377 1408 1430 dogma
1431 1378 1644 1419 derivatum

117 1443 156 1482 in
179 1440 314 1483 Cilicia
335 1456 378 1482 ac
397 1439 539 1481 Pisidia
562 1441 781 1496 cumprimis
803 1442 959 1482 coaluit.
1011 1442 1112 1483 Hinc
1134 1443 1233 1483 enim
1255 1442 1540 1486 Encratitarum
1562 1454 1646 1486 orta

117 1510 314 1551 successio
346 1517 427 1560 est,
473 1509 608 1563 quibus
640 1523 828 1550 venenum
857 1510 946 1550 illud
977 1525 1190 1565 aspersum.
1250 1510 1401 1553 Ferunt
1431 1528 1525 1568 opus
1556 1515 1645 1555 illud

118 1579 219 1634 quod
245 1593 297 1619 ex
319 1576 377 1618 IV
401 1577 614 1631 evangeliis
640 1584 864 1618 contextum
893 1586 973 1630 est,
1007 1580 1183 1633 quodque
1208 1581 1419 1621 secundum
1446 1581 1644 1623 Hebraeos

120 1647 293 1689 nonnulli
324 1652 485 1696 vocant,
521 1645 567 1685 ab
599 1659 644 1685 eo
676 1659 762 1686 esse
795 1646 1068 1701 conscriptum.

232 1849 415 1894 Ceterum
436 1850 568 1890 eadem
594 1851 674 1891 fere
698 1864 782 1890 cum
801 1850 968 1905 antiquis
990 1851 1214 1892 haeresibus
1238 1852 1422 1893 defendit.
1483 1854 1544 1895 Ac
1569 1856 1645 1910 pri-

118 1935 220 1962 mum
243 1920 431 1960 Adamum
453 1926 568 1972 negat
592 1932 678 1958 esse
700 1919 862 1959 salvum.
914 1918 1063 1959 Deinde
1088 1920 1361 1961 continentiam
1384 1921 1644 1977 caelibemque

118 1989 234 2029 vitam
270 1988 476 2042 praedicat.
544 1985 710 2041 Nuptias
744 1987 969 2027 adulterium
1001 2001 1088 2027 esse
1124 2002 1267 2028 merum
1308 2003 1352 2028 ac
1389 1991 1643 2045 corruptelam

118 2057 338 2105 existimat,
384 2069 453 2095 nec
480 2054 526 2094 ab
551 2054 616 2094 illo
643 2055 861 2109 discrepare
887 2055 1062 2110 penitus,
1107 2057 1173 2096 sed
1200 2056 1298 2096 idem
1332 2065 1370 2097 et
1395 2072 1508 2098 uuum
1538 2072 1640 2099 esse.

119 2123 206 2177 Qua
229 2124 377 2178 quidem
403 2122 664 2162 continentiae
686 2136 729 2162 ac
754 2123 956 2177 pudicitiae
981 2124 1135 2178 specie,
1174 2125 1278 2164 velut
1301 2125 1482 2165 illecebra
1508 2140 1645 2181 propo-

118 2195 214 2242 sita,
250 2192 362 2232 homo
385 2191 492 2231 vafer
516 2190 710 2245 obrepsit,
743 2198 932 2245 tamquam
958 2205 1078 2246 rapax
1101 2193 1250 2246 quidam
1274 2192 1382 2247 lupus
1405 2193 1540 2248 pellem
1561 2194 1645 2235 ovis

118 2262 299 2310 induens,
334 2273 455 2313 eoque
478 2259 602 2310 cultu,
636 2272 745 2312 quem
767 2259 812 2299 ad
836 2266 982 2313 tempus
1003 2267 1250 2314 susceperat,
1286 2260 1448 2301 miseros
1472 2261 1644 2302 homines

117 2330 156 2370 in
189 2329 358 2369 fraudem
393 2327 605 2381 pellicieus.
667 2324 854 2367 Similiter
885 2334 922 2367 et
950 2330 1135 2382 mysteria
1161 2329 1346 2382 quaedam
1379 2330 1425 2369 ad
1453 2329 1642 2370 ecclesiae

119 2404 276 2439 sanctae
303 2394 554 2436 imitationem
583 2394 768 2443 instituit,
815 2395 883 2434 sed
912 2396 958 2434 ad
990 2409 1035 2435 ea
1063 2403 1187 2436 tamen
1212 2396 1304 2436 nihil
1329 2404 1483 2451 praeter
1507 2411 1643 2451 aquam

118 2464 302 2506 adhibuit.
364 2461 511 2503 Verum
530 2476 578 2502 nc
597 2462 659 2502 ille
682 2461 832 2516 quidem
855 2464 996 2518 poterit
1013 2463 1161 2504 ratione
1181 2464 1255 2504 ulla
1277 2465 1508 2514 consistere,
1535 2465 1643 2506 cuius

119 2541 194 2574 tam
222 2532 448 2573 imbecillum
472 2530 703 2584 minimeque
729 2531 941 2571 cohaerens
966 2539 1025 2571 est
1048 2533 1197 2585 dogma.
1261 2532 1320 2572 Ac
1346 2533 1417 2573 nisi
1441 2533 1550 2573 fallor
1573 2534 1643 2574 hoc

118 2609 289 2655 tempore
323 2614 407 2640 cum
438 2598 539 2639 omni
570 2598 701 2638 schola
732 2612 800 2639 sua
831 2600 1025 2640 extinctus
1056 2599 1265 2640 intercidit.
1329 2599 1428 2653 Quid
1464 2601 1563 2641 enim
1595 2603 1641 2641 ad

119 2671 223 2711 illum
245 2669 486 2709 refutandum
509 2666 638 2707 afferri
665 2681 739 2706 non
762 2669 913 2721 potest?
972 2665 1048 2708 Sed
1073 2668 1161 2708 illud
1187 2667 1290 2707 valet
1311 2667 1510 2722 inprimis,
1545 2671 1643 2723 quod

120 2739 308 2779 adversus
331 2735 474 2776 similes
498 2735 681 2774 haereses
703 2743 815 2775 antea
836 2736 1118 2791 proposuimuS,
1152 2735 1232 2775 lieri
1256 2736 1410 2776 omnino
1432 2751 1506 2776 non
1530 2751 1643 2791 posse

119 2806 229 2860 plura
259 2812 299 2845 ut
324 2802 520 2857 Principia
552 2801 627 2842 siut
656 2815 788 2842 eorum
816 2818 912 2857 quae
941 2804 1186 2844 successione
1213 2810 1464 2856 generantur.
1525 2803 1642 2846 Plura

122 2873 307 2927 siquidem
328 2872 390 2912 illa
411 2878 448 2910 et
466 2885 580 2910 unum
603 2870 649 2909 ab
671 2884 746 2910 uuo
768 2872 938 2924 profecta
958 2872 1003 2912 ab
1024 2885 1099 2911 una
1120 2871 1286 2911 omnium
1308 2885 1445 2912 caussa
1465 2886 1643 2914 manasse

164 2971 195 3006 4.
221 2971 409 3017 εὐαγγέλιον
431 2974 600 3004 emendatio
621 2976 662 3004 est
682 2975 739 3005 Ios.
759 2974 858 3005 Scali-
952 2974 1026 3006 Car.
1049 2974 1089 3004 Π.
1114 2992 1156 2997 —
1186 2973 1213 3005 l.
1237 2975 1362 3005 Gorrexi
1383 2975 1506 3007 πασῶν.
1551 2977 1642 3007 Peta-

120 3021 193 3060 9eri.
239 3021 325 3052 Libri
348 3021 457 3051 habent
481 3014 691 3061 εὐαγγελίων.
903 3021 972 3051 vius
991 3021 1086 3050 voluit
1107 3015 1244 3052 πάντων.
1291 3020 1375 3051 Libri
1394 3021 1502 3052 habent
1518 3019 1643 3053 παθῶν.

1671 1868 1748 1911 Cap.
1771 1869 1811 1901 Π.
