2034 3267
490 187 668 220 PANARn
693 189 774 221 ΜΒ.
797 189 820 221 1.
843 189 948 221 ToM.
970 189 1026 221 111.
1051 189 1180 221 HAER.
1201 190 1310 222 XLn.
1579 183 1658 223 683

139 273 233 307 nent
256 266 418 320 legendo
443 267 634 308 discamus
651 300 660 318 ,
695 275 856 323 tuasque
882 281 944 308 res
966 269 1215 322 intelligendo
1241 270 1314 310 tria
1337 269 1401 309 illa
1423 276 1568 310 temere
1593 270 1659 311 abs

140 341 177 374 te
215 334 433 387 excogitata
468 335 650 390 principia
691 336 876 390 principio
907 336 1076 376 carentia
1109 343 1145 376 et
1178 350 1200 376 a
1230 351 1271 377 se
1306 338 1470 377 invicem
1509 338 1662 378 diversa

139 403 378 442 damnemus.
441 401 578 456 Longe
604 403 703 443 enim
730 403 805 444 alia
830 410 889 443 est
913 403 1075 458 apostoli
1101 404 1274 444 doctrina
1297 419 1340 444 ac
1364 406 1499 459 dogma
1524 406 1661 445 firmis-

138 469 297 520 simum,
332 471 429 523 quod
456 484 475 510 a
506 470 616 523 nugis
648 471 722 510 tuis
754 485 798 510 ac
836 470 972 510 fabulis
1005 485 1238 526 magnopere
1270 472 1443 512 dissidet.
1504 471 1659 513 Etenim

138 537 340 592 perspicue
373 552 483 576 vnum
514 541 695 576 dominum
723 538 854 578 definit
880 551 990 589 esse,
1024 553 1132 578 mmm
1151 542 1292 591 fidem,
1327 555 1437 579 unum
1465 542 1656 592 baptisma,

139 619 249 644 mmm
274 608 377 644 deum
403 608 625 657 eundemque
640 613 785 657 patr-em
809 609 967 644 omnium
980 636 990 653 ,
1026 609 1093 658 qui
1109 621 1220 658 super
1240 611 1360 646 omnia
1382 616 1420 646 et
1440 611 1475 647 z’n
1497 610 1661 648 omnibus

137 680 210 720 est,
247 680 318 712 tam
344 673 380 713 in
409 673 493 726 lege
518 687 628 727 quam
651 673 689 712 in
713 673 906 728 prophetis
933 679 971 712 et
993 673 1029 712 in
1056 674 1239 728 apostolis
1263 675 1454 727 omnibus,
1489 690 1531 716 ac
1555 676 1660 717 dein-

140 754 229 795 ceps
261 741 416 781 ceteris.

245 807 351 849 Haec
375 808 491 863 igitur
517 821 536 847 e
562 821 759 848 sacrarum
790 807 986 848 literarum
1011 809 1206 863 reliquiis,
1242 823 1338 864 quae
1371 811 1468 865 apud
1489 810 1660 852 Marcio-

137 889 222 916 nem
249 876 371 916 adbuc
397 876 662 930 reperiuntur,
698 890 716 914 a
744 876 853 916 nobis
878 876 1039 916 collecta
1062 877 1093 917 si
1122 877 1206 931 quis
1233 879 1475 930 consideret,
1509 880 1660 920 divinae

137 943 401 999 providentiae
432 943 754 997 magnificentiam
790 943 1050 998 obstupescet.
1116 943 1214 985 Cum
1243 946 1342 985 enim
1378 947 1569 1000 quaelibet
1598 961 1661 988 res

137 1012 257 1053 tribus
284 1010 514 1051 testimoniis
544 1011 745 1065 approbari
770 1018 807 1050 et
832 1011 963 1051 haberi
988 1026 1056 1066 pro
1081 1020 1277 1067 comperta
1298 1015 1443 1065 soleat,
1477 1015 1661 1069 singulari

137 1087 197 1119 est
220 1079 280 1119 dei
305 1079 490 1119 beneficio
513 1086 551 1118 et
576 1079 932 1131 administratione,
965 1080 1017 1119 uti
1043 1079 1232 1131 diximus,
1270 1082 1407 1121 factum
1424 1114 1433 1131 ,
1465 1089 1507 1121 nt
1532 1082 1601 1122 hoc
1625 1083 1662 1122 in

139 1147 294 1200 negotio
326 1153 412 1186 octo
445 1146 555 1186 nobis
581 1161 624 1186 ac
648 1147 889 1201 septuaginta
921 1147 1140 1187 testimonia
1175 1162 1226 1188 ex
1257 1149 1459 1203 evangelio
1485 1158 1663 1205 suppete-

136 1222 248 1264 rent,
283 1228 332 1254 ex
368 1215 542 1269 apostolo
580 1215 846 1269 quadraginta.
909 1213 1019 1269 Quae
1053 1216 1180 1256 omnia
1206 1217 1251 1256 ad
1285 1217 1382 1257 hanc
1413 1231 1533 1272 usque
1565 1219 1662 1259 diem

136 1283 231 1337 apud
264 1283 368 1322 illum
401 1290 576 1332 servata,
621 1296 690 1322 nec
728 1283 766 1322 in
804 1283 1109 1323 controversiam
1145 1284 1306 1324 adducta
1344 1293 1452 1337 sunt3
1496 1287 1590 1327 adeo
1623 1295 1663 1328 ut

137 1358 288 1390 centurn
322 1350 476 1390 omnino
512 1358 625 1404 atque
661 1350 873 1390 octodecim
910 1358 1059 1390 extent.
1123 1349 1234 1404 Quae
1266 1353 1416 1406 quidem
1449 1352 1662 1395 Marcionis

135 1418 376 1473 opinionibus
412 1418 703 1469 contradicunt,
746 1419 800 1458 sic
837 1425 1015 1472 tanquam
1052 1432 1103 1459 ex
1139 1433 1304 1473 persona
1342 1421 1483 1462 domini
1515 1423 1660 1477 prolata

138 1488 228 1527 sint.
293 1485 369 1527 Sed
400 1493 435 1526 et
469 1486 568 1526 aliud
595 1487 752 1541 insuper
786 1487 952 1526 additum
987 1493 1045 1526 est
1071 1494 1225 1541 praeter
1258 1489 1447 1543 evangelii
1480 1491 1662 1545 apostoli—

139 1568 211 1609 que
238 1554 513 1595 testimonium.
574 1553 712 1608 Neque
739 1554 839 1594 enim
866 1554 1005 1594 infelici
1029 1553 1222 1595 Marcioni
1254 1557 1376 1597 visum
1412 1565 1472 1598 est
1502 1571 1554 1598 ex
1584 1559 1662 1613 epi-

139 1622 236 1663 stola
263 1623 307 1663 ad
332 1621 523 1677 Ephesios
548 1622 814 1662 auctoritatem
843 1622 943 1662 illam
968 1623 1131 1673 afferre,
1166 1625 1231 1664 sed
1257 1638 1309 1664 ex
1336 1638 1380 1665 ea
1403 1626 1446 1665 ad
1474 1624 1663 1666 Laodice-

139 1704 232 1741 nos,
268 1704 363 1744 quae
387 1704 572 1744 nusquam
602 1691 697 1744 apud
726 1690 940 1744 apostolum
965 1691 1150 1731 cernitur.
1215 1691 1326 1745 Quae
1351 1707 1434 1733 cum
1461 1707 1577 1748 pecus
1600 1694 1661 1734 illa

135 1772 203 1812 per
236 1772 421 1798 summam
457 1758 702 1799 stoliditatem
739 1758 894 1798 minime
922 1758 1080 1812 legerit,
1124 1759 1161 1799 in
1193 1760 1385 1814 plerisque
1414 1761 1519 1816 lapsa
1551 1777 1660 1817 quam

137 1826 340 1866 manifeste
374 1827 411 1866 in
445 1826 605 1880 singulis
642 1826 818 1866 convinci
856 1840 898 1866 ac
931 1826 1109 1880 redargui
1143 1835 1274 1881 posset
1307 1842 1544 1883 nequaquam
1581 1831 1663 1870 ani-

138 1894 355 1934 madvertit.
418 1892 556 1948 Neque
597 1908 691 1934 vero
733 1894 893 1949 cuipiam
931 1893 1066 1944 mirum
1106 1894 1195 1934 illud
1233 1895 1354 1936 videri
1394 1897 1521 1938 debet.
1585 1896 1662 1951 Qui

140 1963 240 2003 enim
266 1961 456 2015 evangelii
481 1961 620 2016 aliquid
648 1969 685 2002 et
711 1962 872 2017 apostoli
899 1961 1040 2002 habere
1069 1976 1112 2002 se
1138 1963 1405 2017 profiteretur,
1440 1965 1573 2005 fierine
1596 1981 1661 2021 po-

140 2030 232 2080 tuit,
268 2037 307 2070 ut
332 2044 406 2069 non
433 2043 550 2082 pauca
579 2030 712 2070 saltem
740 2029 952 2084 scripturae
977 2030 1094 2070 verba
1124 2030 1337 2071 retineret?
1396 2030 1546 2087 Quippe
1578 2047 1661 2073 cum

139 2105 258 2139 totum
291 2098 504 2152 scripturae
534 2098 663 2138 vivum
698 2098 768 2148 sit,
803 2105 844 2137 ut
872 2098 924 2138 ita
947 2098 1135 2149 dixerim,
1170 2112 1331 2153 corpus,
1365 2101 1536 2153 potuitne
1561 2115 1662 2141 mor-

139 2174 243 2207 tuum
274 2166 389 2206 ullum
415 2165 623 2206 membrum
650 2180 718 2221 pro
746 2165 859 2205 animi
889 2166 947 2206 sui
972 2165 1126 2206 libidine
1153 2167 1348 2221 reperire,
1383 2168 1480 2221 quod
1507 2169 1552 2208 ad
1584 2176 1662 2209 sta-

139 2235 344 2275 biliendum
383 2233 619 2274 mendacium
658 2241 791 2274 contra
832 2234 1031 2274 veritatem
1073 2235 1293 2289 proferret?
1352 2233 1484 2288 Quare
1524 2250 1661 2292 corpus

139 2303 262 2358 ipsum
291 2302 466 2342 mutilare
492 2316 536 2341 ae
561 2302 739 2356 pleraque
766 2302 935 2342 membra
960 2316 1140 2342 resecare
1163 2302 1348 2353 instituit,
1384 2317 1543 2356 quorum
1566 2318 1661 2344 non-

140 2371 243 2411 nulla
264 2371 307 2410 ad
334 2385 440 2411 usum
471 2384 579 2410 suum
607 2370 778 2410 retinuit.
841 2368 951 2424 Quae
979 2369 1128 2424 quidem
1154 2369 1199 2409 ab
1223 2370 1286 2410 illo
1309 2377 1509 2411 reservata
1532 2378 1571 2411 et
1595 2372 1660 2412 ad-

140 2439 213 2480 huc
241 2438 426 2493 spirantia
458 2438 607 2492 penitus
634 2438 808 2491 extingui
831 2446 1048 2493 nequeunt,
1081 2439 1146 2478 sed
1170 2438 1297 2478 vitalis
1320 2437 1383 2478 ille
1407 2438 1659 2480 declarandae

139 2532 202 2570 vit,
235 2531 325 2561 huius
351 2531 409 2560 loci
439 2530 632 2561 convertendi
650 2538 686 2560 ne
706 2531 875 2569 periculum
965 2530 995 2563 3.
1022 2528 1148 2563 ἐκατῶν
1181 2529 1322 2560 mendose
1348 2531 1495 2569 scriptum
1523 2534 1605 2563 extat
1628 2533 1659 2563 in

140 2577 262 2616 quidem
290 2575 432 2613 fecerunt.
485 2576 588 2605 Verte:
621 2585 703 2616 quae
724 2574 876 2606 testimo-
922 2577 1018 2607 edilis.

140 2620 194 2652 nia
209 2619 334 2651 nomini
357 2618 557 2661 respondent
580 2618 714 2656 domini,
741 2626 877 2670 propter
966 2629 998 2664 4
1022 2628 1077 2664 ἀπ’
1089 2626 1202 2683 ἄλλης
1226 2630 1283 2672 (30
1304 2628 1495 2673 ἐπιστολῆς)
1519 2635 1660 2673 rescrips,

141 2676 307 2697 numerum
331 2663 532 2703 octodecim,
569 2671 600 2695 et
622 2664 709 2695 felici
729 2676 795 2696 ems
816 2664 878 2696 be-
919 2687 978 2717 pro
1003 2673 1053 2710 ἐπ’
1076 2671 1197 2718 ἅλῃὶς,
1233 2677 1315 2715 quod
1341 2677 1433 2716 vul-90
1457 2679 1539 2708 extat
1567 2679 1600 2709 in
1622 2680 1658 2710 h·

141 2709 339 2748 nedictioni,
375 2716 509 2752 propter
539 2720 707 2740 numerum
736 2716 875 2742 centurn.
924 2724 995 2754 bris

145 2757 233 2787 Vides
262 2757 374 2795 siylum
403 2757 534 2786 nominis
563 2757 708 2786 dominici
740 2767 794 2797 ιη,
826 2759 879 2796 qui

141 2809 285 2832 numerus
303 2801 407 2832 XVIII
426 2803 478 2839 est,
501 2803 528 2831 et
547 2810 648 2831 vocem
671 2796 763 2842 οἷμῆν
784 2803 879 2841 siqni-

142 2846 241 2885 ficari.
288 2847 385 2876 Huius
408 2847 488 2876 enim
510 2847 592 2876 vocis
622 2846 726 2884 prima
748 2847 835 2877 litera
857 2848 879 2879 ᾱ

142 2899 303 2921 numerum
323 2892 357 2930 1,
381 2892 477 2921 altera
501 2891 526 2932 ᾖ,
544 2891 618 2929 XL,
642 2892 731 2920 tertia
751 2893 773 2933 ἦ
801 2892 880 2930 VIII,
969 2891 999 2924 6.
1025 2887 1094 2924 ἀλλ’
1117 2887 1163 2928 ὥς
1184 2893 1302 2923 restitui
1317 2892 1499 2923 Cornarium
1519 2895 1546 2923 et
1567 2894 1658 2924 Peta-

142 2936 285 2974 quartaV
303 2937 329 2967 L
347 2936 533 2975 si9nificant,
556 2937 676 2975 quibus,
697 2936 741 2966 bis
759 2939 879 2975 sumpto
922 2939 1007 2968 vium
1042 2939 1160 2968 secutus
1191 2946 1248 2976 pro
1279 2933 1439 2975 ἀλλοίως,
1474 2938 1555 2977 quod
1588 2939 1658 2969 libri

142 2988 268 3011 numero
295 2982 358 3013 sive
388 2982 475 3012 litera
495 2982 535 3020 ᾶ,
579 2981 709 3021 efficitur
736 2989 880 3013 numerus
922 2983 1075 3022 praebent.

143 3027 270 3058 centum.

969 2778 999 2809 ξ).
1026 2778 1145 2818 ζῶντος
1162 2779 1304 2817 rescripsi
1315 2787 1373 2817 pro
1388 2776 1559 2820 σώζοντος,
1586 2780 1658 2811 Cor-

923 2825 1048 2856 narium
1068 2827 1157 2863 atque
1176 2825 1336 2855 Patavium
1358 2827 1486 2855 secutus.
