2034 3267
492 130 670 164 PANARII
694 133 775 165 ΜΒ.
796 134 820 166 1.
846 135 953 167 ToM.
973 135 1030 167 111.
1056 136 1186 168 HAER.
1207 137 1283 168 XL.
1575 131 1654 171 535

130 209 304 260 detecto,
347 209 392 249 ad
425 209 536 250 aliam
568 211 770 266 deinceps,
816 228 888 268 quo
922 228 990 255 nos
1015 215 1180 256 instituti
1211 216 1339 271 operis
1370 217 1493 259 series
1524 225 1652 270 vocat,

129 277 390 319 convertenda
421 292 554 318 rursus
585 280 724 320 oratio.

321 438 767 488 ADVERSUS
829 441 1455 504 ARCHONTIGOS,

490 536 597 580 quae
636 525 702 567 est
737 520 930 568 haeresis
958 520 1059 568 XX.
1098 521 1167 569 vel
1192 521 1289 569 XL.

238 617 422 659 Proxima
455 619 542 659 huic
572 627 632 659 est
663 619 988 660 Archonticorum
1025 621 1219 671 haeresis,
1265 636 1361 675 quae
1392 630 1517 664 tamen
1553 624 1650 665 haud
1677 631 1754 675 Cap.
1782 633 1804 663 1.

124 686 315 740 plerisque
337 694 447 726 extra
467 685 725 727 Palaestinam
747 687 783 727 in
804 687 897 727 locis
916 688 1101 729 cernitur.
1149 687 1388 742 Quamquam
1413 691 1517 731 virus
1540 706 1650 733 suum

122 754 159 794 in
185 753 376 794 Maiorem
408 754 522 794 etiam
549 755 773 795 Armeniam
807 756 1053 796 diffuderunt.
1117 755 1198 796 Imo
1232 764 1269 796 ct
1295 757 1333 797 in
1359 757 1546 799 Armenia
1574 758 1648 800 Mi-

123 836 218 862 nore
243 822 372 862 lolium
397 823 496 862 istud
523 829 628 862 certo
656 822 702 862 ab
728 822 879 863 homine
906 823 1192 864 disseminatum
1219 832 1300 874 est,
1335 826 1396 878 qui
1423 827 1534 880 paulo
1559 835 1648 868 aute

124 888 341 931 Constantii
368 889 611 944 imperatoris
637 890 779 930 obitum
813 904 862 930 ex
890 891 1077 931 Armenia
1105 892 1143 932 in
1168 890 1426 933 Palaestinam
1454 895 1648 947 profectus

122 965 202 1008 est,
236 957 422 998 Eutactus
446 957 623 1008 nomine,
657 957 739 998 sivo
761 957 926 998 Atactus
951 958 1094 1014 potius,
1130 959 1200 999 hoc
1225 968 1281 1001 est
1306 961 1475 1002 moribus
1499 969 1649 1016 pertur-

120 1027 246 1067 batus.
311 1025 386 1079 Qui
415 1039 498 1065 cum
523 1025 662 1066 infelix
685 1026 774 1066 illud
801 1027 936 1081 dogma
960 1027 1231 1079 combibisset,
1264 1028 1303 1068 in
1327 1029 1487 1084 patriam
1514 1044 1648 1071 rever-

120 1109 186 1135 sus
214 1093 383 1149 profiteri
414 1093 541 1147 coepit
571 1094 668 1147 quod
695 1095 892 1134 didicerat.
955 1094 1153 1135 Eiusmodi
1179 1111 1293 1150 porro
1316 1098 1422 1138 velut
1446 1098 1491 1138 ab
1516 1098 1646 1152 aspide

119 1175 308 1203 venenum
335 1175 357 1201 a
382 1175 474 1201 sene
501 1162 663 1215 quodam
690 1162 891 1213 hauserat,
938 1163 1091 1203 nomine
1117 1162 1258 1216 Petro,
1301 1166 1368 1206 sed
1394 1165 1548 1205 minime
1577 1166 1647 1206 hac

119 1230 369 1285 appellatione
395 1229 533 1282 digno,
567 1229 631 1284 qui
655 1231 691 1269 in
720 1229 1030 1285 Eleutheropolis
1057 1239 1094 1271 et
1121 1231 1482 1288 Hierosolymorum
1509 1233 1646 1274 finibus

118 1297 335 1348 habitabat,
373 1298 485 1338 tertio
510 1297 556 1338 ab
584 1297 768 1338 Hebrone
795 1298 939 1352 lapide,
975 1300 1109 1354 oppido
1138 1301 1235 1354 quod
1263 1298 1551 1343 Cabarbaricha
1577 1317 1645 1343 no-

116 1365 277 1405 minant.
342 1364 441 1405 Huic
474 1380 587 1419 porro
618 1367 702 1406 seui
734 1367 897 1406 vestitus
929 1374 1010 1407 erat
1040 1368 1149 1407 initio
1176 1368 1386 1422 asperitate
1414 1370 1495 1424 ipsa
1522 1370 1646 1410 horri-

116 1433 202 1474 bilis
231 1440 269 1473 et
299 1433 346 1473 ad
376 1433 659 1474 simulationem
690 1434 914 1484 affectatus,
959 1449 1003 1474 ae
1036 1450 1119 1475 cum
1153 1437 1397 1477 extrinsecus
1431 1437 1515 1479 ovis
1547 1439 1644 1492 pelle

116 1508 219 1541 esset
246 1501 421 1551 indutus,
467 1502 576 1556 lupus
609 1509 689 1542 erat
721 1503 822 1542 intus
850 1503 1122 1557 rapacissimus
1150 1511 1188 1544 et
1212 1505 1399 1545 occultus.
1461 1505 1641 1546 Anacho-

115 1577 198 1609 reta
224 1569 360 1624 quippe
386 1584 473 1611 esse
499 1570 701 1610 videbatur
724 1571 761 1610 in
789 1571 972 1625 spelunca
997 1572 1156 1625 degens.
1221 1571 1297 1626 Qui
1323 1573 1473 1627 quidem
1496 1574 1642 1628 pleros-

116 1652 188 1692 que
220 1638 406 1678 abdicatis
441 1638 604 1678 l'ortunis
634 1638 810 1679 omnibus
844 1639 889 1678 ad
925 1653 1012 1679 sese
1044 1640 1253 1694 pertraxit,
1300 1639 1495 1695 Paterque
1526 1642 1642 1696 vulgo

117 1721 199 1746 cum
232 1706 278 1746 ob
312 1713 500 1757 aetatem,
545 1713 621 1746 tum
656 1706 703 1746 ob
738 1706 905 1747 habitum
939 1706 1059 1761 ipsum
1093 1708 1275 1762 appellari
1309 1709 1474 1749 solebat.
1536 1708 1642 1750 Idem

116 1774 292 1828 quicquid
318 1773 481 1814 habebat
501 1774 539 1813 in
564 1788 708 1828 egenos
733 1774 987 1825 distribuere,
1021 1789 1065 1815 ac
1088 1776 1256 1829 quotidie
1279 1778 1436 1831 stirpem
1461 1792 1640 1833 erogare.

117 1840 194 1883 Sed
229 1842 274 1882 ab
308 1842 465 1882 ineunte
499 1849 625 1882 aetate
657 1842 775 1882 variis
806 1856 847 1882 se
881 1843 1106 1883 haeresibus
1141 1844 1357 1885 addixerat.
1418 1844 1563 1887 Postea
1596 1847 1642 1887 ad

116 1910 270 1950 Ae‘tium
298 1910 517 1965 episcopum
551 1910 696 1950 delatus
728 1925 772 1950 ac
796 1909 1070 1951 Gnosticorum
1104 1911 1276 1952 haeresis
1303 1913 1502 1954 convictus
1534 1929 1555 1955 a
1581 1929 1642 1955 sa-

119 1978 291 2018 cerdotio
313 1985 566 2018 exautoratus
588 1985 659 2019 est.
724 1976 828 2018 lllius
851 1978 986 2033 quippe
1007 1979 1080 2019 loci
1101 1988 1253 2020 creatus
1275 1981 1363 2020 olim
1389 1982 1513 2022 suerat
1534 1997 1642 2037 pres-

114 2046 242 2100 byter.
304 2044 580 2100 Deprehensus
605 2046 731 2100 itaque
755 2054 792 2086 et
815 2046 859 2086 ab
883 2048 999 2087 A‘etio
1024 2048 1152 2101 pulsus
1176 2048 1213 2088 in
1237 2049 1444 2090 Cochaben
1471 2050 1640 2092 Arabiae

115 2113 290 2168 oppidum
326 2115 521 2168 profectus
553 2121 633 2164 est,
679 2113 741 2153 ubi
774 2113 1057 2155 Ebiouaeorum
1090 2130 1134 2156 ac
1164 2115 1459 2158 Nazoraeorum
1492 2119 1640 2160 semina

114 2181 301 2236 pullulare
327 2188 557 2236 coeperant,
592 2189 631 2221 ut
654 2181 691 2221 in
718 2182 844 2222 multis
871 2183 1081 2224 refutandis
1106 2184 1331 2225 haeresibus
1354 2193 1465 2226 antea
1490 2187 1638 2227 monui-

113 2264 212 2290 mus.
274 2248 499 2300 Postremo,
544 2249 647 2289 velut
674 2248 809 2289 aetatis
835 2251 1052 2292 maturitate
1079 2252 1292 2306 sapientior
1318 2254 1462 2304 factus,
1505 2255 1637 2309 postli-

113 2318 230 2358 minio
252 2318 386 2368 rediit,
421 2318 587 2357 abditum
612 2317 701 2357 illud
727 2318 830 2358 virus
851 2319 888 2358 in
910 2327 1066 2374 pectore
1091 2322 1243 2369 ferens,
1278 2328 1315 2360 et
1338 2322 1490 2375 ignotus
1515 2322 1637 2363 omni-

114 2385 208 2436 bus,
243 2385 365 2426 donec
387 2386 538 2426 tandem
563 2385 755 2425 nonnullis
778 2400 798 2426 e
821 2388 1078 2438 sermonibus,
1113 2403 1208 2442 quos
1229 2389 1266 2428 in
1287 2389 1497 2443 aliquorum
1521 2404 1635 2432 aures

112 2453 400 2504 insusurrabat,
446 2468 514 2508 pro
544 2453 738 2494 haeretico
765 2462 981 2510 compertus
1017 2471 1038 2496 a
1070 2457 1180 2497 nobis
1209 2458 1565 2500 excommunicatus
1598 2467 1636 2500 et

114 2521 390 2562 mediocritatis
411 2529 563 2562 nostrae
591 2535 708 2576 opera
731 2523 930 2563 convictus
955 2531 1028 2564 est.
1090 2523 1201 2565 Unde
1224 2526 1260 2565 in
1285 2526 1503 2579 speluncam
1527 2527 1633 2568 dein-

114 2603 203 2644 ceps
234 2589 443 2640 abscessit,
488 2590 654 2629 omnium
684 2591 933 2632 execratione
963 2593 1180 2642 damnatus,
1226 2600 1263 2632 et
1293 2600 1368 2632 tam
1399 2608 1419 2633 a
1453 2596 1632 2636 fratribus

114 2657 318 2698 derelictus
340 2672 451 2711 quam
474 2672 493 2697 a
516 2658 729 2712 plerisque,
763 2672 782 2698 a
805 2659 939 2713 quibus
965 2661 1184 2701 necessaria
1210 2663 1312 2701 vitae
1335 2662 1524 2716 praesidia
1543 2677 1632 2719 sup-

115 2725 307 2778 petebant.
369 2724 429 2765 Ad
457 2726 557 2765 hune·
581 2726 708 2779 itaque
731 2739 860 2766 senem
885 2728 970 2778 ille,
1004 2742 1114 2782 quem
1139 2728 1232 2778 dixi,
1268 2728 1470 2781 Eutactus,
1505 2731 1537 2770 si
1560 2732 1631 2773 hoc

115 2792 269 2832 nomine
294 2794 489 2834 vocandus
514 2800 596 2844 est,
643 2807 727 2833 cum
758 2808 810 2835 ex
836 2795 1015 2851 Aegypto
1039 2796 1233 2847 venisset,
1278 2797 1323 2837 ab
1355 2798 1630 2856 eoque-impiis

113 2895 161 2970 tito.
177 2893 424 2972 dz-effssffissotptx&
442 2894 502 2939 τὴν
521 2894 612 2930 πόλιν
632 2898 699 2929 cod.
715 2897 853 2938 Rhediy„
941 2897 972 2930 3.
994 2900 1079 2931 Libri
1102 2899 1210 2930 habent
1231 2899 1288 2933 τοῦ
1313 2911 1349 2933 τε
1371 2897 1479 2934 τόπου.

114 2949 128 2971 e
161 2948 175 2971 e
200 2950 233 2971 ιι
273 2950 339 2973 zrt.
