2034 3267
196 1040 227 1073 Κ
233 1051 283 1083 εφ.
305 1038 345 1075 δ’.

209 1394 275 1422 pag.
294 1386 351 1413 394.

202 2263 289 2307 Κεφ.
311 2261 349 2297 ε’.

370 197 448 236 714
927 201 1088 235 SANGTI
1112 198 1338 234 ΕΡΙΡΗΑΝΗ
1393 231 1397 235 .

368 298 475 322 ναντι
494 282 564 321 τοῦ
583 281 835 334 Παραδείσου
853 277 1120 337 κατῳκηκότα,
1151 277 1260 327 ὅπως
1279 278 1514 333 μνημονεύοι
1533 285 1602 334 τῆς
1622 281 1798 338 ἀγαθῆς,
1828 280 1894 323 διά

367 353 435 402 τῆς
466 349 520 396 εἰς
550 346 705 400 μνήμην
729 351 932 400 μετανοίας
955 346 1109 398 σώζειν,
1150 345 1177 400 ἢ
1200 348 1403 405 δυναμένῳ
1435 349 1523 401 μὲν,
1565 347 1617 402 μὴ
1642 351 1809 392 ἐλεοῦντι
1838 349 1892 401 δὲ,

369 421 389 444 4
403 415 452 458 δι’
473 415 522 469 ἤν
544 433 623 457 που
647 419 717 456 νῦν
737 417 862 457 αἰτίαν
885 414 971 470 ἄχρι
991 420 1069 457 τῶν
1089 419 1360 468 καταχθονίων
1386 415 1555 470 Χριστός
1574 422 1751 470 κατῆλθε.
1809 420 1894 459 Τίνι

365 489 418 541 τῷ
444 482 544 541 λόγῳ
575 482 617 525 τό
647 482 854 539 τριήμερον
876 484 1083 537 κοιμηθεὶς
1107 482 1319 532 πεπονθώς
1345 482 1501 538 ἀνέστης
1548 488 1645 533 Πῶς
1667 485 1708 526 δὲ
1727 490 1893 541 πληροῦ-

365 570 445 603 ται,
462 550 549 593 Ἵνα
571 553 638 593 καὶ
659 556 805 605 νεκρῶν
831 554 898 593 καὶ
922 551 1074 602 ζώντων
1098 550 1302 609 κυριεύσῃ,·
1349 555 1485 594 Ποίων
1507 552 1549 594 δὲ
1574 551 1725 602 ζώντων
1748 555 1814 594 καὶ
1835 570 1892 595 νε-

367 625 494 674 κρῶν,
534 618 612 661 ἀλλ’
639 619 665 674 ἢ
695 623 771 661 τῶν
802 618 1018 678 χρῃζόντων
1047 625 1114 673 τῆς
1146 618 1267 661 αὐτοῦ
1301 618 1382 662 ἅνω
1415 621 1481 662 καὶ
1511 619 1616 662 κάτω
1649 622 1893 677 ἐπικουρίας,-

372 693 467 737 Πῶς
499 688 540 729 δὲ
564 689 668 730 ἔσται
696 687 742 729 τά
770 686 847 729 ἀπὸ
873 686 1103 742 φυράματος
1127 687 1237 743 ἅγια,
1279 689 1314 730 εἰ
1335 686 1428 730 αὐτὸ
1459 687 1501 730 τδ
1528 687 1690 743 φύραμα
1716 686 1787 730 οὔκ
1817 690 1895 731 ἔστι

368 755 498 811 ἅγιον,
541 754 594 804 ῶς
622 757 689 798 καὶ
718 754 825 812 παρά
856 760 908 813 τῷ
939 754 1034 814 ἁγίῳ
1061 754 1262 813 ἀποστόλῳ
1289 757 1513 812 ἐμφέρεταις
1561 755 1707 798 Φάσκει
1729 755 1802 811 γάρ
1829 757 1895 798 καὶ

368 826 455 879 περὶ
482 821 593 873 Εὔας
623 822 646 865 ὁ
675 823 792 873 αὐτὸς
820 822 1034 873 ἀπόστολος
1063 823 1142 874 ὅτι,
1186 824 1417 878 Σωθήσεται
1448 823 1512 866 διά
1542 829 1610 878 τῆς
1633 826 1894 881 τεκνογονίας,

369 891 438 934 ἐάν
468 894 650 946 μείνωσιν
680 894 720 934 ἐν
750 895 874 934 πίστει
898 894 964 934 καὶ
995 891 1235 950 δικαιοσύνῃ.
1842 931 1856 944 ,

485 1030 563 1070 Καὶ
587 1028 708 1071 πολλά
738 1031 817 1071 ἔστι
837 1030 925 1085 περὶ
946 1028 1096 1071 τούτων
1114 1029 1254 1084 λέγειν,
1297 1027 1350 1078 ὥς
1370 1030 1487 1071 παντὶ
1509 1034 1562 1086 τῷ
1588 1028 1740 1071 σύνεσιν
1763 1045 1897 1083 κεκτη-

369 1098 469 1155 μένῳ
501 1097 713 1151 φανήσεται
741 1096 767 1151 ἡ
798 1096 1002 1153 πρόχειρος
1031 1100 1255 1151 βλασφημία
1284 1098 1350 1138 καὶ
1376 1098 1616 1151 ἐσκοτωμένη
1641 1096 1796 1139 διάνοια
1824 1103 1896 1140 τοῦ

376 1170 565 1208 Τατιανοῦ
590 1167 656 1208 καὶ
678 1171 756 1207 τῶν
781 1164 846 1207 ἀπ’
873 1164 995 1208 αὐτοῦ
1023 1170 1222 1207 Τατιανῶν
1245 1166 1505 1219 καλουμένων.
1567 1167 1663 1221 Περὶ
1690 1160 1744 1207 ῶν
1765 1165 1897 1208 συντό-

370 1251 452 1287 μως
473 1233 730 1283 διεξελθόντες
754 1233 800 1275 τά
824 1232 905 1275 κατ’
928 1232 1071 1282 αύτούς
1092 1232 1261 1288 βλαβερά
1281 1237 1346 1275 καὶ
1365 1233 1568 1276 κωνώπων
1589 1236 1701 1287 δίκην
1721 1233 1897 1289 δήγματα

369 1304 497 1344 ἐλαίου
527 1301 672 1355 ἰκμάδα
703 1306 772 1355 τῆς
798 1306 868 1343 τοῦ
894 1304 1034 1357 κυρίου
1062 1304 1309 1350 διδασκαλίας
1336 1308 1417 1350 τοῖς
1443 1304 1690 1357 δεδηγμένοις
1715 1299 1793 1344 find
1819 1307 1898 1344 τῶν

377 1375 568 1412 Τατιανοῦ
588 1370 710 1425 λόγων
731 1371 955 1423 ἐπιθέμενοι
981 1368 1176 1423 ἰασάμεθα
1196 1369 1261 1411 διά
1284 1374 1352 1423 τῆς
1371 1375 1440 1412 τοῦ
1463 1373 1600 1424 κυρίου
1621 1368 1808 1424 ἀληθείας
1830 1371 1894 1412 καὶ

370 1438 591 1492 δυνάμεως,
631 1436 753 1479 αὐτοῦ
777 1439 954 1493 λέγοντος
973 1437 1053 1488 ὅτι,
1100 1437 1184 1479 Οὔκ
1210 1433 1335 1491 ἦλθον
1358 1440 1393 1479 εἰ
1413 1437 1466 1491 μή
1490 1440 1544 1487 εἷς
1563 1437 1605 1480 τὸ
1629 1437 1829 1493 πρόβατον
1850 1437 1894 1480 τό

368 1508 660 1560 πεπλανημένον
682 1509 793 1549 οἴκου
814 1505 974 1561 Ἰσραήλ.
1036 1506 1109 1548 Λιὸ
1134 1508 1198 1548 καὶ
1224 1509 1266 1548 ἐν
1290 1509 1527 1561 παραβολαῖς
1549 1508 1671 1562 ἔλεγεν
1695 1506 1774 1557 ὅτι,
1803 1505 1894 1548 ''Av-

368 1574 533 1630 θρωπός
556 1593 611 1624 τις
631 1577 856 1629 κατέβαινεν
880 1573 958 1616 ἀπὸ
978 1573 1224 1630 Ἰερουσαλὴμ
1248 1576 1301 1623 εἰς
1322 1573 1483 1630 Ἵεριχώ,
1515 1573 1560 1615 ὃν
1585 1573 1634 1627 δὴ
1653 1576 1719 1615 καὶ
1743 1579 1898 1632 λῃσταῖς

368 1649 586 1698 περιπεσεῖν
617 1646 805 1699 διηγεῖτο,
847 1646 912 1685 ἵνα
942 1646 1046 1701 δείξῃ
1076 1642 1117 1685 τὸ
1144 1642 1344 1699 πρόβατον
1373 1644 1437 1684 καὶ
1462 1642 1531 1685 τὸν
1555 1641 1631 1685 ἀπὸ
1651 1641 1896 1697 Ἰερουσαλὴμ

368 1711 681 1768 καταβεβηκότα,
722 1711 789 1754 τὸν
818 1710 894 1753 ἀπὸ
922 1717 990 1765 τῆς
1016 1710 1130 1764 δόξης
1157 1716 1225 1765 τῆς
1246 1714 1419 1764 μείζονος
1440 1713 1494 1760 εἰς
1516 1710 1722 1754 ἐλάττωσιν
1746 1727 1895 1752 κατενε-

368 1781 513 1834 χθέντα
532 1782 598 1822 καὶ
616 1779 683 1821 τὸν
704 1779 780 1822 ἀπὸ
798 1785 867 1833 τῆς
887 1785 977 1833 μιᾶς
997 1781 1150 1833 ἐντολῆς
1173 1785 1241 1821 τοῦ
1265 1782 1367 1822 ἰδίου
1387 1781 1573 1833 ποιμένος
1592 1778 1897 1822 ἀποσπασθέντα

369 1851 436 1891 καὶ
459 1850 765 1901 πεπλανημένον.
811 1848 940 1889 ΓΌθεν
958 1849 1024 1889 καὶ
1042 1847 1109 1889 τόν
1130 1847 1240 1903 ἅγιον
1261 1846 1384 1900 ’Λδάμ
1405 1846 1472 1889 τόν
1493 1849 1639 1903 πατέρα
1660 1850 1700 1890 ἐν
1718 1852 1810 1898 ζῶσι
1831 1864 1897 1889 πε-

371 1916 642 1970 πιστεύκαμεν·
686 1914 733 1957 δι’
765 1915 808 1957 ὃν
838 1917 905 1957 καὶ
930 1915 1021 1964 τούς
1051 1914 1115 1957 ἀπ’
1138 1914 1261 1958 αὑτοῦ
1287 1914 1389 1970 ἡμᾶς
1417 1915 1566 1965 πάντας
1593 1915 1763 1971 Χριστὸς
1784 1911 1895 1969 ἦλθε,

370 1991 451 2034 τοῖς
481 1985 548 2038 μὲν
574 1983 690 2026 πάλαι
714 1982 834 2025 αὐτὸν
857 1983 1090 2039 γινώσκουσι
1123 1985 1190 2025 καὶ
1226 1983 1279 2038 μή
1303 1990 1557 2037 πλανηθεῖσιν
1580 1983 1657 2025 ἀπὸ
1685 1989 1754 2038 τῆς
1776 1982 1897 2026 αὐτοῦ

369 2053 571 2106 θεότητος,
603 2054 729 2094 ἕνεκεν
748 2053 789 2093 δὲ
812 2051 1046 2105 σφαλμάτων
1073 2054 1113 2093 ἐν
1134 2050 1242 2110 Ἅιδῃ
1266 2053 1573 2106 κατεσχημένοις,
1605 2051 1817 2106 ἀμνηστίαν
1834 2070 1898 2106 χα-

370 2125 577 2175 ρίσασθαι,
616 2126 698 2169 τοῖς
728 2120 795 2173 μὲν
825 2122 878 2161 ἔτι
909 2122 949 2162 ἐν
971 2119 1105 2178 κόσμῳ
1132 2119 1196 2162 διά
1221 2123 1447 2174 μετανοίας,
1486 2127 1567 2170 τοῖς
1591 2121 1632 2162 δὲ
1655 2121 1695 2162 ἐν
1716 2118 1824 2179 Ἅιδῃ
1850 2118 1898 2162 δι’

371 2191 500 2238 ἐλέους
530 2189 596 2231 καὶ
625 2190 826 2243 σωτηρίας.

485 2256 558 2299 At&
580 2259 647 2299 καὶ
669 2256 874 2310 θαυμάσαι
894 2257 970 2298 ἔστι
990 2255 1056 2297 τόν
1079 2255 1228 2307 εἰδότα,
1261 2255 1312 2306 ὥς
1333 2258 1399 2298 καὶ
1424 2258 1465 2299 ἐν
1487 2259 1635 2310 βίβλοις
1655 2255 1895 2312 ηὑρήκαμεν,

372 2324 439 2367 τόν
464 2325 600 2380 κύριον
631 2324 743 2379 ἡμῶν
762 2323 912 2377 Ἰησοῦν
938 2323 1106 2379 Χριστὸν
1135 2326 1175 2366 ἐν
1202 2328 1254 2381 τῷ
1281 2330 1460 2382 Γολγοθᾷ
1492 2327 1782 2379 ἐσταυρῶσθαι,
1823 2323 1897 2368 οὔκ

372 2393 463 2452 ἄλλῃ
495 2411 593 2445 που,
637 2392 713 2435 ἀλλ’
738 2393 765 2447 ἢ
790 2395 889 2435 ἔνθα
912 2394 1035 2434 ἔκειτο
1057 2391 1099 2434 τὸ
1126 2397 1195 2434 τοῦ
1217 2391 1338 2447 Ἀδάμ
1361 2398 1483 2446 σῶμα.
1541 2391 1732 2443 Ἐξελθιᾶν
1756 2392 1828 2449 γάρ
1853 2394 1896 2435 ἐκ

371 2466 440 2503 τοῦ
469 2453 739 2517 Παραδείσου,
783 2463 847 2503 καὶ
878 2460 1114 2517 κατῳκηκώς
1142 2462 1342 2503 κατέναντι
1371 2460 1492 2503 αὐτοῦ
1521 2466 1649 2518 πολλῷ
1678 2466 1733 2518 τῷ
1758 2459 1895 2517 χρόνῳ,

374 2531 440 2571 καὶ
465 2529 530 2572 διά
554 2535 705 2572 πολλῶν
734 2535 812 2572 τῶν
840 2528 995 2584 ἡμερῶν
1025 2528 1212 2580 διελθών,
1243 2528 1404 2585 ὕστερον
1434 2525 1531 2583 ἦλθε
1552 2531 1618 2571 καὶ
1648 2531 1688 2571 ἐν
1707 2534 1759 2586 τῷ
1788 2528 1896 2586 τόπῳ

375 2597 500 2655 τούτῳ
514 2632 523 2649 ,
553 2596 829 2653 Ἱεροσολύμων
851 2599 893 2639 δέ
915 2615 1037 2651 φημι,
1067 2596 1109 2638 τὸ
1130 2596 1249 2652 χρεών
1271 2595 1531 2646 ἀποδεδωκώς
1549 2599 1616 2639 καὶ
1635 2599 1753 2639 ἐκεῖσε
1774 2595 1896 2651 ἐτάφη

375 2668 415 2707 ἐν
446 2672 499 2724 τῷ
525 2666 633 2724 τόπῳ
666 2672 719 2724 τῷ
743 2670 934 2723 Γολγοθᾷ.
982 2664 1109 2706 ΓΌθεν
1134 2664 1291 2714 εἰκότως
1320 2665 1363 2707 τό
1389 2665 1594 2719 ἐπώνυμον
1618 2663 1641 2707 ὁ
1661 2663 1781 2713 τόπος
1801 2666 1895 2718 ἔσχε,

379 2738 554 2789 Κρανίου
579 2734 885 2789 ἑρμηνευόμενος
908 2732 1047 2784 τόπος,
1086 2728 1134 2786 ἧς
1156 2731 1365 2786 ὀνομασίας
1386 2733 1429 2776 τὸ
1451 2737 1576 2788 σχῆμα
1597 2738 1667 2775 τοῦ
1687 2731 1813 2774 τόπου
1834 2735 1896 2787 ἐμ-

377 2802 537 2858 φέρειάν
565 2820 648 2844 τινα
677 2801 745 2856 οὐχ
773 2801 1058 2845 ύποδείκνυσιν.
1123 2800 1221 2843 Οὔτε
1250 2801 1322 2858 γάρ
1353 2804 1394 2844 ἐν
1422 2801 1524 2859 ἄκρα
1552 2803 1627 2843 τινὶ
1653 2806 1794 2852 κεῖται,
1832 2803 1897 2843 ἵνα

418 2925 449 2961 4.
473 2931 624 2969 Rescripsi
645 2926 687 2964 δι’
708 2927 749 2972 ἥν
769 2941 829 2964 που
851 2930 923 2967 νῦν,
949 2939 1018 2961 cum
1038 2930 1107 2960 libri
1154 2928 1299 2960 Christus
1336 2929 1377 2961 ad
1410 2929 1535 2961 inferos
1572 2939 1670 2972 usque
1706 2927 1890 2960 descendit.

372 2985 473 3006 omnes
497 2977 638 3006 haberent
669 2971 711 3009 δι’
739 2970 780 3018 ἣν
810 2976 865 3009 τοῦ
894 2976 958 3008 νῦν.
1007 2976 1109 3006 Verte:
1158 2976 1325 3007 Cornarius
1343 2977 1450 3006 vertit:
1474 2975 1521 3006 Ob
1540 2985 1635 3017 quam
1652 2972 1750 3016 igitur
1768 2985 1895 3005 causam

375 3031 437 3063 qua
472 3031 588 3062 nempe
629 3032 722 3052 causa
760 3023 868 3063 (intell.
902 3019 957 3053 τοῦ
992 3018 1108 3061 ἐλεεῖν)
1158 3019 1301 3051 Christus
1333 3031 1432 3063 usque
1466 3019 1507 3052 ad
1537 3019 1666 3051 inferna
1698 3017 1893 3051 descendit?
