2034 3267
477 145 655 178 PANARH
679 145 801 178 L113.1.
827 145 932 178 ToM.
952 146 1007 177 111.
1032 144 1284 178 HAER.XL11.
1564 137 1643 178 663

117 222 266 264 Pudeat
290 230 327 264 te
348 224 516 264 secunda
541 222 737 280 Babylon,
771 238 814 265 ae
835 224 1090 266 Sodomorum
1114 238 1215 265 nova
1236 225 1427 266 confusio.
1490 223 1644 278 Quous-

117 305 189 346 que
221 291 371 345 linguas
402 291 495 332 istas
527 293 766 333 confundes?
826 291 1038 347 Quousque
1069 299 1201 332 eontra
1237 306 1304 333 eos
1335 292 1470 346 quibus
1502 306 1643 333 nocere

117 358 209 399 nihil
230 365 339 413 potes
362 365 462 399 tuam
483 360 648 400 armabis
667 360 892 400 audaciam?
927 358 1029 400 Nam
1051 359 1198 413 angelis
1220 361 1296 400 vim
1318 361 1464 401 moliris
1482 361 1640 411 afferre,

116 433 155 466 et
187 426 233 466 ab
266 427 429 467 eeclesia
461 427 635 468 veritatis
665 441 865 468 sermones
893 427 1112 477 abiudieaS,
1157 428 1263 481 quasi
1291 428 1342 468 ita
1368 434 1541 468 sanetum
1565 426 1644 468 Lot

116 494 337 548 alloquare:
373 497 475 533 Educ
498 498 597 534 viros
622 497 718 534 illos.
784 493 929 536 Verum
954 501 1040 534 tuus
1064 495 1102 533 in
1127 501 1163 534 te
1187 502 1347 535 conatus
1370 496 1536 546 recidet,
1572 505 1826 536 neo‹³en.19.⁵.

114 562 200 602 ideo
233 561 407 602 veritatis
440 562 525 602 illos
556 576 755 603 sermones
783 561 914 612 eiicis,
958 562 1024 602 sed
1050 561 1270 616 tibimetipsi
1295 563 1518 603 caecitatem
1544 564 1642 604 infli-

114 629 195 682 gis,
229 637 343 683 atque
368 630 405 669 in
429 630 656 670 densissima
680 630 802 670 noetis
825 629 989 683 caligine
1012 629 1201 679 versaris,
1237 630 1340 669 fores
1364 630 1536 685 palpans,
1571 644 1642 671 nee

113 697 338 748 inveniens,
386 698 507 737 donee
538 697 595 737 sol
627 704 732 737 ortus
765 696 902 747 fuerit,
952 704 1064 750 tuque
1093 696 1220 736 iudicii
1248 697 1345 737 diem
1372 698 1558 752 aspicias,
1602 698 1640 738 in

114 779 187 818 quo
219 765 427 805 mendaciis
459 765 532 805 tuis
561 764 705 804 vindex
736 765 833 818 ignis
860 772 1052 804 occurrat.
1115 762 1217 804 Nam
1243 764 1301 804 hie
1326 771 1387 816 te,
1435 765 1489 805 uti
1513 766 1638 816 vides,

113 839 307 886 expectat.
372 830 555 873 Ceterum
579 833 675 886 apud
698 831 911 886 apostolum
935 845 1010 871 non
1032 831 1194 885 legitur,
1226 835 1382 884 Propter
1401 836 1538 885 legem,
1573 833 1640 874 sed

112 900 203 940 illud
226 913 247 940 a
272 906 307 940 te
334 913 530 955 perperam
554 907 614 940 est
634 899 837 940 adiectum.
902 897 1013 952 Quod
1036 899 1067 939 si
1090 899 1190 939 istud
1213 900 1443 951 addidisset,
1477 914 1641 942 eonsen-

113 975 266 1008 taneum
299 967 335 1008 ei
367 969 489 1017 foret,
534 967 632 1021 quod
665 967 710 1007 ab
743 967 824 1007 eius
856 967 1009 1006 domino
1042 968 1164 1007 suerat
1195 967 1359 1018 dic-tum,
1405 983 1476 1007 non
1503 972 1643 1008 venisse

111 1051 150 1076 se
182 1045 225 1075 ut
253 1039 369 1087 legem
398 1037 575 1082 solveret,
610 1037 675 1073 sed
705 1043 746 1073 ul
773 1037 1002 1086 adimpleret.

224 1101 357 1144 Sehol.
380 1100 481 1143 XIV
506 1110 544 1142 et
568 1100 707 1142 XXII.
757 1105 798 1141 In
833 1105 913 1154 lege
943 1106 1120 1155 scriplum
1154 1110 1230 1142 est:
1274 1105 1452 1153 Quoniam
1482 1106 1519 1142 iti
1550 1105 1840 1151 alieslnoragzl.

111 1174 250 1223 linguis
279 1179 317 1210 et
345 1172 452 1209 labiis
481 1173 567 1209 alies
598 1173 730 1222 loquar
755 1172 893 1222 populo
924 1173 1023 1209 Ιιαῖε.

221 1238 354 1279 Refut.
379 1237 481 1279 XIV
506 1245 542 1278 et
562 1236 702 1278 XXII.
750 1236 836 1278 Nisi
868 1238 932 1278 illa
964 1251 1060 1292 quae
1091 1238 1129 1278 in
1161 1238 1246 1292 lege
1271 1238 1461 1294 praedicta
1486 1239 1640 1279 fuerant

110 1306 286 1347 dominus
306 1306 524 1361 implesset,
561 1306 647 1360 quid
670 1306 856 1346 attinebat
878 1306 1091 1360 apostolum
1115 1319 1160 1346 ea
1186 1320 1511 1358 commemorare,
1543 1320 1638 1362 quae

110 1388 160 1415 ex
182 1375 267 1428 lege
288 1374 412 1415 veteri
435 1376 587 1414 fuerant
611 1374 649 1413 in
670 1387 771 1414 novo
796 1380 1026 1414 testamento
1051 1375 1247 1429 perfecta?
1306 1372 1637 1427 Quemadmodum

109 1449 148 1482 et
168 1443 342 1483 salvator
362 1442 445 1497 ipse
471 1442 731 1491 demonstrat,
765 1442 926 1482 eundem
952 1456 993 1482 se
1018 1455 1106 1482 esse
1132 1441 1193 1496 qui
1220 1449 1296 1482 tum
1319 1443 1356 1482 in
1381 1442 1465 1496 lege
1486 1442 1638 1483 locutus

109 1518 193 1561 est,
225 1511 262 1551 in
287 1511 387 1550 hunc
410 1511 561 1550 modum
584 1509 878 1550 interminatus:
916 1513 1000 1549 Ideo
1021 1511 1185 1564 ffe'lsus
1195 1512 1266 1563 sui
1277 1513 1516 1561 generationi
1531 1512 1631 1558 lmz'c,
1653 1522 1702 1549 Ps.
1719 1522 1760 1557 9⁸,
1782 1522 1820 1551 ιο.

109 1587 147 1618 et
168 1582 270 1626 clivi,
315 1594 456 1630 semper
482 1581 524 1617 lii
546 1586 676 1617 errant
699 1581 826 1624 corde,
875 1585 932 1628 et,
976 1581 1107 1617 Iuravi
1127 1581 1164 1616 si
1183 1579 1389 1617 introibunt
1413 1581 1450 1617 in
1475 1581 1637 1631 requiem

110 1662 236 1686 meam.
300 1644 514 1701 Propterea
538 1646 577 1686 in
599 1645 682 1686 aliis
706 1645 847 1699 linguis
872 1645 1086 1686 locuturum
1112 1659 1154 1686 se
1179 1659 1267 1686 esse
1292 1645 1552 1696 denuntiavit,
1597 1652 1638 1686 ut

110 1722 149 1756 et
174 1715 324 1755 locutus
352 1721 434 1765 est,
478 1727 549 1754 nee
572 1713 737 1768 ingressi
762 1713 815 1753 illi
840 1721 942 1754 sunt.
1006 1712 1235 1754 Huiusmodi
1259 1714 1359 1754 enim
1385 1713 1560 1768 quiddam
1582 1714 1638 1754 di-

110 1782 266 1837 scipulis
287 1783 367 1822 suis
390 1781 536 1822 dixisse
559 1782 721 1835 legitur:
758 1783 865 1820 Vobis
883 1784 1007 1821 datum
1027 1790 1084 1821 est
1103 1796 1210 1821 nosse
1230 1785 1405 1833 mysteria
1422 1785 1536 1833 regne·
1550 1785 1630 1822 dei:
1652 1794 1762 1837 ruauh.

109 1853 186 1890 illis
210 1859 329 1890 alitem
355 1854 392 1889 in
412 1851 623 1902 parabolis,
670 1857 712 1888 ut
732 1852 892 1889 videntes
918 1865 989 1889 non
1016 1852 1163 1889 videant
1182 1857 1252 1888 etc.
1317 1847 1415 1890 Cum
1440 1849 1568 1904 Itaque
1594 1851 1634 1891 in
1646 1830 1835 1898 dizititlltstz

110 1933 210 1959 novo
236 1925 466 1959 testamento
490 1932 535 1958 ea
561 1917 697 1971 ubique
719 1918 796 1957 sint
812 1917 965 1972 impleta
987 1931 1083 1972 quae
1104 1918 1140 1957 in
1164 1924 1297 1958 vetere
1322 1917 1632 1968 continebantur,

109 1987 284 2027 dubitare
315 2000 428 2026 nemo
460 1992 585 2040 potest
617 1985 705 2039 quin
738 1984 906 2025 eiusdem
939 1985 1049 2026 ambo
1074 1992 1303 2026 testamenta
1333 1985 1392 2026 dei
1418 1985 1517 2037 sint,
1559 2000 1635 2026 non

109 2054 267 2095 alterius
299 2069 343 2094 ac
375 2053 534 2094 diversi.

222 2121 355 2163 Schol.
381 2119 463 2162 XV
487 2128 526 2160 et
551 2118 710 2161 XXIII.
759 2123 938 2161 Mulieres
961 2124 997 2160 in
1023 2124 1177 2161 ecclesia
1209 2129 1366 2160 taceant.
1429 2124 1514 2161 Non
1538 2125 1631 2161 em'm
1646 2135 1834 2170 1.Cor.13‚34.

104 2193 335 2242 permillitur
364 2191 440 2228 illis
470 2191 590 2241 loqui,
625 2192 691 2227 sed
717 2190 884 2228 subditae
912 2192 1006 2237 sz'nt,
1040 2193 1139 2229 sieut
1167 2198 1205 2229 et
1234 2192 1295 2229 [ειη
1323 2193 1426 2229 dicit.

223 2326 356 2367 Refut.
383 2323 465 2366 XV
491 2331 529 2365 et
549 2322 707 2365 XXIII.
757 2322 800 2366 Si
825 2338 876 2366 ex
900 2325 996 2380 legis
1021 2326 1256 2381 praescripto
1284 2325 1550 2367 sanctissimus
1573 2326 1632 2366 dei

109 2395 306 2450 apostolus
337 2393 526 2434 ecclesiae
561 2393 731 2433 ordinem
765 2407 808 2433 ae
836 2393 1072 2448 disciplinam
1096 2393 1315 2444 constituit,
1358 2408 1434 2434 non
1465 2394 1541 2434 erit
1568 2394 1633 2434 lex

109 2462 255 2504 ordinis
282 2475 446 2517 expers,
480 2475 500 2501 e
527 2474 598 2515 qua
624 2460 795 2501 ordinem
821 2462 1017 2516 apostolus
1041 2461 1254 2512 transtulit,
1288 2475 1412 2516 neque
1438 2461 1483 2502 ab
1508 2462 1632 2502 alieno

109 2532 180 2572 deo
201 2531 486 2586 proficiscetur,
520 2543 616 2582 quae
639 2529 724 2570 viro
747 2529 922 2570 feminam
946 2543 1032 2570 esse
1054 2529 1260 2570 subiectam
1287 2529 1486 2584 praecipit.
1546 2528 1633 2570 Hoc

109 2599 209 2639 enim
234 2606 272 2638 et
293 2597 466 2652 apostolo
486 2597 525 2636 iu
550 2596 757 2637 condendis
781 2597 969 2638 ecclesiae
989 2597 1136 2652 legibus
1159 2596 1314 2652 placuit,
1347 2605 1388 2638 ut
1410 2597 1492 2652 ipse
1515 2604 1631 2638 testa-

109 2673 185 2717 tur,
214 2670 322 2707 Sicut
343 2673 380 2704 et
402 2668 464 2704 leae
486 2668 589 2704 det-it.
645 2662 723 2705 Sed
747 2664 898 2705 ubinam
921 2666 1070 2706 demum
1093 2665 1167 2705 ista
1186 2665 1252 2705 lex
1273 2664 1388 2706 dicit?
1437 2663 1629 2705 Nimirum

110 2747 156 2774 eo
177 2734 216 2775 in
239 2734 324 2774 loeo
350 2732 413 2773 ubi
438 2733 489 2773 ita
511 2731 686 2772 dominus
710 2731 832 2773 Evam
857 2732 1082 2788 alloquitur:
1115 2735 1181 2772 Ad
1203 2736 1320 2772 virum
1344 2736 1419 2772 erit
1438 2737 1626 2773 conversio
1646 2747 1815 2781 Gen.3,1o.

111 2810 195 2850 teca,
229 2810 266 2842 et
289 2805 365 2854 ipse
387 2802 635 2840 dominabitur
658 2802 735 2839 tibi.
798 2799 900 2841 Nam
927 2802 998 2842 etsi
1022 2801 1214 2856 plerisque
1239 2801 1323 2841 aliis
1348 2799 1387 2841 in
1413 2801 1508 2842 loeis
1530 2801 1628 2841 idem

110 2870 310 2924 repetitum
345 2869 479 2919 fuerit,
522 2868 598 2908 illic
630 2875 754 2908 tamen
790 2869 948 2922 primum
982 2876 1041 2910 est
1065 2875 1301 2922 usurpatum.
1364 2866 1442 2909 Iam
1469 2883 1552 2910 cum
1579 2883 1629 2910 ex
