2034 3267
1659 205 1675 212 v

515 214 689 246 rminn
716 214 798 244 Lm.
820 214 844 245 1.
868 213 973 246 TOM.
994 214 1034 244 11.
1060 197 1189 245 inea.
1212 212 1342 244 xxiv.
1606 205 1680 242 150

164 295 347 334 roborare
369 300 571 333 conantur.
632 291 734 332 Nam
758 293 962 341 Abi-asax,
998 299 1037 332 ut
1058 298 1144 331 ante
1167 291 1262 340 dixi,
1297 287 1524 331 CCCLXV
1551 303 1684 329 nume-

163 376 247 401 rum
269 361 455 400 continet.
518 359 617 399 Hinc
643 360 758 413 igitur
782 360 843 398 isti
871 360 1026 398 totidem
1055 359 1187 398 diebus
1209 358 1342 397 conlici
1369 358 1456 398 anni
1480 357 1682 397 circuitum

164 434 360 469 asserunt.
422 426 498 468 Sed
521 427 643 466 inanis
668 428 760 466 baec
782 427 905 464 oratio
931 439 997 479 per
1024 427 1187 479 seipsam
1214 424 1388 464 concidat
1418 438 1579 465 necesse
1606 431 1680 464 est.

167 494 363 549 Siquidem
388 509 508 535 annus
534 501 686 548 praeter
703 490 932 533 CCCLXV
948 492 1028 531 dies
1051 493 1169 532 trihus
1196 493 1353 546 insuper
1375 492 1478 531 horis
1503 499 1683 532 constare

165 563 350 603 cernitur.
413 560 557 602 Eadem
593 574 711 608 vern,
754 559 899 612 inquit,
948 558 1042 598 haec
1082 573 1218 599 caussa
1257 566 1316 599 est
1348 574 1415 599 cur
1452 559 1488 599 in
1532 559 1684 598 homine

167 627 395 671 CCCLXV
427 629 596 669 membra
627 627 726 675 sint,
771 632 812 665 ut
846 625 1038 678 quaelibet
1066 625 1212 665 illarum
1239 625 1434 666 Virtutum
1469 640 1578 665 suum
1611 625 1684 665 sibi

165 697 362 737 vindicare
384 696 518 749 possit.
569 693 611 734 In
635 706 707 746 quo
731 692 880 745 quidem
902 694 1102 731 confictum
1125 691 1214 731 illud
1239 693 1568 747 adulterinumque
1593 694 1686 746 dog-

167 778 228 805 ma
259 778 335 803 non
368 764 491 803 minus
518 760 676 801 corruit.
738 757 888 813 Quippe
915 773 989 798 non
1022 759 1131 812 plura
1153 756 1401 800 CCCLXlV
1436 761 1616 800 membris
1646 760 1686 800 in

167 831 318 872 homine
350 836 611 870 numerantur.

281 899 338 938 Ac
366 898 495 937 beatus
525 894 587 934 ille
612 893 871 948 apostolorum
906 906 1112 932 successor
1142 891 1326 932 irenaeus
1359 893 1534 933 subtilius
1568 908 1613 934 ea
1636 894 1681 933 de

167 980 208 1006 re
241 966 433 1019 disputans
466 961 629 1001 bominis
665 960 863 1000 stultitiam
905 974 989 1000 cum
1022 959 1103 1014 pari
1146 960 1405 1000 imbecillitate
1441 961 1683 1001 coniunctam

171 1047 261 1074 sane
285 1029 555 1071 admirabiliter
583 1028 765 1068 convicit.
826 1026 914 1067 Nec
948 1028 1073 1067 minus
1108 1027 1145 1067 in
1178 1028 1398 1081 praesentia
1433 1028 1558 1067 sutiles
1584 1028 1685 1068 eius-

167 1102 250 1141 dem
266 1097 452 1139 Basilidae
479 1109 600 1149 nugae
626 1096 850 1135 refellentur
873 1095 934 1149 qui
960 1109 980 1135 e
1003 1095 1112 1136 coelo
1135 1096 1311 1149 delapsus
1334 1102 1371 1134 et
1398 1094 1582 1134 coelestia
1607 1110 1686 1134 ma-

168 1168 302 1208 nifeste
322 1163 600 1217 contemplatus
623 1170 696 1213 est,
731 1163 791 1203 vel
817 1177 836 1203 e
861 1163 970 1203 coelo
994 1162 1135 1217 potius,
1171 1162 1241 1202 hoc
1268 1170 1328 1202 est
1349 1176 1466 1216 scopo
1492 1162 1683 1212 veritatis,

168 1233 323 1275 excidit.
382 1229 483 1270 Nam
518 1230 550 1270 si
585 1231 732 1270 coelum
770 1231 869 1270 istud
906 1231 951 1271 ab
980 1229 1144 1284 Angelis
1167 1244 1263 1283 quos
1300 1229 1361 1269 ille
1398 1228 1596 1268 constituit
1627 1237 1688 1268 est

165 1301 409 1356 productum,
444 1305 482 1336 et
505 1298 529 1337 ii
560 1312 694 1338 rursus
720 1312 740 1337 a
762 1298 1049 1352 superioribus,
1093 1298 1315 1351 superiores
1341 1311 1360 1336 a
1386 1299 1575 1351 supremis
1600 1311 1687 1349 pro-

163 1367 281 1408 creati
308 1372 419 1414 sunt,
463 1379 509 1405 eo
541 1379 604 1405 res
640 1366 814 1405 nimirum
846 1365 1013 1414 recidet,
1057 1372 1097 1404 ut
1133 1379 1278 1404 summa
1307 1363 1371 1404 illa
1395 1363 1556 1413 Virtus,
1588 1377 1686 1417 quae

164 1434 345 1474 Abrasax
374 1432 534 1482 dicitur,
577 1432 761 1473 universa
796 1432 1030 1482 condiderit,
1072 1432 1198 1485 sitque
1227 1433 1395 1471 omnium
1424 1444 1686 1484 quaecumque

163 1508 253 1541 sunt
275 1514 428 1550 caussa,
462 1513 533 1539 uec
558 1500 701 1554 absque
724 1501 786 1540 illa
811 1500 1011 1554 quicquam
1032 1499 1220 1549 extiterit,
1250 1514 1333 1539 cum
1362 1501 1453 1539 baec
1478 1498 1558 1552 ipsa
1583 1498 1686 1552 prin-

163 1569 300 1624 cipium
336 1582 381 1608 ac
416 1568 575 1622 primum
614 1581 741 1607 rerum
774 1567 940 1607 omnium
979 1567 1178 1621 exemplar
1207 1567 1253 1607 ab
1288 1566 1363 1607 illis
1395 1580 1480 1607 esse
1514 1567 1684 1615 ‹licatur3

164 1638 335 1690 adeoque
362 1636 536 1689 sequitur
567 1635 692 1675 mundi
727 1635 837 1674 huius
866 1648 977 1688 quem
1008 1642 1147 1674 vocant
1177 1635 1366 1675 defectum
1400 1649 1475 1674 nou
1507 1635 1550 1674 ad
1585 1633 1686 1672 aliud

166 1718 252 1745 esse
274 1718 384 1757 quam
407 1704 452 1743 ad
479 1703 639 1758 primum
665 1703 752 1742 illud
778 1702 1003 1757 principium
1028 1715 1281 1755 caussamque
1311 1716 1442 1742 eorum
1469 1715 1564 1755 quae
1596 1707 1686 1740 sunt

166 1778 296 1826 postea
330 1773 427 1811 facta
462 1771 721 1811 referendum.
784 1768 876 1809 lllud
903 1784 996 1809 vero
1024 1770 1069 1809 de
1097 1769 1230 1808 eodem
1268 1771 1485 1823 percontari
1517 1774 1682 1822 oportet.

166 1838 267 1893 Quid
293 1848 331 1879 tu
355 1839 530 1887 tandem,
566 1838 614 1877 mi
639 1838 772 1888 bomo,
813 1851 882 1876 nos
914 1837 950 1876 in
985 1843 1125 1876 tantam
1158 1837 1435 1877 multitudinem
1462 1835 1686 1890 compellis?

165 1922 209 1946 ac
238 1921 312 1946 non
338 1905 462 1959 potius
491 1906 536 1945 ad
562 1905 785 1960 principium
815 1905 957 1958 ipsum,
993 1905 1063 1944 hoc
1091 1911 1149 1944 est
1174 1919 1288 1944 unum
1316 1905 1425 1944 deum
1451 1912 1486 1944 et
1513 1903 1685 1957 omnipo·

167 1982 331 2023 tentem,
365 1974 545 2013 deducis?
585 1972 886 2026 quandoquidem
923 1972 1004 2011 sive
1037 1972 1108 2012 hoc
1143 1973 1227 2011 sive
1261 1973 1336 2012 alio
1373 1973 1485 2012 modo
1519 1979 1682 2019 statuas,

166 2056 280 2081 unum
307 2041 462 2080 omniuo
490 2055 614 2080 rerum
641 2039 807 2079 omnium
836 2039 1059 2093 principium
1093 2054 1136 2079 ac
1159 2040 1350 2080 dominum
1379 2039 1490 2079 fateri
1522 2051 1684 2078 necesse

165 2109 229 2149 sit.
275 2107 377 2162 Quin
402 2108 472 2148 hoc
495 2108 608 2148 velim
630 2107 718 2146 mihi
742 2106 901 2146 l'abulosi
926 2106 1035 2146 buius
1055 2107 1259 2147 commenti
1284 2107 1493 2147 architecte
1511 2107 1556 2146 de
1572 2103 1686 2146 Chri-

165 2184 225 2216 sto
254 2177 503 2230 respondeas.
568 2173 610 2215 Si
644 2176 680 2213 iu
718 2187 870 2214 crucem
896 2172 1028 2214 Simon
1057 2174 1117 2214 ille
1143 2172 1372 2229 Cyrenaeus
1405 2181 1464 2214 est
1494 2174 1683 2222 sublatus,

167 2258 242 2283 non
275 2243 392 2297 igitur
415 2257 482 2298 per
511 2241 705 2283 Christum
741 2248 848 2295 parta
876 2241 986 2282 nobis
1014 2249 1073 2281 est
1103 2242 1229 2292 salus,
1275 2242 1341 2282 sed
1374 2256 1441 2295 per
1467 2239 1681 2289 Simonem,

167 2325 236 2351 nec
254 2310 329 2351 iam
355 2325 422 2365 per
444 2309 638 2351 Christum
666 2309 826 2348 mundus
850 2309 994 2349 salvum
1018 2310 1100 2349 fore
1124 2323 1165 2349 se
1188 2323 1346 2363 sperare
1370 2309 1522 2359 debeat,
1555 2314 1685 2362 utpote

167 2379 228 2432 qui
256 2378 411 2419 minime
443 2378 492 2418 sit
518 2390 666 2432 passus.
729 2374 867 2429 Neque
892 2377 992 2416 enim
1016 2377 1149 2416 salutis
1182 2390 1268 2416 esse
1292 2390 1428 2416 caussa
1453 2374 1586 2416 Simon
1618 2389 1685 2429 po-

165 2452 263 2497 test,
296 2460 413 2500 purus
440 2445 568 2498 utique
597 2458 640 2483 ac
672 2451 783 2497 putus
814 2443 949 2494 homo,
995 2457 1119 2498 neque
1149 2444 1349 2498 quicquam
1385 2443 1560 2497 amplius.
1622 2442 1685 2481 Ad

167 2514 260 2554 haec
294 2513 531 2567 unigenitum
560 2512 619 2551 dei
645 2511 756 2551 filium
783 2511 992 2552 calumniae
1018 2513 1275 2561 condemnas,
1309 2512 1341 2551 si
1367 2512 1527 2551 alterum
1560 2510 1684 2549 bonus

167 2581 342 2621 dominus
365 2580 556 2620 violenter
579 2579 624 2619 ad
652 2592 784 2618 necem
807 2593 877 2618 suo
903 2579 987 2619 loco
1013 2580 1224 2619 tradiderit.
1284 2577 1372 2619 Nec
1392 2579 1491 2618 aliud
1519 2584 1596 2617 tota
1621 2590 1685 2617 res

166 2656 320 2704 praeter
353 2647 541 2688 somnium
569 2646 665 2696 erit,
699 2646 773 2686 imo
798 2645 1044 2700 malignitatis
1070 2646 1438 2701 praestigiarumqne
1470 2645 1681 2699 specimen,

167 2730 251 2755 cum
272 2716 517 2769 semetipsum
544 2714 719 2754 dominus
746 2714 994 2754 fraudulentis
1014 2714 1159 2754 artibus
1181 2714 1397 2754 subducens
1419 2713 1476 2753 sui
1501 2711 1684 2753 vicarium

167 2783 327 2823 alterum
352 2782 573 2822 substituat.
619 2779 760 2834 Sicque
782 2788 845 2820 tua
869 2781 931 2822 illa
951 2782 1176 2821 stultissima
1205 2781 1397 2821 cavillatio
1423 2779 1574 2821 veritati
1601 2780 1682 2833 qui-

169 2849 251 2889 dem
273 2849 501 2890 calumniam
524 2855 662 2898 struet,
696 2862 766 2888 nec
790 2850 887 2902 quod
910 2849 1015 2890 volet
1037 2857 1162 2890 tamen
1186 2849 1340 2902 assequi
1365 2848 1519 2904 poterit,
1548 2847 1615 2889 sed
1638 2847 1683 2886 de

169 2995 235 3025 cod.
251 2997 344 3027 Valic.
359 3019 369 3035 ‚
391 2997 583 3027 desideratur
604 2997 636 3027 in
656 2996 722 3027 cod.
743 2996 869 3036 Rhediq.
887 2999 912 3028 et
937 2998 1006 3029 edit.
1027 2998 1125 3037 princ.

1709 898 1888 941 cap.V111.
