2034 3267
418 173 591 205 PANARH
624 174 722 205 ADV.
744 173 962 204 HAERESES
987 173 1067 204 LIB.
1090 173 1111 203 1.
1136 172 1239 204 TOM.
1263 172 1284 202 l.
1554 162 1606 200 59

211 255 268 294 Ac
294 254 391 306 quod
419 253 463 292 ad
490 250 650 292 Iudaeos
673 253 766 292 istos
791 253 947 301 attinet,
989 251 1031 291 ad
1058 250 1147 290 illud
1173 263 1289 303 usque
1316 257 1487 303 tempus,
1531 263 1604 303 quo
1632 257 1707 300 Cap.
1735 258 1772 288 V.

99 336 147 362 ex
178 319 412 375 Babylonica
441 319 625 359 servitute
658 319 802 359 reversi
838 326 947 368 sunt,
990 318 1058 358 hos
1088 325 1125 357 ct
1153 317 1353 372 prophetas
1385 323 1421 356 et
1446 317 1607 370 prophe-

100 396 219 430 tarum
260 388 376 428 libros
416 387 640 426 habuerunt.
700 385 851 425 Primus
889 393 947 425 est
979 385 1178 425 Geneseos
1210 384 1326 434 liber,
1373 382 1424 423 II.
1461 383 1604 434 Exodi,

99 455 170 495 III.
204 453 427 503 Leviticus,
464 453 532 493 IV.
566 452 749 500 Numeri,
785 451 835 491 V.
870 451 1234 501 Deutermmmium,
1268 450 1339 491 VI.
1372 450 1491 491 Liber
1518 449 1608 491 Iesu

99 522 163 562 filii
186 521 324 572 Nave,
358 519 450 561 VII.
485 520 674 568 Iudicum,
708 517 818 558 VIII.
853 517 1005 568 Rhuth,
1038 516 1113 558 IX.
1147 517 1237 567 Iob,
1273 516 1328 558 X.
1362 517 1605 568 psalterium,

99 588 174 630 XI.
208 588 419 629 Parabolae
445 586 676 635 Salomonis,
710 583 804 625 XII.
832 584 1104 635 Ecclesiastes‚
1137 583 1252 624 XIII.
1281 583 1482 625 Canticum
1507 583 1609 626 Can-

101 657 283 706 ticorum,
329 654 444 696 XIV.
478 654 597 695 Liber
626 652 657 693 I.
698 651 944 703 Regnorum,
990 649 1086 691 XV.
1125 649 1246 690 Liber
1272 650 1323 690 II.
1367 651 1606 706 Regnorum,

99 722 216 765 XVI.
237 722 358 764 Liber
373 722 444 763 III.
467 721 702 774 Regnorum,
725 716 861 758 XVII.
879 717 998 757 Liber
1013 716 1084 758 IV.
1105 717 1346 770 Regnorum,
1369 717 1524 759 XVIII.
1542 719 1609 759 Li-

100 790 170 831 ber
194 789 226 831 I.
259 789 600 844 Paralipomenon,
631 784 750 826 XIX.
780 784 898 825 Liber
922 784 972 826 II.
1000 783 1337 838 Paralipomenon,
1371 783 1469 824 XX.
1502 785 1610 826 Duo-

102 858 223 898 decim
245 856 541 911 Prophetarum,
573 851 693 893 XXI.
726 852 846 893 Isaias
871 852 1076 907 propheta,
1108 849 1247 891 XXII.
1281 850 1497 892 Hieremias
1523 867 1610 906 pro-

103 926 235 980 pheta,
282 939 364 964 cum
394 919 772 969 Lamentationibus,
819 927 857 960 et
887 918 1068 973 Epistolis
1108 925 1180 958 tam
1220 918 1301 958 eius
1339 932 1449 972 quam
1489 917 1610 959 Baru-

103 993 186 1042 ehi,
232 989 389 1032 XXIII.
421 987 627 1038 Ezechiel,
673 985 832 1027 XXIV.
866 985 1027 1036 Daniel,
1069 984 1208 1026 XXV.
1242 984 1362 1026 Liber
1382 985 1413 1025 Ι.
1442 984 1607 1036 Esdrae,

101 1058 260 1099 XXVI.
302 1055 420 1097 Liber
455 1054 605 1095 Esdrae
638 1053 717 1104 lI.,
768 1053 947 1094 XXVII.
989 1052 1147 1094 Esther.
1223 1052 1352 1106 Atque
1393 1053 1485 1092 haec
1523 1060 1612 1093 sunt

102 1124 263 1166 XXVII
288 1122 500 1171 volumina,
547 1136 641 1176 quae
674 1120 825 1162 Iudaeis
856 1128 945 1161 sunt
975 1134 1161 1161 concessa
1191 1120 1395 1170 divinitus,
1441 1134 1535 1173 quae
1565 1120 1611 1159 ad

102 1191 224 1233 XXII
255 1205 321 1245 pro
348 1189 541 1229 literarum
570 1203 665 1243 quae
697 1190 793 1244 apud
824 1188 1022 1229 Hebraeos
1057 1196 1146 1228 sunt
1176 1202 1334 1228 numero
1365 1188 1609 1240 rediguntur3

102 1266 297 1314 propterea
329 1258 426 1311 quod
454 1255 494 1296 X
525 1271 576 1297 ex
607 1257 680 1296 illis
713 1257 748 1296 in
783 1256 944 1310 quinque
976 1256 1063 1309 iuga
1093 1255 1382 1295 distribuuntur.
1444 1254 1503 1294 De
1538 1269 1612 1308 quo

101 1326 173 1366 alio
203 1325 287 1364 loeo
319 1325 516 1379 perspicue
552 1323 841 1378 disputavimus,
903 1322 1003 1364 Sunt
1030 1329 1068 1362 et
1092 1323 1155 1362 alii
1184 1322 1257 1362 duo
1282 1323 1390 1372 libri,
1436 1336 1530 1375 quos
1558 1321 1612 1361 illi

102 1406 168 1447 pro
192 1391 313 1432 dubiis
338 1392 495 1441 habent,
529 1391 704 1431 nimirum
730 1390 878 1431 Sirachi
904 1398 941 1430 et
963 1388 1182 1430 Salomonis
1206 1387 1426 1444 Sapientia,
1461 1395 1613 1443 praeter

102 1459 196 1500 alios
217 1459 398 1512 quosdam
420 1460 481 1513 qui
502 1459 724 1513 apocryphi,
752 1459 822 1497 hoc
844 1464 902 1497 est
922 1457 1075 1497 obscuri
1095 1457 1285 1497 dicuntur.
1336 1455 1461 1496 Porro
1485 1456 1613 1496 omnia

101 1527 165 1567 illa
189 1534 436 1567 sacrosancta
462 1526 653 1566 volumina
675 1525 829 1565 Iudaica
850 1524 1045 1574 instituta,
1090 1524 1261 1577 legisque
1286 1523 1524 1564 ceremonias
1548 1524 1614 1563 do-

102 1595 258 1644 cebant,
291 1607 410 1648 usque
436 1595 480 1634 ad
507 1592 596 1633 Iesu
619 1591 762 1633 Christi
781 1592 981 1633 salvatoris
1002 1592 1221 1641 adventum,
1255 1591 1483 1644 omninoque
1505 1604 1615 1645 prae-

103 1662 204 1701 clare
233 1661 302 1701 sub
334 1662 402 1701 hac
431 1662 538 1714 lege,
581 1661 685 1700 velut
709 1660 868 1713 quodam
895 1659 1112 1699 institutore
1142 1672 1227 1698 cum
1250 1658 1323 1698 illis
1348 1666 1472 1698 actum
1498 1659 1610 1707 foret,

103 1729 136 1769 si
154 1743 262 1783 quem
284 1729 414 1769 eadem
435 1729 499 1769 illa
517 1729 583 1768 lex
600 1728 858 1782 praedixerat,
884 1733 1160 1780 venturumque
1176 1733 1473 1776 monstraverat,
1502 1722 1614 1766 Chri-

102 1803 200 1836 stum
231 1810 444 1850 agnoscere
475 1797 707 1845 voluissent,
753 1802 791 1834 ut
822 1795 904 1834 eius
935 1794 1169 1833 divinitatem
1202 1792 1368 1833 confessi
1396 1793 1465 1833 hoc
1490 1792 1613 1846 ipsum

103 1864 201 1917 quod
231 1877 392 1918 corpore
421 1864 612 1918 praeditus
643 1863 885 1912 advenisset,
928 1876 1003 1901 non
1033 1861 1078 1901 ad
1110 1861 1206 1914 legis
1232 1861 1473 1901 eversionem
1498 1860 1615 1915 perti-

104 1945 219 1982 nere,
261 1932 327 1971 sed
354 1931 400 1971 ad
426 1931 509 1972 eius
539 1929 900 1971 consummationem
930 1928 1210 1982 intelligerent3
1256 1928 1432 1982 quoniam
1458 1927 1615 1967 umbrae

104 2001 292 2039 duntaxat
319 2007 430 2052 atque
454 1999 641 2052 imagines
671 1998 707 2037 in
739 1997 845 2050 lege,
887 1997 925 2036 in
949 1996 1150 2050 evangelio
1170 1997 1314 2036 veritas
1337 1995 1421 2050 ipsa
1443 1994 1615 2035 contine-

104 2073 179 2106 tur.
239 2065 341 2106 Nam
371 2066 448 2106 illic
480 2065 652 2120 corporis
682 2064 916 2119 praescripta
945 2063 1185 2104 circumcisio
1219 2070 1299 2113 est,
1346 2076 1443 2117 quae
1475 2063 1512 2102 in
1545 2076 1615 2102 usu

106 2132 247 2174 tamdiu
275 2134 365 2184 fuit,
399 2134 520 2188 quoad
545 2134 680 2186 ingens
707 2139 766 2172 est
789 2133 851 2172 illa
875 2131 1114 2172 circumcisio
1139 2131 1365 2180 subsecuta,
1407 2130 1616 2184 baptismus

105 2200 306 2250 videlicet,
348 2216 420 2255 quo
446 2216 514 2241 nos
539 2215 561 2241 a
589 2200 752 2254 peccatis
778 2199 1052 2254 praecidimur,
1099 2205 1136 2238 et
1158 2198 1197 2238 in
1224 2197 1284 2238 dei
1308 2197 1459 2238 nomine
1485 2196 1615 2250 signa-

106 2283 204 2309 mur.
265 2267 468 2309 Habebant
490 2268 541 2308 illi
565 2275 759 2322 praeterea
782 2268 1001 2317 sabbatum,
1035 2266 1133 2321 quod
1159 2279 1229 2305 nos
1252 2266 1297 2305 ad
1324 2279 1499 2318 magnum
1526 2264 1616 2304 illud

107 2336 328 2385 sabbatum,
362 2336 433 2376 hoc
458 2343 515 2376 est
539 2334 680 2376 Christi
708 2335 845 2374 domini
871 2335 1058 2389 quietem,
1092 2332 1352 2388 praeparando
1376 2332 1542 2380 detinet,
1577 2338 1618 2371 ut

107 2419 130 2444 a
160 2411 315 2459 peccato
339 2411 535 2444 cessantes
561 2403 664 2442 velut
686 2403 878 2443 sabbatum
905 2402 1089 2456 quoddam
1117 2401 1155 2440 in
1178 2398 1334 2440 Christo
1360 2399 1612 2439 celebremus.

107 2470 205 2512 Erat
233 2485 349 2526 penes
380 2471 464 2511 illos
497 2478 534 2510 et
564 2470 647 2510 ovis
670 2469 822 2510 victima
847 2470 1006 2510 rationis
1032 2482 1194 2523 expers,
1236 2480 1331 2521 quae
1356 2481 1425 2506 nos
1449 2467 1494 2506 ad
1516 2466 1617 2506 illam

108 2553 281 2593 magnam
303 2538 582 2591 coelestemque
606 2538 831 2591 perduceret
851 2551 985 2588 ovem,
1028 2551 1096 2590 pro
1122 2542 1252 2575 nostra
1277 2534 1478 2587 mundique
1503 2533 1618 2572 totius

109 2607 232 2648 salute
252 2613 466 2646 mactatam.
527 2603 736 2645 Praeterea
757 2605 927 2646 instituta
948 2605 1043 2659 apud
1067 2604 1152 2643 illos
1174 2602 1373 2642 decimatio
1395 2602 1486 2651 fuit,
1521 2613 1618 2654 quae

110 2688 179 2714 nos
205 2687 251 2714 eo
275 2673 555 2728 praemuniret,
589 2686 635 2711 ne
660 2672 735 2711 iota
759 2672 928 2723 literam,
961 2686 1058 2726 quae
1081 2678 1171 2711 nota
1193 2669 1363 2709 decussis
1388 2676 1468 2720 est,
1500 2668 1618 2708 idem-

110 2755 182 2794 que
211 2740 302 2782 Iesu
331 2740 495 2780 nominis
526 2740 685 2794 primum
715 2739 943 2781 elementum
971 2740 1152 2793 ignorare
1183 2751 1397 2792 possemus.

221 2875 411 2929 Quoniam
441 2875 558 2928 igitur
587 2888 654 2929 per
684 2873 835 2914 umbras
866 2889 909 2914 ac
938 2875 1079 2927 figuras
1107 2873 1268 2913 traducti
1295 2879 1405 2922 sunt,
1439 2885 1509 2911 nec
1537 2885 1619 2911 eam
1646 2880 1722 2923 Cap.
1747 2878 1799 2911 VI.

115 2944 382 2994 perfectionem
404 2942 568 2983 assecuti
590 2956 697 2996 quam
715 2941 780 2981 lex
799 2942 940 2996 pariter
959 2956 1003 2981 ac
1026 2941 1230 2996 prophetae
1249 2940 1466 2993 caeterique
1488 2952 1618 2979 omnes
