2034 3267
461 242 637 275 PANARII
660 244 742 277 LIB.
759 244 783 276 l.
811 244 917 276 TOM.
934 245 976 276 11.
999 244 1128 276 HAER.
1147 245 1275 277 XXVI.
1545 239 1618 277 171

112 320 214 363 riaca
239 320 454 375 significet,
487 320 655 362 Hebraei
677 322 862 376 siquidem
887 323 1013 376 ignem
1040 321 1184 363 Esauth
1210 323 1429 374 nominant,
1457 322 1511 363 illi
1532 337 1625 378 prae

113 388 262 430 inscitia
284 395 396 442 atque
419 388 606 442 imperitia
626 403 672 429 eo
693 389 878 428 vocabulo
901 396 989 428 sunt
1009 389 1132 430 abusi.
1192 391 1309 444 Atqui
1331 405 1453 445 neque
1475 389 1626 446 Pyrrha

111 456 174 496 illa
198 455 436 496 Graecorum
459 455 651 495 celebrata
675 456 850 509 scriptis,
885 469 1007 509 neque
1030 457 1076 495 ab
1097 457 1170 496 illis
1193 458 1356 498 conficta
1377 457 1526 508 Noria,
1557 459 1626 498 sed

112 520 333 563 Barthenus
363 522 505 563 Noe’mi
541 522 684 562 coniux
714 521 799 561 suit.
861 520 1003 562 Graeci
1032 536 1125 562 vero
1156 521 1344 578 Pyrrham
1375 523 1624 566 Deucalionis

111 603 274 629 uxorem
306 590 422 629 fuisse
456 595 683 629 memorant.
743 586 843 627 Tum
879 602 1054 628 caussam
1091 590 1269 630 adferunt
1298 591 1409 631 iidem
1439 591 1515 642 illi,
1559 591 1623 646 qui

111 654 352 698 Philistionis
382 656 517 696 mimos
548 656 683 695 iterum
713 653 823 694 nobis
854 654 1075 695 obtrudunt.
1137 653 1235 696 Cum
1267 657 1390 707 enim,
1430 659 1621 712 inquiunt,

110 722 149 763 in
184 737 272 764 arca
300 737 386 763 esse
419 737 503 763 cum
531 721 684 762 Noe'mo
715 729 893 774 cuperet,
939 736 1127 775 nunquam
1157 722 1195 762 id
1227 722 1261 762 ei
1291 725 1519 777 permissum
1549 733 1623 777 est,

111 791 210 844 quod
235 804 316 830 eam
339 789 523 842 Princeps
544 787 670 827 mundi
694 787 870 828 conditor
893 802 968 828 una
990 802 1075 828 cum
1098 789 1262 828 caeteris
1285 791 1460 830 omnibus
1483 793 1624 834 diluvio

110 858 229 897 vellet
251 857 493 910 extinguere.
554 853 662 908 Ergo
687 854 781 894 haec
802 854 972 894 insidens
997 869 1111 895 areae
1134 870 1210 895 non
1234 857 1353 896 semel
1373 871 1417 897 ac
1438 860 1622 910 seeundo,

111 925 176 964 sed
205 924 378 978 saepius,
411 922 582 974 adeoque
608 920 721 960 tertio
752 921 852 961 illam
877 922 1061 962 incendit.
1123 921 1210 975 Quo
1234 923 1373 963 factum
1402 931 1484 976 est,
1516 933 1557 965 ut
1580 928 1626 967 ad

111 991 325 1045 complures
344 1002 461 1029 annos
483 1002 504 1028 a
522 986 676 1028 Noe'mo
696 988 791 1028 haec
812 1003 926 1029 arcae
947 996 1137 1029 structura
1160 997 1364 1044 prorogata
1388 991 1515 1041 fuerit,
1541 1006 1625 1033 cum

111 1058 156 1098 ab
187 1059 250 1098 illa
280 1055 430 1110 saepius
461 1062 565 1094 esset
595 1062 750 1096 exusta.
813 1054 1010 1110 Siquidem
1035 1055 1212 1097 Noe'mus
1241 1055 1411 1111 Principi
1442 1072 1483 1098 se
1515 1059 1625 1100 obse-

110 1132 286 1178 quentem
315 1121 553 1178 praestabat,
596 1121 720 1162 Noria
752 1137 846 1163 vero
873 1138 1034 1177 superas
1065 1124 1252 1174 virtutes,
1298 1131 1336 1163 et
1360 1125 1405 1165 ab
1429 1124 1476 1165 iis
1500 1128 1626 1180 profe-

110 1199 206 1231 ctam
235 1189 489 1230 Barbelonem
523 1187 690 1244 Principi
726 1191 955 1230 contrariam
988 1191 1193 1242 indicavit,
1236 1192 1552 1244 quemadmodum
1587 1200 1625 1233 et

109 1259 205 1298 aliae
233 1257 358 1296 fecere
389 1255 582 1305 Virtutes,
627 1264 741 1310 atque
771 1258 861 1297 illud
893 1265 1093 1311 praeterea
1125 1259 1276 1310 docuit,
1320 1267 1498 1313 oportere
1529 1274 1626 1313 quae

108 1337 304 1378 supremae
327 1321 485 1363 Parenti
509 1337 532 1363 a
555 1324 754 1364 conditore
779 1325 907 1364 mundi
932 1324 1112 1380 Principe
1135 1340 1180 1366 ac
1206 1327 1360 1380 reliquis
1384 1327 1446 1380 qui
1470 1341 1554 1367 cum
1577 1341 1622 1367 eo

107 1397 195 1431 sunt
224 1391 294 1430 diis
327 1398 440 1444 atque
470 1390 616 1444 angelis
648 1398 686 1431 et
717 1391 965 1432 daemonibus
997 1400 1126 1447 erepta
1157 1401 1247 1434 sunt
1277 1408 1328 1435 ex
1352 1394 1466 1435 insita
1488 1408 1624 1448 corpo-

104 1471 187 1498 rum
217 1458 255 1498 vi
286 1471 354 1513 per
384 1459 544 1498 marium
576 1472 620 1498 ac
652 1458 878 1499 seminarum
909 1460 1092 1513 profluvia
1124 1461 1321 1515 colligere.

213 1659 342 1713 Atque
370 1666 411 1700 ut
436 1674 512 1700 uno
538 1660 655 1701 verbo
681 1661 823 1712 dicam,
866 1661 969 1716 piget
990 1676 1050 1702 me
1072 1676 1222 1703 omnem
1248 1664 1399 1704 illorum
1424 1665 1622 1707 caecitatis

105 1727 503 1780 caliginem'oratione
526 1727 719 1782 persequi.
779 1727 944 1768 Multum
969 1729 1068 1770 enim
1090 1730 1355 1771 insumendum
1381 1732 1456 1772 erit
1478 1739 1625 1787 tempo-

104 1794 180 1845 ris,
224 1794 257 1834 si
286 1794 507 1834 universam
536 1795 668 1835 horum
702 1795 969 1848 figmentorum
1002 1797 1048 1836 ab
1079 1797 1153 1837 illis
1185 1798 1450 1839 concinnatam
1481 1801 1623 1840 seriem

103 1861 174 1901 hoc
206 1861 291 1901 loco
318 1861 536 1915 diligentius
563 1862 757 1915 explicare
781 1863 963 1913 voluero,
1008 1871 1047 1904 et
1072 1865 1356 1906 commentitiae
1380 1866 1532 1907 illorum
1558 1881 1623 1907 co-

103 1927 284 1982 gnitionis
318 1928 484 1969 absurda
517 1929 688 1982 dogmata
719 1929 937 1983 singillatim
968 1946 1200 1986 proponere.
1260 1933 1339 1973 Alii
1370 1948 1485 1988 porro
1515 1935 1622 1975 varie

103 1995 149 2034 ab
179 1995 254 2035 illis
283 1996 329 2035 ad
361 2010 598 2037 communem
630 1996 835 2050 perniciem
862 1999 1014 2053 exorti,
1057 2006 1096 2039 et
1118 1999 1345 2040 intuentium
1369 2002 1489 2042 oculis
1515 2016 1623 2056 prae-

103 2062 227 2116 stigiis
249 2063 473 2115 illudentes,
506 2071 545 2103 et
569 2063 718 2117 ipsimet
740 2063 840 2103 illusi
860 2062 1088 2106 Barcabban
1111 2068 1242 2107 nescio
1267 2082 1377 2122 quem
1400 2069 1622 2123 proplietam

104 2129 309 2180 obiiciunt,
342 2145 411 2171 sua
429 2131 492 2171 illa
516 2130 769 2185 appellatione
792 2131 959 2186 dignum.
1022 2131 1155 2174 Cabba
1179 2136 1279 2175 enim
1304 2133 1467 2190 Syriaca
1491 2137 1621 2190 lingua

103 2203 274 2252 stuprum
306 2198 520 2251 significat,
566 2197 759 2238 Hebraice
793 2200 1049 2253 parricidium.
1114 2200 1191 2242 Sed
1223 2209 1261 2242 et
1292 2217 1497 2243 mensurae
1528 2217 1620 2256 qua-

104 2264 276 2305 drantem
302 2279 347 2305 eo
374 2265 526 2306 nomine
552 2272 705 2305 vocant.
766 2264 865 2307 Risu
888 2267 1004 2321 igitur
1028 2282 1072 2308 ac
1097 2269 1259 2309 ludibrio
1285 2270 1422 2323 digna,
1464 2271 1525 2310 vel
1549 2271 1620 2310 mi-

104 2332 266 2372 seranda
299 2333 449 2387 potius,
494 2341 553 2373 est
582 2332 767 2372 eiusmodi
794 2336 986 2375 nominum
1010 2336 1310 2376 accommodatio
1337 2338 1434 2391 apud
1462 2351 1529 2377 eos
1557 2337 1621 2391 qui

103 2399 141 2438 in
164 2406 297 2454 suapte
322 2400 449 2454 lingua
472 2400 576 2440 vocis
600 2400 699 2439 illius
720 2408 946 2454 potestatem
964 2402 1197 2457 intelligunt.
1241 2401 1447 2445 Caeterum
1470 2418 1522 2445 ex
1545 2412 1621 2444 tam

103 2466 315 2507 admirabili
341 2467 523 2522 propheta
551 2473 696 2521 turpem
721 2468 830 2509 nobis
855 2470 1114 2510 narrationem
1139 2472 1326 2521 afferunt,
1372 2485 1445 2525 qua
1470 2479 1511 2511 ut
1535 2486 1621 2512 cor-

102 2533 223 2588 ruptis
248 2548 547 2575 consuescamus
569 2534 791 2588 corporibus
812 2537 1082 2590 persuadeant,
1114 2545 1226 2592 atque
1247 2538 1293 2578 ab
1317 2539 1419 2578 omni
1440 2553 1507 2593 spe
1532 2552 1621 2579 coe·

105 2599 257 2642 lestium
281 2602 520 2642 excidamus.
580 2600 668 2641 Nec
693 2602 777 2642 illos
801 2604 914 2657 pudet
936 2605 981 2645 de
1003 2605 1145 2659 stupris
1168 2605 1441 2659 amatoriisque
1473 2619 1516 2646 ac
1539 2604 1620 2647 Ve-

105 2668 232 2709 nereis
262 2669 377 2710 rebus
408 2669 518 2710 nudis
550 2683 593 2709 ac
624 2668 856 2723 simplicibus
886 2672 1014 2713 verbis
1045 2673 1252 2713 disserere.
1313 2670 1414 2713 Sunt
1437 2680 1474 2713 et
1500 2686 1552 2714 ex
1572 2672 1620 2714 iis

150 2790 227 2823 Cn.
243 2793 281 2823 n.
303 2810 344 2815 —
374 2794 400 2824 1.
419 2791 520 2825 πολιώ
543 2794 587 2824 ed.
605 2794 710 2824 Petav.
756 2792 836 2827 πολὺ
927 2792 959 2827 4.
985 2797 1102 2835 Scripsi
1122 2793 1378 2837 παλινερωτικά,
1402 2798 1457 2828 hoc
1480 2800 1522 2828 est
1543 2807 1618 2828 mu-

106 2836 171 2866 cod.
192 2837 320 2877 Rhediy.
340 2840 367 2869 et
387 2838 456 2869 edit.
474 2839 571 2876 princ.
883 2846 959 2871 tuae
978 2840 1114 2872 Veneris
1139 2842 1197 2881 (sic
1213 2843 1326 2881 Riyalt.
1344 2842 1387 2872 ad
1403 2843 1525 2873 Tertull.
1540 2844 1620 2873 Adv.

150 2880 181 2911 ’ὶ-
199 2876 380 2922 οἷνὲΐρώτῑων
397 2883 565 2913 emendatio
578 2885 618 2913 est
632 2884 762 2916 Petavii.
787 2884 841 2915 Li·
884 2887 966 2916 Nan.
982 2887 1020 2925 ΙΙ,
1044 2886 1094 2918 11.
1130 2886 1300 2916 Mutunum
1321 2889 1348 2917 et
1367 2887 1531 2917 Tutunum
1548 2896 1620 2918 con-

108 2925 152 2954 bri
176 2925 284 2957 habent
308 2922 426 2959 αὐτῶν.
886 2931 956 2969 ficta
976 2932 1012 2961 de
1032 2931 1097 2961 Meo
1118 2934 1144 2962 et
1164 2933 1187 2961 T
1189 2941 1226 2961 uo
1245 2933 1321 2961 inter
1344 2932 1485 2963 Venereos
1504 2933 1620 2970 ample-

151 2967 182 2999 ὀ·
207 2965 332 3003 ἄνωὲῖεν
356 2981 425 3003 cum
446 2973 572 3003 Petavio
595 2973 694 3011 recepi
718 2982 756 3003 ex
782 2974 840 3005 Va·
885 2983 945 3005 xus
963 2966 1112 3007 vocabula
1129 2977 1340 3014 interpretatus
1358 2979 1428 3018 est),
1450 2986 1507 3016 pro
1526 2974 1618 3008 πάλιν

109 3015 207 3044 l‘ficano
228 3015 313 3046 libro.
358 3017 392 3048 In
413 3018 537 3056 reliquis
559 3017 758 3048 desideratur.
887 3016 1048 3060 ἐρωτικὰ,
1073 3021 1154 3060 quod
1176 3022 1266 3060 vulgo
1289 3023 1380 3052 extat.

1649 1673 1726 1717 Cap.
1752 1677 1792 1707 11.
