2034 3267
424 220 600 253 PANARn
627 221 725 253 Anv.
750 221 970 253 HAERESES
995 221 1074 253 [ΑΒ.
1096 222 1119 252 1.
1144 222 1248 253 ΤοΜ.
1268 222 1292 252 1.
1540 214 1615 252 113

105 316 188 342 rum
219 314 289 355 per
313 313 402 340 sese
428 299 630 340 veritatem
656 300 809 354 penitus
835 300 1072 354 approbavit.
1132 298 1274 340 Postea
1303 313 1379 340 non
1407 299 1494 340 ficta
1523 300 1618 339 dun-

103 376 212 410 taxat
237 367 426 420 imagine,
469 368 533 406 sed
570 367 696 420 reipsa
727 381 810 406 cum
843 368 923 407 suis
959 367 1129 421 epulatus
1167 368 1321 407 eosdem
1354 367 1539 417 instituit,
1573 381 1617 407 ac

105 436 274 476 coeleste
299 448 458 487 regnum
491 448 574 473 cum
601 434 764 474 veritate
795 434 976 473 nunciare
1002 435 1150 484 docuit,
1184 442 1260 474 tum
1293 449 1377 474 cum
1409 435 1616 474 maximum

105 503 195 543 illud
223 503 412 556 longeque
443 501 688 555 praecipuum
718 513 897 539 arcanum
929 500 1120 553 discipulis
1147 501 1309 554 aperuit.
1370 505 1525 549 Boc-ete,
1559 502 1617 541 in-

105 570 198 624 quit,
229 584 349 608 omnes
371 577 513 619 gentes.
576 566 660 607 Hoc
683 573 764 606 est:
799 566 860 605 Ab
881 567 1121 620 improbitate
1145 568 1228 608 illas
1251 569 1296 608 ad
1319 569 1534 618 veritatem,
1567 568 1614 609 ab
1634 574 1742 601 Matth-

106 638 222 678 sectis
243 637 361 677 variis
383 637 429 675 ad
450 635 618 675 eiusdem
640 633 826 686 dogmatis
851 634 1154 673 communionem
1178 635 1379 675 traducite.
1421 640 1616 688 Bapte'zate

105 719 166 744 eas
193 708 230 743 ill
252 707 394 742 nomine
415 705 549 754 palmis,
583 708 620 739 et
629 701 725 751 filii,
759 708 797 737 et
817 703 970 750 spiritus
991 704 1135 748 sanetz',·
1170 701 1344 740 nimirum
1365 702 1402 741 in
1429 704 1619 745 dominica

108 771 288 811 trinitatis
323 769 598 824 appellatione,
633 767 731 820 quod
764 767 883 820 ipsum
920 775 1207 806 sacrosanctum
1237 775 1297 807 est
1320 783 1363 807 ac
1390 771 1535 823 regium
1566 772 1618 811 si-

107 853 246 892 gnum3
280 852 353 891 quo
379 837 439 876 vel
469 835 551 888 ipso
584 833 737 873 nomine
766 833 1003 886 signiticaret
1026 834 1118 874 nihil
1143 848 1228 874 esse
1251 835 1296 874 ab
1321 836 1464 875 unitate
1493 838 1618 877 diver-

107 919 205 945 sum.
268 902 362 945 Cum
388 902 486 942 enim
510 900 696 955 baptizari
726 900 898 939 homines
924 901 1030 940 iubet
1049 904 1086 940 2‘12
1111 905 1254 941 nomine
1271 906 1408 952 patris,
1442 903 1549 944 firma
1574 919 1618 944 ac

108 972 254 1012 stabilis
281 977 338 1011 est
359 967 504 1022 gloriae
535 967 784 1022 praedicatio.
848 966 958 1019 Quod
992 982 1087 1008 vero
1117 968 1268 1009 additur
1296 973 1332 1008 in
1359 973 1502 1009 nomine
1518 973 1614 1022 filii,

109 1040 207 1079 nulla
238 1052 281 1078 re
307 1038 403 1077 hunc
429 1049 449 1075 a
479 1041 640 1089 paterna
673 1034 858 1088 dignitate
891 1035 1054 1075 deficere
1086 1036 1288 1090 appellatio
1323 1036 1404 1090 ipsa
1435 1037 1616 1078 declarat.

107 1104 309 1146 Postremo
333 1103 379 1142 iis
408 1102 446 1141 in
476 1102 628 1152 verbis,
662 1105 699 1140 in
722 1105 866 1141 nomine
886 1106 1040 1154 Spiritus
1061 1107 1203 1150 sancti,
1237 1103 1340 1143 nulla
1372 1111 1431 1143 est
1461 1104 1619 1144 coniun-

109 1172 242 1213 ctionis
272 1169 432 1220 divisio,
472 1169 641 1209 varietas
675 1169 799 1221 nulla,
841 1171 908 1209 sed
943 1171 1055 1210 unius
1088 1170 1298 1212 divinitatis
1331 1170 1436 1210 velut
1468 1172 1618 1225 signum

107 1243 382 1294 repraesentat.

213 1303 390 1357 Denique
426 1303 560 1343 eodem
599 1318 682 1342 cum
721 1318 883 1358 corpore
915 1311 954 1344 et
983 1305 1109 1345 anima
1144 1313 1347 1358 menteque
1378 1306 1422 1346 ad
1457 1320 1618 1361 superos

107 1379 262 1413 evectus
289 1378 369 1420 est,
403 1371 579 1411 omnibus
605 1371 679 1410 illis
708 1373 745 1410 in
775 1386 889 1411 unum
916 1373 1087 1411 conflatis
1119 1380 1231 1425 atquc
1255 1373 1293 1412 in
1320 1374 1477 1412 eandem
1508 1374 1621 1428 spiri-

101 1433 242 1480 'tualem
271 1452 472 1491 personam
496 1439 837 1489 concurrentibus,
871 1439 1085 1492 divinisque
1108 1440 1279 1479 redditis.
1342 1438 1436 1480 Inde
1458 1456 1549 1481 mox
1581 1449 1621 1482 ut

105 1506 149 1546 ad
177 1505 295 1560 patris
320 1507 494 1545 dextram
523 1506 718 1555 consedit,
752 1520 963 1560 praecones
990 1507 1026 1545 in
1051 1506 1272 1546 universum
1297 1507 1427 1547 orbem
1460 1509 1616 1558 dimisit,

105 1571 302 1614 Simonem
328 1571 510 1622 Petrum,
545 1580 582 1612 et
605 1573 801 1612 Andream
833 1573 915 1614 eius
948 1575 1126 1623 fratrem,
1161 1572 1339 1614 Iacobum
1373 1582 1410 1614 et
1437 1574 1619 1616 Ioannem

107 1639 302 1680 Zebedaei
324 1640 445 1689 filios,
480 1654 575 1693 quos
604 1640 691 1679 olim
716 1641 932 1694 delegerat,
965 1639 1176 1694 Philippum
1204 1649 1241 1681 et
1263 1640 1616 1693 Bartliolomaenm,

104 1705 361 1757 Matthaeum,
397 1706 602 1757 Thomam,
639 1716 675 1747 et
697 1706 843 1756 Iudam,
878 1722 921 1747 ac
946 1707 1220 1758 Thaddaeum‚
1254 1723 1298 1748 ac
1320 1708 1518 1750 Simonem
1544 1709 1621 1750 Ze-

106 1775 226 1815 loten.
273 1773 374 1814 Nam
402 1773 609 1814 iscariotes
633 1773 744 1815 Iudas
769 1775 840 1815 etsi
864 1775 1047 1815 hactenus
1070 1776 1115 1815 ad
1136 1774 1216 1815 XII
1239 1777 1452 1831 adscriptus
1477 1778 1617 1828 fuerat,

106 1849 353 1896 posteaquam
378 1841 609 1896 proditorem
639 1856 680 1890 se
714 1843 823 1891 lecit,
857 1843 901 1882 ab
933 1857 1044 1882 sac-ro
1077 1844 1338 1897 apostolorum
1372 1859 1530 1884 numero
1562 1852 1622 1885 est

107 1916 337 1964 expunctus.
383 1907 544 1949 Praeter
566 1909 633 1948 hos
652 1908 811 1949 LXXII
835 1910 929 1949 alios
952 1911 995 1949 ad
1021 1911 1178 1950 eandem
1205 1912 1438 1951 functionem
1463 1913 1616 1966 allegat,

107 1991 128 2017 e
152 1977 285 2030 quibus
306 1975 382 2016 Vll
404 1976 456 2016 illi
480 1979 585 2016 suere
607 1978 669 2030 qui
693 1977 737 2016 ad
762 1977 956 2017 viduarum
981 1978 1203 2031 obsequium
1228 1979 1363 2018 delecti
1386 1987 1496 2020 sunt:
1532 1979 1621 2020 Ste-

107 2044 268 2098 phanus,
301 2042 512 2098 Philippus,
545 2043 779 2093 Proehorus,
810 2043 1001 2094 Nicanor,
1037 2044 1195 2095 Timon,
1228 2044 1456 2096 Parmenas,
1490 2055 1527 2087 et
1549 2047 1622 2087 Ni-

109 2112 255 2162 colaus,
291 2117 328 2150 et
350 2118 438 2151 ante
465 2111 534 2151 hos
556 2110 757 2161 Matthias,
791 2112 851 2165 qui
880 2112 964 2152 Ioco
986 2110 1101 2152 Iudae
1128 2113 1228 2152 inter
1249 2114 1443 2167 apostolos
1468 2122 1622 2169 coopta-

108 2186 168 2219 tus
193 2185 266 2219 est.
328 2179 388 2218 Ad
415 2186 594 2232 septenos
621 2178 705 2218 illos
731 2192 775 2218 ac
800 2177 1024 2229 Matthiam,
1058 2178 1233 2219 Marcum
1263 2181 1443 2235 insuper,
1477 2189 1516 2221 et
1541 2181 1622 2222 Lu-

110 2260 207 2296 cam,
240 2244 403 2296 lustum,
435 2245 674 2294 Barnabam,
707 2246 904 2299 Apellem,
936 2246 1114 2297 Ruffum,
1146 2246 1335 2300 Nigrum,
1367 2262 1411 2287 ac
1434 2249 1617 2302 reliquos,

111 2313 164 2353 uti
189 2314 377 2362 diximus,
410 2311 573 2353 LXXII
607 2312 759 2352 adiecit.
821 2311 969 2366 Quibus
1003 2329 1086 2354 cum
1117 2315 1228 2354 etiam
1262 2323 1435 2354 sanctum
1460 2314 1621 2356 Paulum

110 2388 244 2435 suapte
273 2382 318 2420 de
356 2381 463 2420 coelo
498 2394 593 2420 voce
629 2380 745 2419 missa
775 2382 984 2434 apostolum
1019 2382 1186 2434 gentium
1221 2396 1264 2421 ac
1301 2396 1551 2435 praeconem,
1585 2391 1623 2423 et

111 2447 344 2502 apostolicae
368 2448 562 2487 doctrinae
587 2454 929 2488 consummatorem
953 2449 1132 2488 instituit.
1176 2448 1249 2502 Qui
1275 2449 1422 2502 quidem
1450 2458 1620 2490 sanctum

110 2513 282 2566 Lucam,
315 2521 355 2554 ut
377 2521 612 2563 memorant,
648 2528 761 2553 unum
786 2528 806 2554 e
827 2513 988 2555 LXXI!
1014 2516 1228 2569 discipulis,
1260 2517 1320 2569 qui
1344 2517 1469 2557 varias
1492 2519 1529 2557 in
1561 2533 1623 2557 rc-

111 2582 244 2635 giones
283 2582 455 2636 dissipati
492 2582 665 2630 fuerant,
706 2582 883 2631 reduxit,
924 2596 1087 2636 eumque
1124 2584 1301 2623 comitem
1339 2591 1376 2623 et
1411 2585 1619 2625 adiutorem

113 2649 303 2703 evangelii
334 2649 445 2689 simul
472 2655 509 2687 et
541 2648 754 2702 apostolum
784 2649 966 2690 adhibuit.
1027 2649 1112 2690 Hoc
1144 2651 1254 2690 modo
1285 2658 1403 2691 totum
1432 2653 1622 2706 evangelii

113 2716 305 2769 negotium
337 2716 383 2756 ad
415 2715 451 2754 id
483 2729 602 2768 usque
634 2716 814 2769 temporis
845 2718 1060 2756 confectum
1094 2724 1165 2757 est.

224 2784 352 2836 Atque
382 2783 565 2822 hactenus
599 2782 644 2821 de
666 2780 726 2821 XI
751 2783 888 2834 sectis,
923 2785 1044 2837 deque
1071 2798 1116 2824 eo
1149 2785 1245 2837 quod
1272 2786 1404 2825 ordine
1437 2800 1623 2826 consecu-

116 2854 193 2888 tum
225 2857 306 2899 est,
341 2857 379 2890 et
413 2863 432 2889 a
462 2862 521 2888 me
547 2863 614 2903 pro
642 2848 778 2888 virium
810 2857 921 2904 captu
954 2851 1083 2905 paucis
1113 2852 1365 2905 explicatum,
1400 2855 1623 2908 evangelica

163 2959 237 2992 Car.
257 2961 313 2992 IV.
335 2980 379 2985 -—
428 2962 453 2993 1.
479 2958 664 3004 Πρέχωρος
687 2962 751 2993 cod.
771 2963 847 2993 Rhe-
937 2962 967 2994 2.
993 2959 1039 3000 ὥς
1063 2965 1128 2995 cod.
1148 2965 1246 2995 *renea

119 3004 179 3043 di9.
203 3008 229 3035 et
249 3006 318 3037 edit.
337 3008 434 3045 princ.

188 3056 301 3093 Corpus
321 3058 553 3087 tiaereseot.lt.
1336 3073 1358 3107 ,5

1632 608 1676 643 28,
1697 610 1734 635 19.

1646 1316 1796 1358 Cap.15R

1641 1990 1701 2017 Act.
1719 1991 1745 2024 fi,
1764 1990 1789 2017 5.
