2034 3267
538 169 595 198 Au
623 168 867 200 EPISTOLAM
892 167 1035 199 AcAcu
1060 168 1116 199 ET
1142 168 1284 199 PAULI.
1620 160 1669 198 23

263 245 320 285 X.
364 245 482 285 Primi
519 253 609 286 suut
640 244 854 296 Gortlieni‚
897 247 959 299 qui
986 247 1106 286 festos
1136 247 1217 286 dies
1251 246 1333 286 aliis
1362 258 1471 300 quam
1499 244 1668 286 Hebraei

154 313 389 367 temporibus
420 313 603 353 indicunt.

261 390 338 432 XI.
381 391 459 431 Alii
485 389 676 442 Sebuaei,
711 391 771 444 qui
794 391 841 430 ob
865 391 1024 430 eandem
1049 392 1236 432 festorum
1258 392 1403 432 dierum
1424 392 1666 432 occasionem

155 473 174 498 a
198 459 409 499 Gortbenis
440 459 682 498 dissentiunt.

261 535 360 577 XII.
403 536 525 575 Tertii
549 543 637 575 sunt
656 533 820 584 Esseni,
855 534 915 588 qui
941 535 1067 574 neutri
1094 537 1191 589 parti
1220 544 1457 590 repugnant,
1488 538 1555 578 sed
1580 551 1663 577 cum

153 605 199 645 iis
228 605 265 644 in
291 619 385 658 quos
409 603 612 643 inciderint
633 602 715 642 sine
738 601 814 640 ullo
836 601 1056 641 discrimine
1078 603 1175 643 festa
1198 611 1399 657 peragunt.

261 681 380 723 XIII.
425 680 615 722 Postremi
648 687 737 719 sunt
763 677 965 729 Dositliei,
1007 679 1069 733 qui
1098 680 1232 720 iisdem
1264 682 1400 734 quibus
1432 680 1665 723 Samaritani

151 750 337 790 institutis
361 757 530 797 utuntur,
564 745 910 795 circumcisionem,
944 746 1160 798 sabbatum,
1193 762 1238 787 ae
1262 755 1431 798 caetera,
1460 749 1666 804 itidemque

152 817 455 858 Pentateuchum
479 813 673 854 adhibent.
723 811 938 867 Praecipue
966 827 1076 864 vero,
1109 828 1153 854 ac
1178 828 1268 869 prae
1289 815 1447 869 reliquis
1471 817 1661 867 omnibus,

152 885 223 925 sibi
248 885 294 924 ab
327 881 500 923 animatis
526 887 766 935 temperant,
801 894 844 920 ac
869 887 1053 935 perpetuo
1078 882 1160 921 fere
1184 881 1372 921 ieiunant.
1435 881 1535 922 Sunt
1564 883 1665 924 iuter

151 952 235 991 illos
262 951 323 1005 qui
345 949 601 1002 virginitatem
624 948 768 996 colunt,
802 947 866 987 alii
893 948 1184 988 continentiam.
1246 947 1555 990 Resurrecturos
1579 964 1665 990 esse

151 1026 320 1059 mortuos
344 1017 526 1066 credunt3
559 1015 658 1069 quod
683 1029 702 1055 a
728 1013 1062 1056 Samaritanorum
1087 1016 1265 1070 dogmate
1296 1016 1493 1056 abhorret.

257 1094 484 1135 Iudaeorum
515 1102 643 1134 sectae
676 1107 835 1134 numero
866 1092 969 1135 VII:

254 1170 372 1212 XIV.
419 1172 478 1213 Ac
510 1172 632 1226 primo
659 1171 846 1223 Scribae,
887 1172 983 1226 legis
1011 1173 1125 1227 periti
1151 1179 1189 1213 et
1212 1172 1483 1223 traditionum,
1518 1187 1611 1226 quas
1643 1189 1665 1213 a

147 1239 353 1280 maioribus
377 1246 608 1294 acceperant
628 1237 890 1293 (δευτερώσεις
912 1241 1138 1293 vocabant),
1166 1241 1440 1282 observatores
1463 1241 1585 1291 fuere,
1620 1255 1663 1281 ac

146 1307 242 1347 ritus
277 1321 410 1347 omnes
442 1307 747 1361 superstitiosius
779 1307 943 1348 caeteris
976 1307 1271 1362 diligentiusque
1300 1315 1529 1359 tenuerunt3
1571 1323 1664 1362 quos

146 1389 221 1414 non
249 1388 269 1414 e
301 1375 386 1428 lege
415 1375 650 1424 didicerant,
685 1375 751 1414 sed
779 1374 1027 1429 sibimetipsis
1060 1382 1236 1429 tanquam
1264 1375 1435 1416 iustitiae
1460 1375 1555 1430 legis
1586 1376 1666 1416 siu·

146 1442 300 1495 gulares
332 1443 455 1482 cultus
487 1456 530 1482 ac
565 1442 805 1482 ceremonias
836 1442 1074 1482 indixerant.

257 1519 353 1561 XV.
398 1519 623 1570 Pharisaei,
657 1535 751 1574 quos
775 1519 1010 1575 Segregatos
1039 1520 1284 1575 interpretari
1307 1521 1456 1576 possis,
1491 1522 1553 1575 qui
1574 1536 1663 1562 san-

147 1588 353 1629 ctissimam
378 1588 481 1627 vitae
508 1589 693 1627 rationem
717 1589 880 1641 professi
903 1589 1091 1642 probitate
1117 1588 1282 1628 caeteris
1307 1589 1539 1629 antecellere
1557 1590 1663 1629 vidc-

145 1655 297 1694 bantur.
356 1653 598 1695 Mortuorum
623 1656 717 1709 apud
744 1655 828 1695 illos
854 1655 1104 1705 resurrectio,
1137 1663 1178 1695 ut
1202 1662 1240 1695 et
1262 1656 1360 1710 apud
1386 1654 1564 1706 Scribas,
1599 1658 1663 1696 de-

151 1722 329 1762 fenditur.
391 1721 510 1762 Iidem
536 1723 694 1776 angelos
722 1737 765 1762 ac
787 1722 960 1777 spiritum
984 1729 1155 1762 sanctum
1184 1737 1270 1763 esse
1295 1738 1369 1763 uon
1393 1731 1552 1776 negant.
1594 1722 1663 1764 Vi-

147 1797 208 1829 tae
240 1788 422 1829 eximium
458 1790 671 1829 institutum
712 1804 801 1843 prae
836 1804 878 1830 se
911 1791 1053 1830 serunt.
1116 1787 1405 1830 Continentiam
1440 1799 1585 1831 certum
1618 1792 1662 1831 ad

148 1864 320 1911 tempus,
353 1871 397 1896 ac
420 1858 678 1910 virginitatem
708 1871 855 1911 quoque
877 1857 1104 1912 suscipiunt.
1166 1856 1233 1898 Bis
1257 1858 1493 1898 hebdomada
1515 1873 1663 1912 quaque

151 1924 347 1975 ieiunare,
380 1938 517 1964 urceos
551 1939 595 1964 ac
618 1925 744 1964 discos
767 1932 804 1964 et
829 1925 964 1978 pocula
985 1925 1138 1979 saepius
1168 1926 1320 1976 eluere,
1354 1933 1394 1966 ut
1422 1933 1459 1966 et
1483 1925 1660 1976 Scribae,

147 1991 265 2031 soliti.
324 1991 386 2032 Ad
412 1992 504 2032 baec
525 1992 690 2031 decimas
712 1999 749 2031 et
768 1992 951 2046 primitias
973 1992 1130 2043 offerre,
1158 1993 1312 2033 assidue
1335 1994 1500 2048 precari,
1535 2001 1662 2034 certos

148 2059 271 2099 cultus
294 2073 336 2099 ac
357 2060 626 2114 superstitiosa
639 2060 953 2099 vestimentorum
978 2073 1121 2113 genera
1148 2060 1337 2100 curiosius
1364 2061 1571 2111 affectare3
1597 2076 1661 2101 cu-

147 2127 310 2166 iusmodi
332 2135 420 2167 sunt
441 2127 679 2177 dalmaticae,
713 2141 757 2166 ac
780 2127 944 2177 colobia,
978 2134 1015 2166 et
1035 2127 1174 2167 latiora
1199 2129 1382 2181 quaedam
1409 2129 1658 2183 phylacteria,

148 2195 218 2234 boc
238 2201 296 2234 est
313 2202 525 2248 segmenta,
560 2194 804 2248 fimbriaeque
828 2208 1055 2249 purpureae,
1078 2208 1121 2234 ae
1145 2195 1408 2248 malogranata
1430 2197 1474 2235 ad
1496 2197 1659 2236 vestium

148 2275 236 2302 oras
269 2276 457 2316 appensa,
492 2276 587 2316 quae
611 2262 861 2316 temporariae
892 2261 993 2302 illius
1029 2261 1288 2302 continentiae
1322 2262 1432 2315 signa
1464 2264 1661 2316 praefere-

146 2329 253 2369 bant.
314 2327 431 2369 lidem
464 2337 656 2382 postremo
688 2343 851 2381 geneses
883 2343 926 2369 ac
959 2330 1075 2368 fatum
1107 2330 1414 2369 introducebant.

253 2405 370 2447 XVI.
404 2406 638 2448 Sadducaeis
660 2407 706 2447 ab
729 2407 974 2448 exactissima
998 2407 1142 2448 iustitia
1163 2422 1301 2448 nomen
1326 2415 1399 2448 est.
1446 2406 1523 2461 Qui
1546 2422 1566 2448 e
1587 2406 1659 2449 Sa-

147 2475 418 2514 maritanorum
454 2488 596 2528 genere
625 2488 646 2513 a
676 2475 874 2515 sacerdote
909 2476 1069 2529 quodam
1104 2474 1231 2515 Sadoc
1268 2482 1391 2515 ortum
1428 2475 1656 2516 habuerunt.

146 2540 391 2582 Mortuorum
412 2542 734 2582 resurrectionem
757 2542 949 2582 damnant.
1012 2543 1205 2597 Angelum
1227 2556 1272 2582 ac
1291 2542 1465 2597 spiritum
1491 2544 1660 2583 funditus

149 2617 312 2664 negant,
346 2616 500 2649 caetera
532 2607 757 2648 Iudaeorum
789 2609 948 2649 similes.

255 2675 391 2718 XVII.
436 2675 792 2730 Hemerobaptistae
821 2677 914 2717 nihil
939 2677 985 2718 ab
1013 2675 1166 2717 Iudaeis
1191 2684 1456 2732 praeterquam
1481 2677 1552 2718 hoc
1584 2692 1659 2718 uuo

189 2809 243 2843 81.
267 2810 304 2844 δὲ
324 2813 389 2842 cod.
406 2814 487 2851 Ven.,
511 2816 536 2843 el
551 2813 702 2850 Auffl'eph.
724 2813 818 2851 Vulgo
835 2822 881 2844 τε.
927 2814 1032 2843 laeosi.
1081 2815 1140 2844 Vix
1160 2814 1264 2844 dubito
1294 2815 1367 2852 quin
1393 2816 1431 2844 sit
1455 2815 1660 2852 reponendum

190 2855 243 2887 52.
267 2854 321 2889 διὰ
337 2859 523 2896 Anacephal.
536 2881 544 2895 ‚
568 2860 593 2887 et
615 2858 680 2887 cod.
696 2858 766 2887 Veu.
787 2859 882 2896 Vu190
926 2856 1051 2895 πάντα,
1075 2867 1152 2897 quae
1173 2860 1323 2889 vocabula
1347 2860 1431 2889 haud
1450 2868 1522 2889 raro
1540 2861 1570 2890 in
1591 2862 1659 2890 vett.

147 2898 207 2937 δὶς.
241 2903 340 2940 Neque
361 2903 394 2932 id
413 2906 490 2934 recte
511 2903 654 2933 convertit
671 2903 824 2933 Petuvius.
923 2905 1108 2935 membranis
1128 2912 1148 2933 a
1179 2904 1314 2935 librariis
1345 2904 1473 2942 confusa
1496 2904 1658 2943 deprehen<

190 2944 242 2977 53.
268 2946 373 2978 ταῦτα
397 2948 505 2986 legitur
530 2948 622 2978 eliam
647 2948 678 2977 in
698 2947 877 2986 Anacepha-
925 2948 1049 2979 duntur.

1682 1874 1751 1900 Luc.
1764 1875 1804 1911 13,
1823 1878 1862 1904 1².
