2034 3267
432 244 510 281 316

993 241 1152 274 SANCTI
1176 242 1399 273 EPIPHANII

430 323 580 379 θρώπῳ
606 318 667 374 (ἧν
687 321 727 361 δὲ
746 317 874 361 αὐτῶν
896 317 919 371 ἡ
938 319 1154 366 συνέλευσις
1173 316 1215 359 τό
1238 318 1380 368 θέλειν)
1402 320 1467 360 καὶ
1488 318 1731 362 ἀναδείκνυσι
1751 317 1821 373 τήν
1839 317 1945 372 Ἀλή-

610 387 792 442 Ἀλήθεια
821 387 862 428 δὲ
887 384 965 427 ὑπὸ
989 389 1066 426 τῶν
1087 388 1236 427 τελείων
1259 386 1409 433 οἰκείως
1431 383 1663 440 ω’νομάσθη,
1707 386 1765 429 ὅτι
1789 384 1946 440 ἀληθῶς

429 399 554 433 θειαν.

430 457 545 511 ὁμοία
565 451 613 510 ἧν
634 462 679 514 τῇ
702 458 839 509 ἑαυτῆς
863 454 976 509 μητρὶ
997 458 1117 510 Σιγῇ,
1147 458 1215 506 τῆς
1235 457 1357 507 Σιγῆς
1378 457 1492 494 τοῦτο
1520 457 1832 508 15βουληθείσης
1851 453 1945 496 ἄπο-

430 524 614 580 μερισμόν
638 523 779 576 φώτων
802 527 873 564 τοῦ
899 538 937 563 τε
963 520 1124 576 ἄρρενος
1144 522 1210 562 καὶ
1232 525 1301 573 τῆς
1321 522 1481 573 θηλείας
1501 521 1586 561 ἰ’σον
1608 520 1724 573 εἶναι,
1766 521 1874 571 ὅπως
1897 519 1944 563 δι’

429 596 577 635 ἑαυτῶν
595 594 660 634 καὶ
683 590 708 645 ἡ
730 593 770 633 ἕν
792 589 924 638 αὐτοῖς
944 593 1158 646 φανερωθῇ
1177 594 1257 637 τοῖς
1277 590 1315 637 ἐξ
1338 585 1459 629 αὐτοῦ
1479 589 1519 629 έν
1538 586 1641 646 αὐτῷ
1663 591 1715 638 εἷς
1735 588 1944 643 αἰσθητικά

431 666 542 714 φῶτα
571 665 806 714 μερισθεῖσα.

866 656 982 698 Μετᾶ
1009 661 1123 699 τοῦτο
1155 654 1180 710 ή
1211 654 1393 709 Ἀλήθεια
1423 655 1613 710 μητρικήν
1639 658 1943 713 προενεγκαμένη

273 751 338 780 pag.
352 743 409 771 169.
436 730 729 783 16Προυνικίαν
760 725 924 780 ἕθήλυνε
953 724 1021 767 'cdv
1048 725 1194 777 πατέρα
1218 725 1358 776 ἑαυτῆς
1385 724 1438 771 εἰς
1463 721 1622 776 ἑαυτὴν,
1666 726 1731 765 καὶ
1754 724 1944 783 συνῄεσαν

430 798 580 844 ἑαυτοῖς
601 793 792 851 ἀφθάρτῳ
815 796 910 848 μίξει
928 794 994 835 καὶ
1013 791 1191 849 ἆγηράτῳ
1209 789 1430 846 συγκράσει,
1460 792 1526 832 καὶ
1553 795 1598 820 1⁷
1611 789 1856 834 ἀναδείκνυσι
1880 798 1944 834 Τε-

429 863 548 918 τράδα
571 861 833 916 πνευματικήν
853 859 1119 917 ἅρρενόθηλυν
1139 858 1347 901 ἀντίτυπον
1371 876 1440 911 της
1470 857 1726 914 18προούσης
1751 858 1943 914 τετράδος,

429 931 512 985 ἥτις
534 926 583 984 ἧν
606 929 762 981 Βυθὸς,
793 928 913 985 Σιγὴ,
948 927 1104 983 Πατήρ,
1134 926 1325 981 Ἀλήθεια.
1383 925 1495 980 Αὕτη
1519 926 1559 967 δὲ
1583 924 1607 979 ἦ
1631 927 1675 968 ἑκ
1695 930 1764 967 τοῦ
1787 925 1945 981 Πατρὸς

429 1001 495 1041 καὶ
519 1004 586 1052 τῆς
611 1003 734 1054 Σιγῆς
756 996 905 1052 τετρᾶς·
933 995 1194 1051 ’Ἀνθρωπος,
1233 993 1466 1047 Ἐκκλησία,
1497 992 1651 1049 Λόγος,
1687 992 1789 1047 Ζωή.
1855 993 1945 1036 Τότε

428 1072 498 1108 τοῦ
520 1065 647 1108 πάντα
670 1066 912 1121 περιέχοντος
932 1068 1071 1105 Βυθοῦ
1093 1062 1280 1116 θελήματι
1303 1059 1325 1103 ὁ
1337 1061 1578 1117 ’Ἀνθρωπος
1599 1063 1665 1103 καὶ
1687 1060 1714 1115 ή
1734 1060 1947 1116 Ἐκκλησία

429 1138 626 1189 πατρικῶν
655 1134 890 1187 μνησθέντες
919 1131 1043 1188 λόγων
1069 1130 1260 1189 συνῄεσαν
1285 1130 1457 1180 ἑαυτοῖς,
1497 1130 1562 1170 καὶ
1594 1127 1945 1172 19ἅναδεικνύουσι

431 1200 646 1244 Δωδεκάδα
667 1203 959 1256 2θΠρουνίκων
983 1198 1259 1255 ἅρρενόθηλυν.
1316 1199 1366 1238 Οἱ
1383 1193 1453 1238 οὖν
1472 1196 1628 1252 ἅρρενές
1649 1199 1718 1239 εἰσι
1738 1196 1944 1253 Παράκλη-

428 1288 513 1321 τος,
547 1268 765 1324 Πατρικὸς,
796 1266 1020 1322 Μητρικὸς,
1050 1266 1242 1316 Ἀείνους,
1276 1263 1461 1318 Θελητὸς,
1492 1263 1514 1306 ὅ
1535 1266 1613 1306 ἐστι
1641 1269 1753 1316 Φῶς,
1782 1264 1946 1319 Ἐκκλη-

430 1337 643 1388 σιαστικός,
686 1339 727 1377 αἱ
755 1336 795 1377 δὲ
824 1335 979 1388 θήλειαι
1011 1337 1168 1385 Πίστις,
1197 1332 1357 1383 Ἐλπὶς,
1386 1331 1554 1387 Ἀγάπη,
1586 1331 1769 1384 Σύνεσις,
1801 1338 1942 1376 Μακα-

430 1409 506 1461 ρία,
538 1407 681 1456 Σοφία.

741 1404 962 1444 Μετέπειτα
983 1403 1023 1444 δὲ
1041 1401 1176 1457 Λόγος
1197 1402 1262 1442 καὶ
1286 1398 1377 1453 Ζωή
1399 1401 1464 1441 καὶ
1489 1398 1599 1441 αὐτοὶ
1618 1399 1661 1442 τὸ
1680 1406 1747 1454 τῆς
1766 1402 1946 1450 αἰνέσεως

433 1478 451 1502 2
464 1480 477 1503 1
494 1471 778 1519 αναπλασαντες
797 1469 997 1525 δώρημα
980 1475 1132 1518 εαυτοῖς
1151 1469 1424 1522 ἐκοινώνησαν,
1446 1462 1495 1520 ἧν
1512 1465 1595 1509 δὲ
1568 1486 1593 1521 η
1612 1472 1797 1511 κοινωνία
1815 1467 1944 1511 αὐτῶν

428 1540 469 1583 τὸ
500 1542 669 1594 θέλημα·
711 1540 776 1581 καὶ
806 1537 1054 1587 συνελθόντες
1085 1536 1321 1587 ἆνεδείξαντο
1353 1535 1509 1577 Δεκαδα
1530 1539 1839 1591 22Προυνίκων,
1878 1538 1945 1578 καὶ

431 1608 558 1651 αὐτῶν
585 1611 629 1637 23
644 1606 945 1663 αρρενοθήλεων.

429 1676 667 1730 Αὕτοφυης,
707 1673 959 1730 Μονογενης,
995 1671 1201 1727 Ἀκίνητος.

998 1608 1072 1647 Ων
1094 1607 1133 1647 οἵ
1152 1605 1219 1658 μὲν
1241 1603 1394 1659 αρρενές
1419 1605 1490 1645 εἰσι
1513 1602 1683 1654 Βύθιος,
1723 1602 1944 1660 Ἀγήρατος,

1267 1667 1386 1714 Οὗτοι
1413 1690 1482 1725 την
1512 1674 1784 1726 προςωνυμίαν
1817 1676 1863 1701 24
1876 1689 1945 1726 την

468 1745 490 1756 Ιι
619 1750 635 1757 ,ψ
701 1742 710 1755 Ι
900 1743 908 1757 Ι
1069 1743 1079 1757 5
1166 1740 1174 1753 Ι
1407 1742 1419 1755 P
1463 1740 1471 1754 ἱ
1540 1739 1549 1752 Ι
1723 1742 1730 1755 β
1811 1739 1832 1754 et

432 1748 547 1795 δοξαν
567 1762 636 1786 του
657 1761 781 1786 παντα
803 1759 1043 1797 περιεχοντος
1063 1755 1304 1795 εποιησαντο.
1363 1745 1417 1781 Αι
1435 1742 1475 1781 δε
1494 1745 1646 1793 θήλειαι
1667 1743 1802 1791 Μιξις,
1834 1745 1944 1782 Ενω-

431 1828 490 1862 σις
501 1847 510 1864 ,
547 1812 768 1867 Σύγκρασις
779 1845 788 1862 ,

433 1880 549 1931 δόξαν

578 1886 645 1934 τῆς
674 1884 796 1935 Σιγῆς
825 1877 1154 1934 περιεποιήσαντο.

826 1808 994 1863 Ἐνότης
1006 1844 1015 1861 ,
1045 1808 1199 1863 Ἡδονή.

1260 1809 1340 1850 Καὶ
1365 1802 1476 1850 αὗται
1499 1806 1567 1861 τήν
1594 1811 1868 1863 προςωνυμίαν
1893 1810 1946 1858 εἰς

255 2090 341 2134 Κεφ.
367 2089 402 2129 ς’.
552 2083 845 2136 Τετελειωμένης
865 2076 937 2124 οὖν
957 2086 1024 2134 τῆς
1047 2079 1144 2123 κατὰ
1166 2081 1324 2136 Πατέρα
1342 2079 1541 2133 Ἀληθείας
1567 2077 1803 2133 Τριακάδος,
1834 2079 1884 2133 ἣν
1908 2082 1948 2122 οἷ

433 2155 591 2209 ἐπίγειοι
622 2150 675 2205 μή
706 2149 951 2203 ἐπιστάμενοι
979 2147 1191 2205 ἀριθμοῦσι
1202 2183 1213 2200 ,
1254 2150 1321 2190 καὶ
1354 2146 1498 2190 ὁπόταν
1529 2148 1694 2188 ἔλθωσιν
1722 2145 1779 2188 ἐπ’
1810 2145 1944 2201 αὐτὴν,

433 2222 566 2275 μηκέτι
596 2218 767 2274 οἷριθμὸν
797 2216 1033 2273 εὑρίσκοντες
1063 2216 1318 2259 ἆνακυκλοῦσι
1349 2215 1462 2258 πάλιν
1493 2213 1782 2269 1ἀριθμοῦντες
1807 2213 1944 2269 αὐτήν,

432 2316 486 2321 —-
517 2291 596 2331 ἔστι
624 2289 663 2329 δὲ
685 2285 843 2338 Βυθὸς,
874 2284 996 2340 Σιγὴ,
1029 2284 1186 2340 Πατὴρ,
1215 2283 1420 2338 Ἀλήθεια,
1438 2282 1697 2337 ’Ἀνθρωπος,
1725 2280 1943 2336 Ἐκκλησία,

433 2357 584 2412 Λόγος,
619 2355 725 2409 Ζωή,
759 2352 968 2409 Πατρικὸς,
1000 2352 1218 2407 Μητρικός,
1252 2351 1520 2409 Παράκλητος,
1549 2348 1730 2399 Ἀείνους,
1765 2349 1943 2404 Θελητός,

433 2422 785 2478 Ἐκκλησιαστικὸς,
813 2425 962 2472 Πίστις,
990 2419 1142 2472 Ἐλπὶς,
1171 2419 1334 2476 Ἀγάπη,
1359 2419 1533 2472 Σῦνεσις,
1563 2420 1768 2472 Μακαρία,
1799 2421 1943 2471 Σοφία,

435 2493 597 2543 Βύθιος,
619 2491 842 2548 Ἀγήρατος,
872 2487 1100 2542 Αὕτοφυής,
1136 2487 1404 2545 2Μονογενής,
1432 2486 1641 2540 Ἀκίνητος,
1672 2487 1807 2536 Μίξις,
1840 2491 1944 2528 Γνῶ-

436 2577 493 2611 σις
502 2595 512 2613 ,
554 2559 773 2616 Σύγκρασις
783 2593 793 2610 ,

832 2556 1018 2610 Ἐνότης,
1055 2555 1214 2610 Ἡδονή,
1245 2583 1300 2589 —-
1334 2555 1420 2598 τότε
1449 2555 1472 2597 ὁ
1508 2552 1584 2595 3τᾶ
1614 2551 1737 2594 πάντα
1762 2555 1946 2608 περιέχων

435 2631 583 2671 συνέσει
603 2632 648 2686 τῇ
671 2625 958 2682 ἀνυπερβλήτῳ,
989 2627 1220 2680 δογματίσας
1238 2642 1276 2666 τε
1294 2629 1486 2677 κληθῆναι
1506 2623 1634 2677 ἑτέραν
1651 2619 1843 2676 Ὀγδοάδα
1862 2620 1946 2663 ἀντὶ

434 2703 502 2751 τῆς
532 2695 730 2752 προούσης
759 2693 991 2747 αὕθεντικῆς
1014 2691 1247 2748 Ὀγδοοὲδος,
1287 2692 1372 2746 ἥτις
1401 2693 1442 2734 ἐν
1470 2695 1522 2748 τῷ
1553 2688 1708 2746 ἀριθμῷ
1737 2693 1805 2741 τῆς
1835 2694 1947 2745 Τρια-

478 2791 526 2822 15.
547 2788 687 2845 &uk-1335
691 2787 766 2828 ίσης
781 2784 888 2829 οἷπομε
874 2798 920 2828 ιιρ
924 2783 1085 2827 σμόθεοά.
1099 2787 1169 2817 len.

440 2833 678 2886 βου)η“ιείσης
687 2830 751 2866 <ri-:0¹
780 2831 946 2874 μερισμῶν
979 2832 1046 2862 cod.
1077 2833 1169 2862 Valic.

438 2879 634 2923 βουλομένης
658 2874 721 2911 cir&
749 2877 917 2919 μεοισμῶν
941 2877 1049 2915 reliqui
1070 2877 1164 2906 libri.

486 2924 606 2978 16.1ta
624 2924 689 2954 cod.
715 2924 812 2954 Venet.
850 2923 943 2962 Vulyo
962 2924 1044 2952 extat
1061 2920 1170 2961 Πρου-

437 2967 567 3003 veodam.

497 3014 534 3047 17
539 3038 546 3045 .

440 3061 523 3091 dum.

578 3015 717 3046 Fortasse
749 3008 995 3047 ἀναδεικνύουσι
1027 3020 1171 3050 reponen-

1262 2785 1311 2817 18.
1330 2782 1493 2825 προούσης
1516 2783 1624 2821 scripsi
1644 2791 1680 2813 ex
1700 2783 1871 2813 coniectura
1888 2784 1947 2813 Pe-

1216 2832 1291 2862 tavii
1307 2830 1369 2871 (vel
1382 2831 1483 2869 potius
1501 2828 1651 2866 Ceruarii,
1669 2828 1720 2866 qui
1734 2829 1821 2857 vertit
1837 2825 1946 2869 „prius

1216 2874 1393 2906 existentis
1398 2874 1434 2915 ⁶),
1456 2881 1550 2912 quam
1571 2873 1674 2911 firmat
1694 2873 1860 2904 auctoritas
1881 2873 1944 2902 cod.

1218 2922 1289 2951 len
1338 2920 1433 2958 Vulgo
1454 2919 1597 2956 scriptum
1620 2919 1662 2947 est
1682 2913 1877 2958 προςούσης.

1263 2964 1312 2998 19.
1336 2958 1583 2996 ἀναδεικνύουσι
1601 2962 1665 2992 cod.
1682 2963 1751 2992 Ven.
1785 2963 1879 3001 Vulgo
1893 2971 1946 2994 ex-

1216 3013 1260 3042 ται
1289 3006 1503 3043 ἀναδείκνυσι.

1261 3054 1314 3087 20.
1336 3056 1383 3086 Ita
1401 3054 1466 3085 cod.
1480 3053 1564 3092 Vm,
1583 3054 1608 3083 et
1627 3054 1806 3084 constanter.
1836 3050 1945 3093 Πρου-
