2034 3267
526 162 702 195 PANARn
726 163 806 196 Lm.
824 164 849 196 1.
872 164 977 197 ΤοΜ.
994 165 1052 197 111.
1077 145 1207 197 Hm.
1224 166 1300 198 XL.
1592 158 1671 199 539

155 254 459 296 unamquamque
489 239 726 283 Potestatcm
757 257 970 295 excusare,
1014 245 1144 299 sicque
1179 246 1224 286 ad
1256 259 1472 301 supremam
1504 244 1669 286 Matrem

156 315 268 363 atque
294 309 460 349 omnium
487 310 690 364 pervenire
715 309 942 361 Parentem,
987 326 1007 351 a
1034 327 1107 366 quo
1131 313 1167 352 in
1193 313 1290 353 hunc
1315 315 1491 354 mundum
1519 314 1673 368 delapsa

155 377 219 418 sit.
280 375 458 417 Diximus
484 377 706 432 baptismum
733 379 778 419 ab
801 379 874 418 illis
900 379 1022 419 reiici.
1083 382 1178 419 Nam
1203 396 1348 420 muscae
1369 385 1563 421 morientes
1580 397 1668 434 per·
1686 394 1802 421 Eccies.

155 448 247 485 dunt
264 448 479 484 suavitatem
500 449 701 496 unguenti,-
736 447 832 500 quod
857 446 901 486 de
922 446 1005 486 istis
1030 460 1238 501 eorumque
1263 449 1450 489 similibus
1473 449 1665 503 proverbii
1704 429 1745 462 ω’
1765 428 1788 455 1’

154 512 282 567 specie
305 511 562 553 Ecclesiastes
587 513 819 568 pronuntiat.
863 511 1023 553 Muscae
1044 515 1179 569 quippe
1200 523 1288 556 sunt
1311 517 1546 567 mortiferae,
1575 531 1671 571 quae

155 581 345 621 conditum
373 594 393 620 a
419 581 654 635 seplasiariis
680 587 914 634 unguentum
936 581 1131 632 inficiunt,
1175 582 1300 622 diviua
1325 584 1503 624 videlicet
1528 592 1671 639 myste-

153 649 232 699 ria,
279 662 373 702 quae
407 649 451 688 ad
483 655 724 703 peccatorum
756 649 1074 688 condonationem
1106 649 1214 689 nobis
1246 651 1283 691 iu
1316 651 1502 706 baptismo
1534 653 1670 692 collata

153 723 255 757 sunt.

249 783 460 824 Enimvero
485 782 613 823 mirari
640 783 824 837 quispiam
852 783 941 822 illud
967 783 1129 837 poterit,
1176 798 1285 838 quam
1313 786 1428 826 multa
1451 787 1489 826 iu
1516 795 1667 827 natura·
1696 792 1772 834 Cap.
1799 793 1854 823 111.

152 852 240 893 lium
266 866 392 892 rerum
419 850 669 905 scriptoribus
694 851 866 890 utilitatis
891 851 1000 904 plena
1026 852 1215 906 reperiat,
1260 853 1291 892 si
1315 853 1403 907 apis‘
1419 854 1511 893 velit
1531 855 1669 894 imitari

152 920 411 975 prudentiam,
459 932 553 972 quae
581 918 748 958 flosculis
775 917 948 958 omuibus
976 918 1146 959 insidens
1171 921 1434 975 undecumque
1466 922 1537 961 sibi
1565 923 1668 962 utilia

153 988 310 1041 colligit.
371 985 523 1026 Etenim
551 985 609 1025 vir
635 986 800 1040 prudens
828 1000 871 1025 ac
898 987 1099 1040 perspicax
1128 987 1229 1027 nulla
1253 1002 1304 1028 ex
1330 1003 1371 1028 re
1401 989 1668 1029 detrimentum

153 1056 274 1110 capit,
309 1055 373 1094 sed
397 1068 448 1094 ex
476 1054 576 1093 omui
603 1053 804 1094 occasione
832 1053 1020 1105 lucratur,
1053 1055 1274 1109 imprudens
1301 1064 1435 1097 contra
1459 1057 1670 1098 incommo-

152 1124 238 1164 dum
260 1136 303 1162 ac
324 1123 499 1162 damnum
522 1122 695 1176 percipit,
725 1122 777 1161 uti
798 1129 952 1162 sanctus
973 1123 1156 1177 propheta
1179 1131 1362 1164 testatur:
1399 1128 1487 1175 Quis
1505 1130 1663 1178 sepiem,
1688 1142 1756 1168 Ose.
1772 1141 1812 1173 14,
1831 1142 1870 1168 ιο.

152 1199 190 1231 ec
211 1192 395 1241 intelleget
414 1193 524 1238 haee5
569 1198 606 1229 et
629 1190 772 1228 verbam
797 1192 937 1228 domim·
962 1199 1037 1238 est,
1082 1199 1118 1230 et
1139 1200 1337 1242 cognoscet
1362 1196 1454 1241 ἰείη,
1500 1197 1670 1246 quoniam

151 1267 273 1299 rectae
296 1261 375 1297 vine
396 1261 551 1305 domini,
587 1261 690 1309 impie·
707 1265 825 1296 (zeelem
852 1260 1140 1309 infirmabuntur
1161 1263 1197 1298 in
1219 1263 1299 1298 eis?
1357 1261 1469 1315 Apud
1492 1261 1577 1301 illos
1600 1262 1670 1316 igi-

152 1334 234 1378 tur,
268 1340 362 1380 quos
387 1326 487 1376 dixi,
522 1325 746 1366 naturalium
774 1339 901 1365 rerum
927 1327 1136 1381 scriptores
1158 1327 1400 1379 invenimus,
1434 1330 1494 1369 vel
1520 1329 1671 1383 ipsimet

151 1395 276 1450 potius
299 1394 513 1444 ceruimus,
556 1393 849 1434 scarabaeorum
874 1408 1020 1448 genus,
1065 1396 1161 1449 quod
1188 1409 1207 1435 a
1235 1395 1459 1449 quibusdam
1486 1394 1668 1450 Bylarum

150 1469 334 1513 vocatur,
366 1463 403 1502 iu
429 1463 574 1503 foetore
601 1475 643 1501 ac
666 1468 839 1501 stercore
862 1462 1027 1502 volutari
1048 1463 1198 1513 solere,
1233 1463 1460 1517 unicumque
1481 1464 1555 1504 illis
1578 1465 1669 1517 ipsis

151 1538 190 1572 et
210 1531 428 1571 alimentum
452 1537 489 1570 et
510 1544 603 1585 opus
625 1543 732 1579 esse,
767 1543 851 1569 eum
873 1530 956 1570 aliis
979 1530 1083 1571 dirus
1107 1545 1152 1571 ac
1173 1531 1351 1571 sordidus
1377 1532 1438 1571 ille
1463 1532 1568 1572 cibus
1590 1547 1670 1573 mo—

149 1599 296 1640 lestiam
321 1613 364 1639 ac
389 1612 569 1638 nauseam
594 1597 727 1652 pariat.
789 1596 890 1638 Nam
914 1599 975 1652 qui
1003 1612 1093 1653 apes
1120 1600 1228 1639 fimus
1255 1613 1300 1639 ac
1329 1602 1452 1640 foetor
1474 1600 1667 1651 interficit,

149 1666 368 1708 scarabaeis
395 1666 613 1706 alimentum
643 1680 686 1706 ac
712 1666 908 1706 materiam
938 1667 1095 1720 praebet
1120 1667 1269 1722 operis,
1316 1674 1357 1707 ut
1388 1668 1463 1708 illis
1486 1669 1600 1708 flores
1632 1676 1668 1708 et

149 1735 308 1775 odorum
337 1734 548 1787 fragrantia
574 1741 685 1788 atque
715 1741 994 1788 unguentorum
1020 1735 1214 1786 suavitas,
1259 1736 1393 1790 quibus
1421 1735 1596 1775 omuibus
1622 1736 1667 1776 ad

151 1802 442 1843 oblectationem
471 1809 508 1842 et
531 1801 757 1842 mellificium
783 1816 826 1842 ac
850 1802 973 1842 cibum
1000 1810 1037 1842 et
1061 1803 1189 1857 operis
1214 1803 1532 1844 exercitationem
1557 1811 1668 1845 utun—

150 1877 224 1911 tur.
286 1868 517 1911 Scarahaeis
548 1884 641 1910 vero
673 1870 784 1923 louge
816 1869 909 1910 haec
939 1871 1133 1910 contraria
1165 1878 1266 1911 sunt.
1331 1870 1406 1925 Qui
1439 1872 1539 1912 enim
1568 1874 1668 1928 peri-

149 1939 272 1979 culum
306 1940 430 1978 facere
461 1938 648 1988 voluerit,
694 1944 732 1977 ut
758 1936 970 1992 physiologi
1004 1939 1176 1990 tradunt,
1220 1940 1251 1980 si
1281 1947 1536 1993 unguentem,
1581 1948 1667 1996 puta

149 2007 433 2062 opobalsamum
457 2012 520 2046 aut
545 2006 701 2045 nardum
726 2006 943 2046 scarabaeis
965 2006 1188 2058 admoveat,
1229 2007 1371 2047 lethum
1393 2008 1465 2048 illis
1491 2009 1662 2048 afferret.

150 2073 289 2116 Statim
311 2074 409 2114 enim
433 2073 621 2115 suavitate
643 2074 770 2113 odoris
792 2081 1016 2114 enecantur.
1080 2073 1146 2116 Sic
1167 2075 1349 2116 baeretici
1372 2076 1425 2116 illi
1447 2084 1664 2131 stuprorum

148 2156 191 2183 ac
220 2142 415 2182 libidinum
447 2149 483 2181 et
512 2141 704 2195 nequitiae
734 2142 855 2181 omnis
886 2149 1106 2197 appetentes
1139 2143 1315 2198 pessimis
1344 2144 1381 2184 iu
1414 2145 1527 2184 rebus
1559 2159 1663 2199 spem

148 2225 255 2252 suam
279 2210 490 2260 collocant,
532 2224 624 2249 mox
646 2216 771 2250 autem
794 2218 835 2250 ut
857 2211 900 2250 ad
926 2225 1078 2251 sacrum
1101 2211 1328 2266 baptismum
1355 2219 1391 2252 et
1417 2214 1663 2266 fragrantiam

146 2279 249 2319 illam
273 2278 530 2328 accesserint,
565 2278 796 2328 moriuntur,
830 2278 1138 2333 blasphemantes
1165 2281 1273 2320 deum
1300 2295 1343 2321 ac
1367 2281 1661 2322 dominationem

148 2347 229 2387 eius
260 2354 503 2401 spernentes.

259 2413 367 2468 Quos
398 2415 547 2469 quidem
579 2428 653 2454 uno
683 2414 745 2454 vel
774 2415 894 2455 altero
922 2416 1139 2456 testimonio
1167 2416 1434 2469 iugulabimus.
1495 2415 1596 2457 Nam
1629 2418 1660 2458 si
1689 2429 1838 2473 cap.1V.

147 2496 242 2538 quos
262 2481 503 2538 principatus
526 2497 569 2523 ac
589 2481 805 2523 Potestates
827 2497 1024 2535 vocamus,
1052 2485 1135 2524 sine
1156 2485 1226 2525 deo
1249 2485 1402 2525 minime
1424 2486 1661 2526 constituuu-
1683 2484 1766 2511 ΕΜΠ-
1781 2485 1822 2519 ¹30
1842 2485 1864 2511 ¹·

148 2558 229 2602 tur,
269 2551 304 2590 id
336 2550 373 2590 iu
405 2551 522 2591 coelis
546 2550 637 2604 ipsis
663 2550 786 2590 locum
812 2551 951 2592 habere
979 2553 1146 2593 maxime
1172 2553 1297 2592 debet.
1360 2554 1534 2607 Angelos
1560 2555 1659 2594 enim

147 2626 186 2659 et
216 2618 483 2673 Arcliangelos
513 2618 699 2672 scriptura
733 2627 1027 2671 commemorat,
1075 2636 1149 2661 non
1182 2621 1367 2661 eiusmodi
1404 2629 1443 2662 ut
1477 2623 1660 2662 contrarii

149 2687 219 2728 deo
241 2687 339 2738 sint,
373 2687 438 2727 sed
459 2689 807 2726 Admimktratorios
825 2691 979 2739 spiritus
999 2692 1048 2728 ad
1065 2693 1304 2728 mim'sterz‘mn
1325 2694 1475 2738 messos,
1505 2700 1660 2743 propter
1683 2705 1770 2733 Ηώς.
1783 2706 1805 2739 ι,
1823 2706 1861 2732 14.

148 2770 208 2794 eos
236 2759 303 2808 qui
321 2758 554 2795 hereditatem
585 2757 734 2806 capiunt
761 2758 904 2794 salutis.
967 2755 1011 2797 Si
1036 2757 1183 2811 quidem
1215 2765 1252 2796 et
1276 2758 1313 2798 in
1341 2765 1440 2798 terra
1467 2760 1660 2813 quodlibet

148 2836 306 2877 reguum
337 2824 465 2878 plures
497 2822 609 2863 habet
634 2821 862 2877 principatus
894 2824 956 2864 uni
978 2825 1060 2878 regi
1084 2825 1293 2865 subiectos.
1358 2829 1457 2877 Quae
1479 2831 1571 2867 enim
1590 2844 1658 2880 po·
1679 2840 1826 2909 1303ti

191 2968 222 3003 3.
246 2972 424 3015 „Suspecta
450 2970 528 3003 mihi
551 2982 613 3004 vox
638 2976 685 3003 est
709 2969 891 3016 γαλήνης.“
919 2974 1073 3006 Pelavius.
1119 2974 1240 3013 Repono
1264 2973 1422 3016 λαγνείας.
