2034 3267
499 187 676 220 PANARH
701 186 782 220 Lm.
803 187 827 219 1.
852 186 959 220 ToM.
980 186 1037 218 111.
1062 185 1322 218 HAER.XL11.
1593 177 1672 217 667

151 271 292 308 mortui
309 282 380 307 non
404 275 627 319 resurgunt,
662 282 777 319 neque
800 268 970 305 Chr-estus
990 269 1213 305 resum‘emit,
1277 268 1327 304 Et
1347 269 1384 304 si
1406 267 1576 304 Christus
1602 279 1672 303 non

151 339 380 382 resurreoez't,
426 338 545 373 e'unm‘s
581 343 636 373 est
662 337 891 386 praedic-atio
924 341 1065 372 nostra.
1139 333 1239 373 Tum
1276 339 1362 387 post
1396 333 1487 372 haec
1522 331 1670 372 omnia:

153 408 306 456 Oportet
335 406 426 442 enim
455 405 608 441 mortale
638 405 705 441 lme
733 405 884 441 e'mlzcere
907 403 1215 440 immortalitatem
1230 433 1238 448 ,
1283 409 1319 439 et
1340 401 1580 452 corruptibile
1609 402 1675 438 lcoc

151 474 303 511 induere
325 474 647 522 incorruptionem.
710 469 795 510 Nec
818 469 868 509 ita
891 469 1007 509 dixit:
1040 467 1208 509 Mortale
1232 469 1302 508 lloc
1322 481 1459 523 capere
1480 468 1675 507 immorta-

150 539 315 589 litatem,
360 545 424 578 aut
448 538 694 593 corruptibile
719 538 788 577 Ιιοιι
813 550 948 591 capere
972 536 1321 590 incorruptionem,
1362 536 1428 575 sed
1455 536 1615 575 mortale
1639 542 1676 574 et

152 606 397 661 corruptibile
432 606 590 645 induere
625 604 949 658 incorruptionem
985 611 1024 643 et
1062 603 1402 643 immortalitatem.
1471 601 1583 655 Quod
1618 609 1675 642 est

152 681 279 714 autem
313 674 473 713 mortale
508 673 597 713 illud
634 673 704 712 nisi
740 685 902 726 corpus,
949 671 1046 724 quod
1081 671 1404 710 immortalitatem
1440 684 1515 710 non
1546 670 1676 710 induat

152 742 288 790 modo,
322 742 387 781 sed
412 742 448 782 in
475 754 520 780 ea
542 740 654 780 etiam
679 739 845 790 habitet,
879 740 977 792 qnod
1000 738 1341 789 immortalitatem,
1375 738 1542 792 inquam,
1575 737 1673 777 illam

152 809 207 849 sic
238 809 392 859 induat,
437 816 476 848 ut
508 823 581 848 non
611 808 754 847 reiecto
780 819 942 860 corpore
974 806 1099 846 anima
1132 805 1211 846 sola
1238 819 1335 859 quae
1363 806 1495 845 mortis
1522 813 1580 845 est
1607 819 1676 845 ex-

152 890 264 932 pers,
307 876 629 916 immortalitatem
659 874 813 925 induat‚'
852 874 918 913 scd
951 880 990 913 ut
1016 874 1176 927 idipsum
1207 875 1304 928 quod
1332 873 1493 913 mortale
1524 879 1582 913 est
1608 872 1676 912 im-

153 944 447 994 mortalitatem,
482 950 518 982 et
542 942 786 996 corruptibile
814 941 1138 996 incorruptionem
1162 941 1317 991 induat,
1362 941 1433 981 boc
1456 948 1515 981 est
1539 954 1677 995 corpus

151 1013 296 1068 ipsum,
330 1011 436 1051 cuius
459 1010 609 1065 propria
631 1024 734 1049 mors
758 1017 817 1050 est
839 1024 883 1049 ac
906 1009 1138 1063 temporaria
1155 1009 1218 1048 illa
1241 1009 1435 1063 corruptio
1459 1008 1677 1048 dissolutio-

153 1095 224 1134 que
256 1080 302 1120 ob
329 1079 467 1119 Adami
491 1079 769 1118 contumaciam
802 1092 844 1118 ac
868 1077 994 1117 scelus
1019 1077 1188 1116 inflicta?
1247 1073 1324 1115 lam
1353 1089 1446 1116 vero
1474 1076 1518 1115 de
1543 1075 1677 1115 futuris

153 1148 240 1188 olim
266 1147 484 1196 beneficiis,
527 1160 621 1200 quae
645 1146 680 1185 in
706 1159 844 1200 corpus
867 1145 1076 1185 derivanda
1098 1151 1209 1195 sunt,
1253 1144 1467 1198 apostolum
1492 1143 1594 1197 loqui
1628 1156 1677 1183 ex

153 1230 199 1257 eo
221 1222 324 1271 patet
353 1215 452 1269 quod
473 1214 758 1268 pollicitationis
784 1213 943 1253 formula
973 1213 1009 1252 id
1042 1212 1139 1266 qnod
1171 1212 1293 1252 eidem
1318 1212 1543 1265 contingere
1566 1211 1677 1250 debet

153 1282 406 1340 expresserit.
475 1285 595 1329 Tune,
641 1282 784 1336 iuquit,
814 1283 892 1333 fiet
915 1296 1054 1327 sermo,
1100 1283 1346 1332 quiscrzpms
1368 1287 1445 1318 est:
1488 1281 1678 1331 Absorptu

152 1361 210 1392 est
234 1366 331 1391 mors
357 1354 394 1390 z'tz
422 1354 589 1390 vietor-ia.
654 1348 804 1402 Quibus
830 1348 958 1390 verbis
987 1349 1151 1388 futuram
1176 1355 1265 1388 tunc
1288 1355 1526 1387 mortuorum
1550 1361 1679 1387 resur-

151 1420 363 1461 rectionem
394 1419 599 1473 siguificat.
665 1415 982 1471 Quandoquidem
1016 1430 1066 1456 ex
1094 1416 1218 1470 aliqua
1244 1422 1352 1470 parte
1383 1415 1420 1454 in
1447 1412 1592 1455 Christi
1619 1428 1680 1454 re-

154 1488 419 1538 surrectione,
454 1500 661 1540 eorumque
690 1486 750 1540 qui
776 1499 860 1525 cum
890 1482 1046 1525 Christo
1071 1491 1160 1524 sunt
1184 1484 1229 1523 ad
1257 1484 1371 1523 vitam
1398 1482 1579 1534 excitati,
1613 1483 1679 1522 ab·

153 1563 281 1611 sorpta
307 1569 410 1595 mors
438 1562 511 1594 est.
573 1556 694 1593 Multa
720 1568 812 1592 emm
838 1560 1050 1592 sanctorum
1075 1567 1232 1604 corpora
1255 1567 1322 1590 sm
1323 1559 1524 1598 remorant,
1572 1557 1613 1591 ut
1637 1553 1675 1590 in
1696 1559 1806 1629 {pugg

154 1623 357 1677 evangelio
383 1623 568 1677 proditum
598 1629 679 1672 est,
712 1630 748 1660 el
768 1636 849 1660 cum
869 1636 910 1660 eo
930 1624 1100 1672 'e'ngtessa
1121 1628 1209 1659 sunt
1229 1623 1266 1659 in
1287 1627 1450 1659 salectam
1477 1623 1673 1658 cevthatem

156 1690 234 1733 Sed
263 1699 338 1731 tum
373 1690 603 1731 absorbetur
634 1691 669 1730 iu
706 1689 890 1740 victoria,
937 1703 1020 1729 cum
1051 1689 1096 1728 ab
1128 1688 1304 1728 omnibus
1337 1687 1491 1728 omnino
1523 1686 1679 1742 depulsa

156 1759 381 1816 corporibus
413 1758 626 1799 evanescit.

535 1883 597 1914 EX
630 1882 839 1915 EPISTOLA
864 1883 902 1913 ΙΙ.
939 1881 996 1913 AD
1033 1880 1309 1913 CORINTHIOS.

268 1962 379 2003 Hanc
402 1961 552 2003 Marcio
579 1962 730 2002 tertiam
755 1960 888 2001 ordine
910 1960 1134 2011 collocavit,
1167 1960 1281 2014 idque
1305 1965 1536 2000 commutata
1562 1957 1677 1998 serie.

158 2030 269 2085 Quae
303 2031 402 2071 enim
434 2031 480 2071 ad
513 2029 672 2071 Galatas
704 2029 846 2084 scripta
879 2036 959 2080 est,
994 2042 1075 2068 eam
1108 2027 1230 2083 primo
1261 2029 1346 2069 loco
1378 2028 1520 2083 posuit.

271 2097 404 2140 Schol.
432 2097 448 2138 I
473 2106 511 2137 et
536 2096 675 2138 XXV.
724 2100 911 2150 Quotquot
931 2100 1023 2136 enim
1041 2099 1304 2148 promissiones
1333 2099 1395 2135 dez·
1415 2104 1503 2135 sunt
1529 2099 1565 2135 ῑή
1597 2098 1674 2143 illo,
1699 2106 1879 2142 2.cor.1,20.

158 2171 249 2207 Est:
283 2170 361 2206 ideo
391 2175 429 2205 et
452 2181 520 2218 per
549 2169 665 2217 ipsum
694 2169 814 2204 Amen
844 2168 914 2204 ἀεί.

268 2234 402 2275 Refut.
428 2234 445 2274 1
471 2242 509 2274 et
532 2232 671 2274 XXV.
719 2233 840 2288 Aperi
861 2233 992 2274 oculos
1017 2240 1055 2273 et
1074 2232 1249 2283 salvare,
1279 2229 1453 2272 Marcio!
1517 2229 1629 2284 Quod
1650 2232 1680 2272 si

164 2305 290 2345 facere
319 2302 417 2343 istud
445 2302 556 2342 modo
581 2315 656 2341 non
681 2308 811 2355 potes,
854 2315 899 2341 eo
922 2301 1020 2355 quod
1047 2300 1214 2351 obieris,
1257 2300 1309 2340 illi
1331 2299 1464 2340 saltem
1490 2300 1679 2354 aperiant,

161 2386 256 2427 qnos
280 2379 319 2411 tu
339 2371 376 2410 in
402 2383 572 2410 errorem
598 2368 801 2424 impulisti,
835 2375 970 2423 teque,
1004 2375 1046 2409 ut
1068 2375 1297 2409 venenatum
1319 2373 1536 2422 serpentem
1560 2375 1598 2407 et
1618 2382 1683 2422 ap-

160 2438 501 2495 propinquantibus
534 2437 691 2477 noxium
727 2437 910 2477 devitent.
972 2435 1073 2477 Nam
1107 2436 1162 2486 si,
1211 2439 1395 2488 Quotquot
1419 2439 1681 2487 promissiones

160 2511 224 2548 dei
239 2515 346 2554 sunt,
382 2510 418 2545 in
441 2508 527 2553 illo,
562 2508 706 2552 Etiam,
741 2505 1016 2559 promissiones
1038 2518 1152 2559 porro
1176 2503 1235 2543 dei
1259 2517 1326 2544 eas
1355 2504 1549 2557 apostolus
1570 2504 1681 2543 intel-

160 2576 243 2629 ligit
268 2588 364 2629 quae
386 2574 471 2627 lege
493 2588 536 2613 ac
559 2573 753 2628 prophetis
779 2572 1045 2624 continentur,
1079 2571 1252 2625 sequitur
1274 2571 1388 2611 etiam
1413 2571 1501 2611 illud
1522 2572 1681 2625 implen-

162 2644 292 2684 darum
316 2640 597 2696 prophetiarum
620 2640 812 2695 proprium
834 2641 872 2680 in
896 2638 1052 2681 Christo
1077 2639 1338 2680 confirmatum
1364 2639 1498 2679 fuisse.
1550 2638 1680 2693 Quare

162 2724 234 2751 nec
264 2724 285 2750 a
310 2710 433 2750 veteri
463 2709 547 2762 lege
579 2722 649 2748 nec
680 2722 701 2748 a
727 2708 920 2763 prophetis
943 2708 1090 2748 alienus
1122 2713 1179 2746 est
1201 2704 1402 2756 Christus,
1449 2720 1519 2747 nec
1544 2721 1565 2747 a
1590 2708 1676 2756 deo,

164 2779 227 2833 qui
248 2786 287 2819 et
309 2778 347 2818 in
370 2778 454 2830 lege
483 2777 633 2817 locutus
657 2782 736 2826 est,
770 2783 808 2816 et
830 2790 898 2816 sua
919 2776 957 2816 in
978 2772 1135 2816 Christo
1158 2774 1345 2829 promissa
1369 2775 1544 2827 perfecit.
1603 2773 1679 2816 Sed

163 2902 408 2946 promissionem
443 2900 550 2939 dicat,
587 2899 711 2932 indicat
743 2911 802 2942 per
835 2899 899 2932 hoc
944 2898 1000 2934 διὰ
1023 2901 1086 2942 τῆς
1109 2897 1329 2943 υτοσχησεως
1351 2896 1388 2932 τὸ
1411 2899 1618 2941 πὶηροῦσὸαί
1640 2911 1681 2943 με

164 2947 253 2990 quod
271 2947 350 2979 dicit
369 2950 434 2979 cett.
468 2948 670 2986 Inter-punctio
688 2948 848 2977 verborum
867 2947 899 2977 in
946 2945 1084 2988 onitate:
1089 2957 1098 2978 v.
1122 2944 1224 2999 λέγων
1248 2948 1312 2976 cett.

164 2996 291 3033 ucraque
316 2995 435 3025 Graeca
456 2993 583 3024 editione
604 2994 664 3023 est:
689 2987 743 3024 eti:
747 3001 838 3033 ργεσι
841 2990 898 3033 ὧν,
988 2991 1042 3023 όὸ.
1067 2985 1196 3030 Supra
1195 2986 1294 3023 Ὀσαι
1317 2987 1380 3032 γὰρ
1404 2988 1603 3033 ἐπαγγελία.
