2034 3267
213 689 278 716 pag.
298 681 356 708 353.

377 175 454 213 644
935 178 1095 210 εΑΝοΤι
1118 179 1341 210 ΕΡιΡΗΑΝιι

375 255 632 311 ἐσταύρωσαν,
668 261 712 284 ‘³⁵
730 254 957 297 ἀνένδεκτον
980 254 1049 309 τήν
1068 254 1192 310 σάρκα
1213 253 1309 309 ὑπὲρ
1334 258 1505 308 Χριστοῦ
1526 263 1736 300 παθοῦσαν
1753 257 1804 311 μή
1827 257 1897 299 σῦν

377 329 533 382 Χριστῷ
567 322 798 378 βασιλεύειν·
840 322 978 372 καθώς
1002 325 1068 365 καὶ
1093 325 1132 365 ἐν
1158 322 1254 380 ἄλλῳ
1278 324 1382 380 ῥητῷ
1406 326 1596 366 δείκνυσιν
1620 324 1643 367 ὁ
1667 325 1778 382 ἅγιος
1800 324 1896 367 ἀπό-

374 397 506 441 στολος
534 393 654 447 λέγων
681 391 760 442 ὅτι,
803 390 998 446 Καθάπερ
1027 394 1210 433 κοινωνοί
1233 392 1314 433 ἐστε
1341 395 1418 433 τῶν
1439 392 1685 446 παθημάτων
1708 397 1777 436 τοῦ
1802 397 1894 448 Χρι-

371 465 484 511 στοῦ,
517 459 640 508 οὕτως
669 461 736 501 καὶ
765 464 834 512 τῆς
865 459 990 512 δόξης.

485 527 598 581 Σχόλ.
623 527 670 581 η’.
719 526 817 568 Οὔτε
841 526 913 582 γάρ
939 529 978 569 οἵ
1001 526 1315 582 περιτεμνόμενοι
1341 525 1452 569 αὐτοὶ
1474 526 1596 581 νόμον
1621 527 1895 581 φυλάσσουσιν.

477 663 632 720 ”Ελεγχ.
653 663 699 717 η’.
746 662 829 705 Οὔκ
863 661 1105 719 ἀπηγόρευτο
1137 666 1270 705 τοίνυν
1299 662 1324 717 ἦ
1355 665 1522 719 προτέρα
1551 665 1738 719 περιτομή
1773 667 1813 707 ἐν
1844 670 1897 722 τῷ

373 733 457 790 ἰδίῳ
483 737 627 790 καιρῷ,
671 734 705 773 εἰ
728 731 849 785 νόμον
873 731 1044 784 ἐφύλαξε.
1107 731 1242 784 Νόμος
1267 732 1307 773 δὲ
1331 731 1502 787 Χριστόν
1525 731 1771 788 κατήγγελλεν
1792 732 1896 788 ἐρχό-

373 817 487 854 μενον
512 799 634 854 νόμον
655 802 879 855 ἐλευθερίας
902 801 1190 856 παρασχέσθαι,
1220 801 1286 841 καὶ
1310 799 1439 842 οὐκέτι
1461 798 1486 854 ἡ
1510 799 1700 855 περιτομὴ
1724 802 1764 842 ἐν
1785 802 1895 856 σαρκὶ

370 873 424 925 τῶ
457 867 583 926 χρόνῳ
617 873 685 911 τοῦ
720 873 892 923 Χριστοῦ
923 868 1245 923 ἐξυπηρετήσειεν.
1304 863 1428 910 ῗΗλθε
1459 867 1530 924 γάρ
1562 867 1588 922 ή
1621 867 1686 910 διά
1721 873 1896 923 Χριστοῦ

372 935 555 990 ἀληθινή,
588 932 634 990 ἧς
653 936 776 986 τύπος
799 938 921 990 ἐκείνη
944 932 1004 990 ἦν.
1069 939 1119 978 Οἱ
1138 937 1177 977 δὲ
1197 939 1251 978 ἔτι
1273 938 1313 979 ἐν
1336 939 1459 995 ἐκείνῃ
1480 936 1792 992 σφραγιζόμενοι,
1824 936 1898 979 κάν

371 1023 408 1046 τε
428 1004 554 1046 πάντα
576 1003 643 1046 τόν
664 1004 785 1059 νόμον
805 1007 1047 1057 φυλάξωσιν,
1080 1002 1206 1047 ούκέτι
1228 1003 1361 1054 αὐτοῖς
1381 1004 1652 1060 λογισθήσεται
1674 1004 1798 1059 νόμου
1821 1004 1895 1057 φύ-

369 1076 492 1124 λαξις,
536 1072 669 1126 ἐπειδὴ
699 1073 771 1128 γάρ
803 1071 825 1115 ὁ
848 1072 968 1126 νόμος
991 1075 1090 1128 ἔλεγε
1113 1075 1199 1128 περὶ
1226 1078 1397 1128 Χριστοῦ
1425 1072 1504 1124 ὅτι,
1545 1072 1755 1127 προφήτην
1776 1075 1900 1128 ἐγερεῖ

369 1139 461 1195 ύμῖν
491 1141 628 1197 κύριος
660 1139 682 1182 ό
711 1140 806 1190 θεός
838 1143 880 1183 ἐκ
911 1146 987 1183 τῶν
1018 1140 1197 1193 ἀδελφῶν
1228 1159 1304 1194 μου
1336 1139 1388 1190 ῶς
1419 1141 1502 1194 ἐμὲ,
1545 1139 1666 1183 αὑτοῦ
1692 1140 1892 1183 ἀκούσετε·

370 1207 497 1250 αὐτῶν
522 1210 564 1251 δὲ
588 1215 659 1250 τοῦ
687 1214 859 1264 Χριστοῦ
883 1208 936 1262 μή
963 1207 1213 1251 ἀκουσάντων
1235 1208 1261 1262 ἦ
1281 1208 1468 1264 περιτομὴ
1491 1207 1730 1263 ἀκροβυστία
1753 1213 1894 1265 γίνεται

370 1276 514 1328 αὐτοῖς,
544 1279 610 1319 καὶ
632 1275 657 1330 ή
678 1276 842 1328 φύλαξις
861 1282 932 1318 τοῦ
956 1276 1080 1330 νόμου
1103 1276 1230 1318 οὐκέτι
1252 1277 1423 1329 φύλαξις.
1486 1276 1616 1326 Καλὸς
1636 1280 1768 1319 τοίνυν
1792 1276 1814 1319 ὁ
1833 1277 1894 1319 νό-

369 1364 459 1399 μος,
499 1347 563 1387 καὶ
586 1344 684 1398 καλή
708 1343 733 1398 ἡ
756 1344 962 1399 περιτομή,
1003 1343 1070 1397 ἀφ’
1091 1340 1139 1386 οὗ
1161 1347 1225 1386 καὶ
1249 1343 1315 1398 ἀφ’
1335 1340 1384 1398 ἧς
1402 1347 1569 1400 ἔγνωμεν
1596 1344 1788 1400 Χριστόν,
1828 1347 1895 1387 καὶ

368 1414 434 1457 τόν
459 1415 714 1469 ἓντελέστερον
740 1412 862 1455 αὐτοῦ
885 1412 1029 1466 νόμον,
1060 1415 1122 1455 καὶ
1152 1412 1222 1467 τήν
1245 1414 1504 1469 ἐντελεστέραν
1529 1411 1650 1455 αὐτοῦ
1674 1412 1893 1470 περιτομήν.

394 1555 429 1574 ‘³¹³
446 1552 541 1585 ΑΠΟ
567 1551 669 1585 ΤΗΣ
694 1551 826 1585 ΠΡΟΣ
850 1551 1147 1585 ΚΟΡΙΝΘΙΟΥΣ
1172 1551 1473 1585 ΕΠΙΣΤΟΛΗΣ.
1517 1551 1644 1585 ΑΥΤΗ
1667 1551 1756 1585 ΓΑΡ
1780 1551 1874 1585 HAP

722 1608 898 1642 ΑΥΤΟΙΣ
923 1607 1134 1641 ΔΕΥΤΕΡΑ
1149 1633 1156 1647 ,
1182 1608 1263 1641 ΚΑΙ
1288 1608 1381 1641 HAP
1405 1607 1543 1641 HMIN.

478 1686 512 1727 α’
532 1688 599 1728 καὶ
619 1686 659 1727 θ’
680 1685 791 1740 Σχόλ.
838 1686 1056 1741 Γέγραπται
1080 1684 1173 1740 γάρ,
1213 1684 1364 1727 Ἀπολῶ
1386 1684 1458 1740 τήν
1478 1688 1620 1738 σοφίαν
1639 1689 1717 1726 τῶν
1741 1689 1891 1738 σοφῶν,

367 1757 434 1797 καὶ
464 1754 534 1809 τήν
564 1753 717 1796 σύνεσιν
747 1759 822 1795 τῶν
851 1759 1019 1795 συνετῶν
1049 1752 1239 1807 ἀθετήσω.

481 1824 517 1863 α’
533 1824 597 1864 καὶ
617 1822 657 1864 θ’
671 1822 816 1877 ’Έλεγχ
857 1824 913 1863 Εἰ
929 1820 1004 1863 ἀπὸ
1025 1827 1102 1863 τῶν
1119 1824 1391 1877 γεγραμμένων
1408 1823 1448 1864 ἐν
1463 1828 1545 1871 τοῖς
1562 1820 1785 1877 προφήταις
1805 1819 1895 1862 ἀνα-

368 1893 513 1947 λέγεται
543 1889 566 1932 ὁ
594 1889 809 1939 ἀπόστολος
832 1893 1065 1945 μαρτυρίας,
1106 1893 1158 1939 εἰς
1179 1890 1419 1946 παράστασιν
1440 1889 1626 1944 ἀληθείας
1649 1891 1716 1932 καὶ
1739 1887 1895 1945 ἀγαθῆς

368 1962 637 2010 διδασκαλίας,
670 1957 741 2000 ούκ
763 1957 955 2014 ἀλλότριοι
976 1961 1016 2000 οἱ
1033 1964 1231 2013 προφῆται
1257 1964 1321 2013 τῆς
1340 1957 1525 2012 ἀληθείας
1545 1960 1612 2001 καὶ
1632 1963 1702 2000 τοῦ
1723 1956 1893 2014 ἀγαθοῦ,

367 2028 433 2069 καὶ
462 2030 532 2080 τῆς
561 2025 718 2082 ἀγαθῆς
748 2024 869 2068 αὐτοῦ
901 2029 1160 2076 διδασκαλίας.

481 2094 515 2149 β’
537 2096 603 2137 καὶ
627 2094 649 2136 ι’
671 2093 783 2148 Σχόλ.
833 2096 966 2136 97Καὶ
988 2098 1074 2146 ἵνα,
1115 2094 1251 2144 καθῶς
1274 2096 1505 2151 γέγραπται,
1545 2092 1568 2137 ὁ
1586 2094 1832 2148 καυχώμενος
1853 2094 1894 2135 ἐν

368 2166 489 2221 κυρίῳ
521 2161 745 2217 καυχάσθω.

480 2231 515 2285 β’
538 2233 605 2273 καὶ
627 2231 648 2273 ι’
662 2230 808 2286 ”Ελεγχ.
852 2232 907 2271 Εἰ
937 2230 1132 2280 ἐπαινετὸς
1163 2229 1325 2285 ὑπάρχει
1362 2230 1383 2273 ὁ
1414 2230 1662 2284 καυχώμενος
1696 2232 1737 2272 ἐν
1770 2232 1892 2287 κυρίῳ

369 2299 475 2355 παρα
507 2306 589 2349 τοῖς
617 2298 858 2355 προφήταις,
901 2299 1038 2353 κύριον
1066 2300 1106 2341 δὲ
1131 2297 1212 2341 οἶδε
1234 2298 1302 2341 τόν
1325 2298 1422 2341 θεὸν
1453 2305 1522 2342 τοῦ
1546 2298 1668 2353 νόμου
1696 2297 1764 2340 τὸν
1785 2296 1893 2353 παρά

369 2369 452 2419 σοὶ,
486 2363 516 2409 ῶ
539 2371 755 2423 Μαρκίων,
786 2368 852 2409 καὶ
875 2365 1010 2421 κριτήν
1029 2368 1095 2408 καὶ
1117 2366 1354 2422 δημιουργόν
1377 2369 1442 2410 καὶ
1469 2371 1619 2410 δίκαιον
1638 2365 1891 2420 καλούμενον,

370 2435 441 2477 οὐκ
463 2435 574 2485 ἄλλος
597 2437 698 2477 ἐστὶν
723 2430 837 2484 οὗτος
858 2433 964 2489 παρά
987 2434 1054 2477 τόν
1088 2440 1213 2478 98τοῦ
1241 2440 1412 2489 Χριστοῦ
1434 2437 1600 2491 πατέρα,
1643 2430 1691 2477 οὗ
1711 2434 1893 2488 μαθητής

367 2502 530 2558 ὑπάρχει
568 2509 742 2552 Παῦλος·
789 2504 994 2557 ἐπειδήπερ
1030 2501 1107 2545 ἀπὸ
1143 2509 1210 2558 τῆς
1242 2509 1313 2546 τοῦ
1345 2503 1554 2559 προφήτου
1587 2506 1830 2553 διδασκαλίας
1870 2502 1892 2545 ὅ

369 2571 600 2621 διδάσκαλος
628 2572 886 2620 κατασταθεὶς
917 2576 993 2612 τῶν
1028 2572 1157 2613 ἐθνῶν
1192 2570 1270 2614 ὑπὸ
1304 2577 1476 2627 Χριστοῦ
1511 2577 1670 2621 Παῦλος
1704 2570 1780 2613 ἀπὸ
1814 2576 1892 2613 τῶν

370 2637 517 2691 ὁμοίων
539 2642 605 2681 καὶ
626 2645 702 2682 τῶν
725 2638 852 2681 αὐτῶν
875 2641 1134 2681 διδασκαλιῶν
1154 2639 1396 2694 ἀνιμώμενος
1418 2639 1470 2690 ῶς
1491 2639 1671 2696 καθαρόν
1692 2639 1799 2695 ὕδωρ
1825 2637 1890 2695 ἀρ-

369 2709 472 2749 δεύει
504 2707 555 2761 ’ἣν
584 2712 828 2750 πεπίστευται
860 2709 1070 2760 ἐκκλησίαν.

481 2774 511 2830 γ’
535 2777 602 2818 καὶ
626 2775 674 2818 ια’
699 2775 810 2830 Σχόλ.
861 2780 948 2818 Τῶν
972 2773 1166 2831 ἀρχόντων
1192 2781 1261 2819 τοῦ
1286 2778 1428 2826 αι’ῶνος
1450 2778 1610 2828 τούτου,
1650 2781 1727 2818 τῶν
1750 2793 1891 2832 καταρ-

366 2844 574 2897 γουμένων.

413 2948 465 2979 5³5».
490 2945 683 2982 ἅνέκδεκτον
707 2951 774 2981 cod.
800 2951 893 2982 Varie.
1154 2953 1240 2989 cett„
1264 2951 1344 2990 quod
1365 2952 1407 2981 ila
1427 2951 1556 2989 mutavi,
1580 2952 1611 2980 ut
1632 2949 1709 2980 illud
1729 2946 1759 2981 α’
1781 2947 1838 2982 καὶ
1858 2945 1887 2981 ‘2‘

412 2992 464 3024 exi.
493 2995 587 3034 Vulgo
609 2993 638 3027 α’
665 2994 721 3028 καὶ
745 2992 775 3027 ‘2'
801 2993 893 3039 σχέλ.
940 2991 1022 3028 Ἀπὸ
1048 2994 1109 3037 τῆς
1156 2994 1247 3038 σχόλ.
1272 2999 1340 3028 ante
1363 2994 1556 3038 Γέγραπται
1578 2996 1765 3026 collocarem.
