2034 3267
189 1929 253 1956 pag.
271 1922 328 1948 358.

350 190 430 229 652
907 189 1067 222 SANCTI
1089 189 1312 222 EPIPHANII

460 271 494 325 η’
524 274 589 313 καὶ
619 268 663 319 ις’
688 267 799 322 Σχόλ.
842 266 917 321 Μὴ
946 272 1023 309 τῶν
1053 270 1159 320 βοῶν
1190 267 1289 320 μέλει
1317 271 1370 324 τῷ
1398 272 1499 325 θεῷ,

458 338 493 392 η’
513 340 577 380 καὶ
601 338 646 386 ις’
660 337 805 392 ’Έλεγχ.
837 334 943 389 ’Ήδη
965 333 1365 390 διαπεπραγμάτευται
1387 336 1451 376 καὶ
1474 333 1538 376 διά
1560 334 1725 384 πλάτους
1745 334 1870 389 ἡρμή-

349 426 475 449 νευται
506 409 545 449 ἐν
574 412 627 464 τῷ
652 404 727 460 πρὸ
754 402 874 446 αὑτοῦ
901 407 1015 460 ῥητῷ.
1075 402 1149 445 Διό
1176 401 1353 458 περιττὸν
1378 401 1614 457 ἡγησάμενος
1640 398 1758 452 αὖθις
1781 403 1870 457 περὶ

349 474 470 517 αὐτοῦ
499 476 617 529 λέγειν
646 473 845 528 ἠρκέσθην
875 478 956 520 τοῖς
986 473 1289 527 προειρημένοις.

458 542 498 584 θ’
520 543 585 583 καὶ
609 540 652 592 ιζ’
671 540 785 594 Σχόλ.
833 538 891 581 Οὐ
911 541 1016 581 θέλω
1040 539 1111 595 γάρ
1136 538 1238 591 ὑμᾶς
1260 537 1427 594 άγνοεῖν,
1458 536 1633 589 άδελφοὶ,
1665 536 1725 579 ὅτι
1745 540 1784 579 οἱ
1800 555 1872 579 πα-

348 613 451 667 τέρες
485 608 655 663 25’ὑμῶν
685 607 762 650 ὑπὸ
792 607 863 661 τὴν
892 609 1055 660 νεφέλην
1085 604 1204 660 ἦσαν,
1245 608 1310 648 καὶ
1331 605 1472 655 πάντες
1497 605 1560 648 διά
1584 610 1652 659 τῆς
1673 605 1874 659 θαλάσσης

349 683 534 733 διῆλθον,
564 679 630 719 καὶ
653 676 791 725 πάντες
813 675 854 717 τό
881 674 973 717 αὐτὸ
999 674 1260 729 πνευματικόν
1283 676 1431 730 ἔφαγον
1453 677 1609 730 βρῶμα,
1641 674 1704 715 καὶ
1731 672 1872 722 πάντες

348 747 389 789 τό
418 745 511 788 αὐτὸ
539 743 798 798 πνευματικόν
829 746 939 785 ἔπιον
968 743 1086 797 πόμα.
1134 742 1299 785 ’Έπινον
1329 741 1401 798 γάρ
1434 744 1475 784 ἐκ
1498 743 1758 794 πνευματικῆς
1782 739 1873 783 οἷκο-

347 814 570 868 λουθούσης
595 815 756 868 πέτρας,
788 810 814 865 ἦ
835 812 875 853 δὲ
899 813 1018 866 πέτρα
1043 807 1091 865 ἦν
1115 810 1136 853 ὁ
1163 811 1349 866 Χριστός,
1382 809 1458 851 ἄλλ’
1484 809 1556 852 οὐκ
1581 811 1620 851 ἐν
1644 815 1726 858 τοῖς
1748 811 1870 850 πλείο-

349 898 408 925 σιν
431 881 560 924 αὕτῶν
582 879 786 935 ηὕδόκησε.
853 885 980 921 Ταῦτα
1008 880 1048 921 δὲ
1070 879 1184 921 τύποι
1210 877 1380 933 26ὑμῶν
1406 877 1670 934 ἐγενήθησαν,
1714 875 1874 932 2Τπρὸς

348 951 390 994 τό
415 951 467 1005 μὴ
494 949 590 992 εἶναι
612 948 715 1003 ἡμᾶς
735 946 982 1001 ἐπιθυμητὰς
1005 953 1159 998 κακῶν,
1189 946 1327 996 καθώς
1349 949 1413 988 καὶ
1439 949 1576 989 ἐκεῖνοι
1600 944 1871 998 ἐπεθύμησαν·

350 1020 444 1073 μηδὲ
467 1017 735 1072 εἰδωλολάτραι
758 1020 933 1072 γίνεσθε,
965 1015 1103 1064 καθώς
1126 1033 1224 1064 τινες
1247 1014 1396 1066 αὐτῶν,
1433 1013 1629 1063 28καθώς
1650 1015 1871 1069 γέγραπται,

346 1087 553 1129 Ἐκάθισεν
575 1085 597 1127 ὁ
615 1084 707 1134 λαός
729 1090 868 1140 φαγεῖν
890 1086 953 1125 καὶ
975 1090 1089 1134 πιεῖν,
1121 1086 1185 1125 καὶ
1207 1083 1416 1136 άνέστησαν
1436 1086 1597 1133 παίζειν·
1630 1082 1724 1136 μηδὲ
1749 1083 1872 1123 ἐκπει-

350 1155 519 1209 ράζωμεν
549 1153 615 1196 τόν
644 1153 831 1208 Χριστόν,
865 1151 1030 1194 29ὅπου
1054 1153 1169 1206 λέγει,
1217 1157 1344 1193 Ταῦτα
1375 1152 1414 1192 δὲ
1444 1155 1616 1199 τυπικῶς
1647 1151 1872 1203 συνέβαινεν

349 1226 528 1273 ἐκείνοις,
560 1221 710 1277 ἐγράφη
741 1222 782 1262 δὲ
812 1219 924 1274 ἡμῖν,
956 1221 1020 1261 καὶ
1052 1220 1098 1260 τά
1128 1221 1225 1273 ἑξῆς.

460 1291 498 1332 θ’
520 1292 584 1332 καὶ
609 1288 808 1343 ιζ”Έλεγχ.
848 1283 897 1328 ³9-
924 1291 1063 1340 πολλῆς
1090 1290 1461 1342 3οφρενοβλαβείας.
1513 1290 1579 1336 Τίς
1601 1289 1696 1340 ἔχων
1720 1285 1871 1337 ὀφθαλ-

349 1359 446 1413 μοῦς
468 1358 577 1413 ἡλίου
600 1356 867 1405 άνατέλλοντος
888 1355 1026 1397 ἑαυτὸν
1046 1354 1123 1396 άπό
1147 1361 1215 1397 τοῦ
1236 1355 1368 1407 φωτὸς
1385 1348 1586 1409 πλανήσει,
1633 1356 1687 1395 Ez'
1706 1353 1778 1410 γάρ
1800 1371 1872 1396 πα-

349 1431 460 1483 τέρας
482 1429 623 1468 έαυτοῦ
650 1423 742 1474 τούς
765 1424 846 1466 τότε
866 1425 962 1479 λέγει
984 1422 1007 1465 ό
1030 1423 1139 1479 ἅγιος
1161 1422 1395 1475 άπόστολος,
1438 1425 1504 1465 καὶ
1524 1421 1601 1464 ind
1626 1423 1785 1475 νεφέλης
1805 1423 1872 1464 καὶ

349 1495 412 1538 διά
439 1494 639 1548 θαλάσσης
664 1493 953 1546 διεληλυθέναι,
996 1494 1062 1534 καὶ
1086 1491 1343 1546 πνευματικὸν
1366 1495 1503 1547 βρῶμα
1531 1493 1595 1533 καὶ
1621 1490 1728 1544 πόμα
1759 1488 1870 1541 εἶναι,

349 1565 587 1619 βεβρωκέναι
619 1563 660 1603 δὲ
689 1563 755 1603 καὶ
786 1561 1004 1603 πεπωκέναι
1035 1563 1076 1602 ἐκ
1107 1566 1369 1614 πνευματικῆς
1393 1558 1690 1613 άκολουθούσης
1714 1560 1870 1615 πέτρας,

351 1632 518 1688 Χριστὸν
548 1632 589 1672 δὲ
614 1628 710 1672 εἶναι
734 1629 804 1682 τήν
828 1631 970 1684 πέτραν
998 1629 1159 1681 φάσκει,
1202 1632 1258 1678 τίς
1283 1628 1535 1682 πεισθήσεται
1560 1630 1802 1684 Μαρκίωνος
1824 1632 1872 1685 τῇ

347 1699 534 1757 άπονοίᾳ,
579 1704 647 1741 τοῦ
670 1701 908 1748 σκοτίζοντος
931 1699 1071 1739 ἑαυτοῦ
1096 1697 1160 1739 τόν
1184 1701 1276 1739 νοῦν
1301 1698 1364 1739 καὶ
1389 1700 1464 1738 τῶν
1489 1695 1712 1739 άκουόντων
1736 1694 1872 1745 αὐτοῦ,

348 1767 545 1822 ἀλλότριον
568 1767 731 1819 φάσκειν
755 1765 821 1807 τὸν
849 1765 1016 1820 Χριστόν
1040 1771 1118 1807 τῶν
1143 1767 1181 1807 ἐν
1206 1765 1312 1823 νόμῳ
1338 1766 1575 1821 γενομένων,
1617 1763 1874 1820 ὁμολογουμέ-

351 1855 427 1879 νων
457 1837 497 1878 δὲ
525 1835 632 1890 παρὰ
663 1839 731 1876 τοῦ
761 1833 978 1875 άποστόλου
1004 1835 1044 1875 ἐν
1069 1833 1252 1890 ἀληθείᾳ,
1293 1835 1356 1875 καὶ
1385 1832 1455 1875 οὐκ
1477 1835 1517 1875 ἐν
1543 1832 1719 1886 δοκήσεις
1768 1835 1876 1874 ³¹El

350 1904 492 1957 φάσκει
514 1904 553 1945 δὲ
575 1902 597 1945 ό
619 1903 727 1958 ἅγιος
747 1901 958 1950 ἀπόστολος
978 1901 1028 1955 μή
1052 1904 1091 1943 ἐν
1113 1908 1192 1951 τοῖς
1213 1904 1400 1950 πλείστοις
1421 1901 1487 1943 τὸν
1514 1901 1682 1955 Χριστὸν
1701 1899 1870 1955 ηὔδοκη-

347 1974 475 2022 κέναι,
516 1971 672 2019 πάντως
702 1970 766 2011 διά
795 1969 1026 2024 παράνομον
1051 1973 1190 2024 πρᾶξιν
1215 1976 1292 2012 τῶν
1319 1968 1457 2012 αὐτῶν.
1519 1971 1573 2010 Εἰ
1598 1970 1638 2010 δὲ
1661 1968 1732 2011 οὐκ
1755 1968 1872 2023 ηὐδό-

347 2055 462 2094 κησεν
485 2041 525 2082 ἐν
550 2045 630 2088 τοῖς
652 2037 749 2080 κατά
772 2037 838 2079 τόν
864 2037 982 2091 νόμον
1005 2038 1213 2093 παράνομα
1237 2039 1530 2094 ἐργασαμένοις,
1571 2036 1646 2092 ἄρα
1668 2036 1878 2092 άγανακτεῖ

347 2107 446 2163 πρὸς
478 2107 570 2156 τούς
598 2106 819 2156 τοιούτους,
864 2104 916 2154 ὦς
947 2104 1064 2147 αὐτοῦ
1090 2106 1306 2155 δεδωκότος
1332 2105 1399 2148 τόν
1425 2104 1565 2158 νόμον,
1605 2106 1671 2146 καὶ
1699 2105 1872 2148 διδάσκει

347 2178 486 2218 ἑαυτοῦ
509 2175 575 2217 τόν
599 2174 718 2228 νόμον
739 2173 944 2229 ὑπάρχειν,
984 2179 1105 2232 καιρῷ
1136 2176 1381 2225 Ηδοθέντα,
1422 2175 1484 2215 καὶ
1511 2176 1669 2222 δικαίως
1690 2174 1870 2229 ἐξυπηρε-

347 2246 514 2298 τηθέντα
537 2243 622 2298 ἄχρι
646 2248 713 2296 τῆς
734 2241 924 2297 ἐνσάρκου
946 2241 1066 2284 αὐτοῦ
1086 2247 1311 2298 παρουσίας.
1375 2243 1534 2297 Πρέπον
1555 2240 1626 2297 γάρ
1648 2243 1747 2284 ἐστιν
1766 2244 1870 2284 οἶκο-

347 2312 513 2369 δεσπότῃ
535 2310 626 2353 καθ’
648 2313 808 2353 ἕκαστον
829 2310 968 2364 καιρόν
988 2308 1185 2364 ἁρμοδίως
1207 2310 1424 2353 ἐπιτάσσειν
1444 2316 1522 2358 τοῖς
1544 2311 1683 2351 ἑαυτοῦ
1705 2311 1872 2360 οἰκέταις

346 2380 391 2421 τά
416 2382 623 2434 πρέποντα.
681 2378 824 2428 Εὕθῦς
843 2379 882 2420 δὲ
903 2380 1075 2432 ἐπιφέρει
1095 2381 1227 2434 λέγων,
1265 2384 1394 2420 Ταῦτα
1416 2379 1457 2420 δὲ
1476 2377 1592 2420 τύποι
1612 2376 1723 2431 ἡμῶν
1743 2378 1870 2433 ἐγενή-

346 2455 493 2502 θησαν,
535 2447 634 2503 πρὸς
664 2446 705 2489 vd
738 2446 791 2501 μὴ
822 2445 919 2488 εἶναι
951 2445 1050 2500 ἡμᾶς
1075 2447 1319 2501 ἐπιθυμητςὶς
1343 2452 1494 2497 κακῶν,
1536 2446 1674 2495 καθώς
1693 2445 1870 2489 κάκεῖνοι

348 2518 615 2570 ἐπεθύμησαν·
659 2517 755 2568 μηδὲ
786 2514 1054 2569 εἰδωλολάτραι
1083 2519 1255 2570 γίνεσθε,
1298 2514 1436 2564 καθώς
1466 2532 1565 2564 τινες
1595 2513 1739 2556 αὐτῶν·
1783 2513 1869 2568 οὗχὶ

346 2584 443 2626 κατά
471 2584 626 2626 πάντων
658 2583 728 2637 τὴν
757 2589 896 2637 ψῆφον
925 2582 1084 2633 διεξιών.
1146 2585 1222 2624 Καὶ
1249 2583 1372 2625 πόθεν
1395 2581 1504 2632 οἶδας
1530 2587 1672 2633 ταῦτα,
1715 2577 1745 2624 ὦ
1771 2581 1869 2625 άπό-

348 2658 471 2703 στολε,·
514 2651 731 2707 Ἐπιφέρει,
771 2650 838 2700 Ὡς
864 2652 1093 2707 γέγραπται,
1137 2651 1284 2705 φήσας,
1317 2651 1522 2694 Ἐκάθισεν
1555 2649 1577 2692 ὁ
1607 2649 1698 2699 λαός
1731 2656 1870 2705 φαγεῖν

347 2723 411 2761 καὶ
435 2727 555 2771 πιεῖν,
586 2722 649 2761 καὶ
678 2719 888 2774 άνέστησαν
910 2722 1066 2769 παίζειν.
1115 2718 1215 2774 ’Ἀρα
1238 2725 1331 2776 γοῦν
1357 2719 1508 2773 άληθής
1530 2717 1724 2774 ἦγραφή,
1757 2720 1795 2768 ἐξ
1823 2713 1869 2772 ἧς

349 2790 413 2830 καὶ
432 2788 498 2830 τὸν
520 2791 668 2843 ἔλεγχον
691 2788 788 2830 κατά
811 2793 886 2830 τῶν
910 2786 1067 2840 ἀνόμων
1090 2785 1113 2829 ό
1134 2786 1345 2837 άπόστολος
1364 2787 1558 2841 λαμβάνει.
1619 2785 1719 2827 Εἶτα
1739 2785 1866 2837 πάλιν,

391 2882 442 2913 25.
468 2883 572 2922 Supra
595 2878 702 2923 ἡμῶν.
1175 2880 1228 2914 29.
1254 2883 1359 2921 Supra
1383 2879 1447 2918 ἕως
1470 2876 1560 2914 ὅπου.

390 2925 442 2958 26.
468 2929 573 2966 Supra
594 2924 702 2968 ἡμῶν.
1175 2926 1229 2958 30.
1254 2925 1492 2970 φρενοβλαβίας
1514 2927 1587 2958 edit.
1603 2926 1700 2965 princ.

391 2971 443 3003 27.
470 2974 564 3011 l'ulyo
581 2969 626 3013 μὴ
643 2969 725 3013 πρὸς
739 2970 775 3006 τὸ
795 2968 884 3005 εἶναι.
915 2973 1079 3011 Cf.supra.
1171 2972 1223 3003 31.
1248 2970 1294 3004 Εἰ
1315 2973 1502 3010 particulam
1525 2972 1631 3010 repetii
1660 2980 1698 3001 ex
1718 2972 1864 3010 proxima

391 3018 444 3049 25.
469 3018 573 3056 Supra
597 3013 652 3054 ὥς.
1124 3018 1264 3049 vocabuli
1293 3014 1432 3058 δοκήσει
1454 3017 1592 3055 syllaba,
1627 3025 1704 3055 quae
1728 3017 1866 3047 videlicet
