2034 3267
510 155 687 188 PANARu
711 156 836 188 L113.1.
860 157 1023 189 ToM.11.
1047 157 1175 189 ΗΑΕΡ..
1195 159 1303 189 xxv.
1585 153 1659 191 163

146 234 329 274 ticulatim
360 246 542 287 agemus,
585 234 759 275 subtilius
790 235 1048 286 disseremus,
1091 250 1168 275 nou
1199 243 1239 276 ut
1267 236 1497 277 audientium
1528 236 1660 291 legen-

145 301 288 341 tiumve
318 315 456 342 sensus
485 301 748 355 inquinemus,
791 303 858 342 sed
890 310 930 342 ut
962 303 1270 356 prudentioribus
1299 303 1563 345 vehementius
1594 307 1660 345 ad-

143 381 281 408 versus
311 368 396 409 illos
428 369 553 408 odium
584 369 910 422 pessimorumque
942 370 1149 409 facinorum
1176 370 1466 410 detestationem
1498 371 1657 412 iniicere

143 436 351 489 possimus.
412 434 550 488 Neque
578 449 672 476 vero
702 435 887 474 scelestos
916 435 1001 475 illos
1030 436 1263 476 calumniose
1291 437 1546 489 traducimus,
1589 440 1658 480 sed

144 516 242 556 quae
273 502 320 542 ab
352 502 443 556 ipsis
468 509 675 555 geruntur,
718 514 765 540 ea
789 501 842 540 uti
866 515 908 540 se
930 515 993 541 rcs
1018 502 1130 542 habet
1153 503 1274 554 palam
1299 504 1474 544 omnibus
1497 506 1658 561 exponi-

143 583 242 609 mus.
307 567 406 609 Sunt
431 577 469 609 et
494 583 545 609 ex
571 569 644 608 illis
668 568 782 620 aliqui
807 568 868 620 qui
895 566 1112 608 laldabaotb
1139 570 1342 623 praecipue
1367 572 1518 623 colunt,
1552 586 1656 613 eum-

143 650 215 690 que
241 634 470 676 Barbelonis
498 636 661 690 priorem
689 641 779 674 natu
804 635 919 674 filium
943 648 1030 674 esse
1052 635 1295 688 praedicant,
1326 638 1488 692 ideoque
1513 639 1656 680 haben-

143 704 213 743 dus
244 703 277 742 ei
309 703 431 743 honor
459 709 538 751 est,
577 700 772 754 inquiunt,
812 701 911 754 quod
936 702 1134 741 recondita
1160 703 1274 742 multa
1301 706 1495 757 patefecit.
1554 706 1655 747 Hinc

143 778 202 810 est
227 771 325 823 qnod
353 776 478 809 certos
503 769 620 808 libros
650 765 868 806 laldabaoth
894 767 1046 807 nomine
1072 768 1278 822 inscriptos
1303 784 1348 810 ac
1373 774 1654 814 commentitios

140 837 301 886 habent,
345 850 415 876 nec
439 849 514 874 non
536 833 718 873 barbaras
744 832 990 888 Principum,
1032 841 1074 874 ut
1101 843 1299 886 asserunt,
1344 851 1388 877 ac
1414 835 1653 880 Potestatum

140 917 208 958 per
230 903 520 956 unumquodque
542 900 690 940 coelum
714 901 987 956 appellationes
1008 901 1252 953 innumeras,
1294 904 1354 957 qui
1379 918 1512 945 omnes
1534 906 1655 946 homi-

140 985 229 1011 num
252 970 386 1010 animis
407 975 495 1008 sunt
517 967 714 1007 contrarii.
775 966 880 1009 Sane
903 968 1039 1021 ingens
1059 969 1222 1009 humano
1242 970 1376 1022 generi
1398 971 1502 1011 fraus
1526 980 1584 1012 est
1603 987 1655 1014 ex

138 1037 349 1078 istiusmodi
385 1035 576 1074 hominum
613 1048 745 1074 errore
781 1043 1015 1090 comparata.
1086 1036 1166 1076 Alii
1200 1034 1470 1077 Caulaucaurh
1505 1040 1653 1080 cuidam

138 1106 297 1145 eandem
325 1101 613 1142 venerationem
645 1102 845 1153 deferunt,
893 1117 966 1156 quo
998 1103 1151 1143 nomine
1186 1118 1299 1144 unum
1329 1118 1381 1144 ex
1410 1103 1652 1159 Principibus

138 1171 337 1226 appellant.
400 1167 548 1221 Quibus
572 1183 709 1209 vocum
736 1170 926 1210 terriculis
951 1170 1296 1224 commentitiisque
1323 1184 1368 1211 ac
1391 1171 1563 1212 barbaris
1586 1187 1651 1227 ap—

136 1236 398 1292 pellationibus
424 1235 609 1290 imperitis
635 1236 848 1277 hominibus
873 1237 1068 1291 imponere
1093 1246 1295 1278 conantur.
1329 1252 1342 1257 ·’
1359 1237 1436 1279 Sed
1459 1239 1650 1292 peritiori-

132 1305 226 1353 bus,
271 1310 308 1343 et
333 1304 380 1343 iis
407 1304 468 1357 qui
497 1303 768 1357 cuiuscumque
794 1304 958 1344 nominis
990 1318 1033 1344 ac
1058 1308 1275 1359 propositae
1302 1306 1358 1345 rei
1382 1306 1554 1346 notitiam
1581 1321 1650 1361 per

132 1371 296 1410 divinam
319 1371 506 1424 quandam
529 1370 727 1410 scientiam
750 1371 918 1411 eiusdem
940 1379 1028 1411 sunt
1049 1372 1107 1411 dei
1132 1372 1318 1412 beneficio
1342 1374 1538 1413 consecuti
1561 1374 1649 1428 quid

131 1437 278 1477 facilius
305 1452 415 1491 quam
443 1437 517 1477 ista
544 1437 803 1478 fabulosorum
828 1438 874 1478 ab
898 1438 973 1479 illis
999 1452 1174 1479 errorum
1198 1439 1358 1480 conficta
1384 1441 1561 1493 dogmata
1586 1455 1648 1481 re-

129 1505 292 1545 fellere?

241 1570 338 1612 Cum
364 1572 464 1612 enim
488 1570 695 1612 Prunicum
724 1572 945 1625 nominant,
989 1573 1081 1614 nihil
1106 1587 1151 1614 ea
1175 1588 1252 1614 vox
1275 1575 1375 1615 aliud
1401 1589 1511 1628 quam
1537 1575 1645 1616 volu-
1671 1583 1820 1627 Cap.1V.

131 1646 274 1694 ptatum
299 1639 539 1693 excogitatas
567 1640 766 1680 illecebras
798 1640 951 1681 indicat.
1011 1640 1112 1681 Nam
1141 1642 1317 1695 quicquid
1343 1640 1644 1694 προυνικευόμε-

129 1722 200 1746 νον
225 1707 383 1757 dicitur,
426 1707 463 1746 id
491 1721 682 1746 venereae
708 1707 872 1748 libidinis
898 1708 1213 1762 significationem
1241 1716 1279 1748 et
1303 1716 1484 1749 tentatam
1507 1710 1553 1750 ab
1577 1711 1644 1769 ali-

130 1788 203 1828 quo
232 1774 487 1828 corruptelam
523 1774 774 1814 demonstrat.
832 1774 935 1814 Nam
966 1776 1010 1815 ad
1038 1789 1170 1815 eorum
1206 1776 1377 1827 facinus,
1422 1777 1483 1830 qui
1507 1777 1643 1831 puellis

129 1848 299 1895 stuprum
330 1842 516 1892 offerunt,
560 1840 796 1881 Graecorum
829 1842 965 1882 usitata
995 1858 1075 1883 vox
1106 1850 1166 1883 est
1190 1842 1461 1895 ἐπρουνίκευσε
1486 1843 1642 1895 ταύτην,

129 1908 200 1948 hoc
223 1916 283 1948 est
307 1915 477 1962 stuprum
502 1909 588 1948 huic
616 1908 764 1948 obtulit.
823 1907 933 1949 Unde
959 1910 1070 1950 etiam
1095 1911 1325 1964 impostores
1352 1911 1403 1951 illi
1426 1911 1487 1964 qui
1513 1912 1558 1951 de
1580 1925 1642 1951 re-

126 1975 197 2015 bus
226 1974 416 2016 Graeciae
441 1976 698 2030 scripserunt,
738 1989 822 2015 cum
848 1976 892 2016 de
921 1976 1196 2030 pulchritudine
1222 1978 1453 2018 mentionem
1480 1978 1638 2029 faciunt,

126 2041 261 2090 κάλλος
285 2039 496 2095 προύνικον
521 2043 724 2097 appellant.
788 2040 898 2095 Quod
921 2052 1013 2084 vero
1033 2045 1078 2084 ad
1102 2059 1237 2084 vocem
1262 2043 1530 2086 Caulaucaucb
1556 2046 1642 2086 atti-

127 2117 215 2160 net,
260 2110 343 2164 quis
369 2125 501 2150 eorum
530 2110 591 2164 qui
617 2110 781 2150 nominis
807 2111 915 2150 huius
938 2118 1164 2165 potestatem
1188 2113 1342 2152 noverit
1363 2113 1480 2154 risum
1506 2120 1641 2154 tenere

127 2177 270 2232 possit,
305 2192 388 2217 cnm
416 2178 511 2217 istos
535 2178 661 2218 videat
684 2177 868 2217 vocabula
890 2179 1071 2232 quaedam
1101 2178 1292 2219 Hebraice
1315 2179 1413 2220 bene
1439 2187 1638 2235 concepta,

127 2259 198 2284 nec
231 2244 355 2284 minus
389 2245 586 2284 commode
617 2242 768 2284 Graece
799 2245 968 2296 reddita,
1012 2246 1058 2285 ab
1088 2246 1209 2299 iisque
1241 2245 1303 2299 qui
1331 2245 1481 2286 Graece
1511 2248 1643 2301 legunt

128 2311 238 2365 plane
259 2312 476 2361 intellecta,
510 2326 593 2351 cum
621 2311 768 2351 difficile
795 2312 885 2352 nihil
911 2313 1094 2363 habeant,
1129 2314 1221 2353 haec
1248 2313 1334 2353 illos
1361 2320 1486 2354 tamen
1514 2315 1643 2369 expri-

127 2379 273 2418 mendis
307 2379 386 2419 suis
416 2379 527 2419 idolis
553 2379 862 2430 accommodare,
905 2380 976 2420 hoc
1003 2388 1060 2420 est
1085 2381 1263 2420 inanibus
1290 2380 1420 2420 formis
1451 2395 1494 2421 ac
1518 2381 1644 2422 subsi-

127 2446 315 2486 stentibus
342 2446 536 2500 principiis
561 2452 619 2494 et,
661 2453 702 2485 ut
726 2445 778 2486 ita
805 2447 947 2497 dicam,
989 2447 1277 2488 simulacrorum
1303 2448 1516 2500 figmentis,
1555 2450 1642 2489 dum

127 2527 226 2553 vana
247 2513 312 2554 illa
329 2514 523 2553 nominum
544 2513 748 2552 ambitione
769 2513 962 2554 rudiorum
980 2515 1170 2554 mentibus
1191 2529 1363 2555 errorem
1382 2529 1492 2556 suum
1512 2529 1643 2571 asper-

126 2587 240 2633 gunt,
283 2595 356 2634 quo
387 2588 534 2634 turpem
566 2579 667 2619 illam
703 2593 747 2620 ac
778 2581 986 2621 fabulosam
1025 2589 1144 2621 artem
1177 2582 1289 2622 latins
1322 2581 1533 2636 dissipent?
1572 2582 1643 2622 Et-

127 2650 226 2687 enim
247 2662 328 2689 vox
350 2647 413 2687 illa
439 2645 706 2688 Caulaucauch
734 2649 830 2702 apud
853 2647 1009 2689 Esaiam
1032 2648 1170 2703 scripta
1195 2649 1335 2702 legitur
1357 2649 1393 2688 in
1418 2650 1643 2690 duodecima

126 2714 275 2754 visione
289 2746 299 2766 ,
333 2729 416 2754 cum
439 2715 491 2754 ita
512 2715 699 2768 loquitur:
738 2716 1020 2755 Trz'bulalz'onem
1042 2731 1152 2767 super
1175 2717 1425 2764 tribulatione,
1458 2732 1555 2768 spem
1580 2733 1643 2757 su·
1661 2730 1786 2766 Esaiae,
1800 2731 1840 2757 10.

172 2835 202 2868 3.
226 2841 294 2875 τοῖς
317 2839 383 2870 cod.
406 2839 501 2869 Valle.
521 2841 547 2868 et
566 2839 634 2868 edit.
651 2839 748 2876 princ.
789 2835 861 2870 τού·
910 2840 955 2879 Cf.
977 2841 1068 2870 etiam
1089 2841 1207 2870 Nicetes
1231 2840 1391 2871 choniates
1414 2842 1496 2873 Thes.
1520 2844 1644 2875 Orthod.

132 2891 196 2919 τοις
219 2884 285 2914 cod.
307 2885 434 2922 Rhedz'y.
457 2886 484 2914 et
504 2884 550 2914 ed.
571 2885 669 2921 princ.
913 2885 980 2915 Fid.
1001 2886 1052 2922 11‘,
1075 2884 1126 2923 2.,
1150 2886 1202 2923 qui
1224 2885 1331 2915 eadem
1353 2887 1459 2917 tradit.

175 2924 206 2958 4.
227 2927 459 2968 προυνικεῦσαι
477 2924 599 2968 ταύτην
619 2928 685 2959 cod.
706 2928 800 2959 Vatic.
825 2947 867 2953 —-
956 2931 988 2961 ὁ.
1013 2930 1136 2969 Repono
1159 2924 1427 2967 οἱνυποστατικὰς.

1288 2985 1377 3026 11*
