2034 3267
471 195 642 226 PANARH
670 195 747 226 ΜΒ.
771 197 793 227 ι.
819 196 922 227 Tou.
944 196 981 226 11.
1009 196 1133 227 meu.
1156 194 1285 227 xxxi.
1555 187 1633 226 :337

121 274 219 314 lecta
250 273 347 327 stipe
378 273 537 314 molitio.
600 273 707 327 Quae
735 275 882 324 onmia,
926 288 993 328 pro
1022 288 1067 314 eo
1093 275 1190 328 quod
1214 289 1288 315 non
1315 288 1446 314 omnes
1473 274 1518 314 ad
1547 288 1629 314 eam

124 340 382 394 cognitionem
405 341 531 381 idonei
557 342 701 392 forent,
744 357 817 382 non
844 349 973 396 aperte
998 341 1229 396 significata,
1264 343 1328 383 scd
1354 342 1514 383 obscure
1536 342 1629 381 dun-

122 415 225 449 taxat
251 423 295 449 ac
322 423 390 463 per
413 409 627 463 aenigmata
655 411 702 450 iis
727 410 787 463 qui
814 409 1026 462 intelligere
1051 417 1208 463 possent
1231 425 1251 450 a
1276 408 1477 451 Salvatore
1500 410 1623 451 adum·

121 476 228 517 brata
259 476 502 532 praedicant,
549 478 594 517 ad
626 491 710 518 eum
741 476 919 517 videlicet
945 477 1110 516 modum.
1171 476 1339 518 Primum
1366 478 1520 532 triginta
1545 478 1629 519 illos

120 544 280 585 Aeones
303 545 474 595 totidem,
509 552 548 585 ut
570 545 751 594 diximus,
785 558 969 583 annorum
993 544 1150 584 indicari
1174 559 1346 596 numero,
1382 545 1516 599 quibus
1539 545 1629 585 nihil

120 612 239 666 palam
265 620 412 666 gestum
439 627 457 652 a
482 611 684 653 Salvatore
708 612 859 661 dicunt,
902 611 939 651 iu
962 611 1165 651 vinitorum
1193 613 1369 666 parabola
1392 614 1629 654 demonstra·
1647 624 1810 652 Mantum

123 687 214 719 tum.
270 679 418 720 Deinde
440 679 599 720 Paulum
623 679 862 734 apertissime
884 679 1036 719 eosdem
1057 679 1141 719 illos
1163 681 1336 729 Aeones,
1363 694 1406 720 ac
1429 695 1628 735 persaepe,

120 747 354 798 nominasse,
383 755 494 802 atque
517 748 573 787 his
594 747 705 787 etiam
729 746 855 787 verbis
876 760 1007 786 eorum
1030 747 1199 786 ordinem
1220 761 1420 787 servasse:
1448 751 1491 787 In
1512 764 1631 788 omnes
1649 759 1757 796 Eph.3‚
1769 761 1809 789 21.

116 820 374 867 generationes
400 818 603 855 seculorum
631 816 758 853 seculi.
821 812 1030 854 Praeterea
1060 828 1143 854 cum
1176 814 1213 854 in
1241 815 1447 868 gratiarum
1480 816 1629 856 actione

120 898 189 923 nos
223 884 272 924 ita
301 884 482 932 dicimus,
527 886 571 922 In
601 885 725 921 secula
755 884 982 929 seculorum,
1030 882 1153 923 nullos
1181 882 1276 923 alios
1305 884 1463 923 Aeones
1486 882 1629 936 signifi-

120 965 229 1003 care,
272 951 498 1004 omninoque
523 949 671 1003 quoties
697 949 807 990 Aeon
835 950 1042 990 Aeonesve
1068 957 1436 1001 commemorantur,
1468 965 1558 991 suos
1583 951 1628 990 ad

119 1019 205 1060 illos
228 1019 365 1059 referri
387 1024 545 1057 censent
563 1024 758 1071 oportere.
811 1015 918 1057 lllam
939 1032 1034 1058 vero
1057 1015 1273 1058 Dodecadis
1296 1018 1473 1058 Aeonum
1496 1032 1630 1073 propa-

119 1087 310 1139 gationem
337 1085 571 1125 duodenario
592 1099 778 1125 annorum
801 1084 960 1125 indicari
986 1099 1168 1135 numere,
1203 1093 1293 1140 quot
1313 1100 1435 1126 annos
1457 1100 1540 1126 cum
1564 1100 1628 1126 na·

120 1161 181 1195 tus
209 1160 312 1194 esset
340 1153 513 1193 dominus
543 1167 626 1193 cum
654 1152 750 1206 legis
775 1153 994 1193 doctoribus
1020 1153 1246 1208 disputabat.
1309 1153 1457 1208 Quibus
1478 1161 1514 1194 et
1537 1168 1627 1208 apo·
1646 1161 1716 1188 Luc·
1736 1162 1761 1189 2·

121 1221 302 1262 stolorum
326 1221 511 1261 delectum
536 1220 733 1271 adiiciunt3
767 1221 950 1275 siquidem
972 1221 1024 1261 illi
1046 1222 1242 1262 duodecim
1267 1222 1493 1263 extiterunt.
1549 1220 1628 1262 Re·
1647 1205 1754 1234 Matth.
1770 1207 1800 1233 ¹⁰

118 1288 239 1342 liquos
260 1302 374 1343 porro
394 1288 553 1329 Aeones
574 1289 836 1342 duodeviginti
855 1289 892 1328 in
914 1303 960 1329 co
979 1290 1279 1344 repraesentari,
1313 1290 1408 1344 quod
1434 1289 1479 1329 ab
1500 1304 1629 1330 resur-

118 1355 288 1397 rectione
311 1370 380 1397 sua
407 1357 588 1407 totidem,
630 1364 670 1397 ut
692 1356 876 1407 afferunt,
911 1371 1063 1397 menses
1087 1372 1170 1397 cum
1199 1357 1392 1411 discipulis
1417 1372 1628 1398 commora—

117 1431 176 1464 tus
202 1431 275 1464 est.
329 1422 410 1464 lmo
436 1431 473 1464 ct
495 1424 685 1478 prioribus
709 1425 852 1465 duabus
876 1425 975 1465 illius
1000 1425 1163 1465 nominis
1185 1425 1322 1476 literis,
1352 1441 1364 1464 ι
1385 1432 1423 1465 et
1441 1442 1480 1477 η,
1510 1427 1631 1467 mani-

117 1493 214 1532 l'este
234 1491 444 1532 octodecim
462 1492 620 1532 Aeones
641 1493 819 1547 exprimi.
861 1492 963 1533 Nam
983 1492 1082 1533 illam
1101 1492 1278 1533 Aeonum
1296 1491 1490 1533 Decadem
1508 1495 1628 1549 primo

116 1559 281 1600 nominis
303 1560 493 1600 elemento
512 1560 728 1601 adumbrari
747 1567 901 1614 putant3
926 1561 1087 1614 ideoque
1108 1575 1128 1601 a
1148 1560 1341 1601 salvatore
1362 1561 1523 1602 dictum:
1548 1566 1628 1601 Iota
1641 1568 1826 1605 Matth.5‚1s.

117 1642 226 1667 mmm
240 1658 250 1675 ,
285 1635 351 1667 aut
372 1642 466 1667 unus
489 1643 584 1680 apem
611 1643 682 1667 non
702 1630 943 1680 praeteribit,
976 1631 1089 1668 donee
1114 1632 1232 1668 omnia
1247 1631 1365 1679 fiant.
1429 1627 1509 1670 Iam
1535 1644 1628 1671 vero
1648 1637 1754 1665 Matth.
1769 1639 1809 1666 26.

119 1695 331 1736 duodecimi
351 1695 499 1736 Aeonis
519 1696 768 1736 calamitatem
790 1696 1002 1751 proditione
1024 1694 1155 1747 Iudae,
1180 1698 1241 1750 qui
1261 1697 1517 1751 apostolorum
1538 1698 1629 1738 duo-

116 1763 283 1803 decimus
311 1762 401 1814 suit,
435 1764 632 1804 commode
655 1763 864 1815 declarari,
897 1764 1001 1805 velut
1022 1764 1134 1804 etiam
1157 1765 1194 1804 in
1216 1778 1261 1804 eo
1283 1766 1381 1819 quod
1405 1766 1627 1806 duodecimo

115 1844 246 1872 mense
277 1845 413 1886 passus
445 1839 517 1871 est.
579 1830 665 1872 Uno
698 1832 797 1871 enim
829 1832 1036 1882 duntaxat,
1080 1839 1278 1886 postquam
1307 1833 1523 1889 baptizatus
1551 1841 1623 1884 est,

116 1913 217 1939 anno
240 1898 356 1939 divini
385 1899 491 1940 verbi
516 1899 798 1954 praedicatione
823 1901 990 1940 functum
1017 1914 1103 1941 esse
1127 1907 1314 1941 statuunt.
1377 1899 1455 1942 Sed
1481 1902 1625 1957 perspi-

116 1980 186 2007 cue
208 1967 427 2021 cumprimis
448 1967 539 2007 illud
563 1967 599 2007 in
625 1981 669 2008 ea
694 1967 852 2008 muliere
875 1969 1171 2008 demonstratum
1199 1983 1293 2023 quae
1318 1970 1515 2024 sanguinis
1539 1984 1626 2023 pro-

115 2034 229 2075 fluvio
262 2034 475 2075 laborabat.
538 2032 645 2088 Quae
680 2049 764 2075 cum
791 2035 987 2076 duodecim
1017 2035 1092 2076 iam
1117 2051 1237 2077 annos
1264 2051 1309 2077 eo
1335 2037 1469 2078 morbo
1495 2037 1624 2077 confli-
1643 2044 1750 2073 Matth.
1770 2046 1793 2074 9.

117 2109 307 2152 ctaretur,
356 2102 561 2143 salvatoris
597 2103 786 2153 adventu,
835 2103 893 2144 ubi
933 2103 1115 2144 fimbriam
1155 2104 1238 2144 eius
1270 2105 1416 2159 attigit,
1464 2105 1623 2145 salutem

115 2170 372 2224 recuperavit.
435 2169 559 2224 Quam
591 2170 637 2210 ob
669 2185 841 2211 caussam
870 2172 1040 2212 salvator
1064 2172 1227 2222 dixerit,
1274 2175 1362 2223 Quis
1391 2188 1445 2211 me
1475 2176 1626 2225 tetegit?

117 2244 156 2278 ut
177 2238 381 2293 discipulos
401 2238 624 2293 mysterium
647 2238 735 2278 illud
759 2239 857 2292 quod
876 2239 913 2279 in
935 2239 1133 2280 Aeonibus
1155 2239 1370 2293 contigerat
1390 2248 1503 2294 atque
1525 2240 1624 2280 illam

116 2305 241 2346 affecti
264 2305 412 2346 Aeonis
439 2305 672 2346 curationem
700 2305 869 2346 doceret.
928 2305 1082 2348 Etenim
1111 2307 1247 2347 mulier
1275 2321 1370 2361 quae
1396 2308 1505 2348 annis
1533 2309 1624 2348 duo-

115 2373 237 2413 decim
261 2373 499 2428 aegrotavit,
541 2372 676 2414 Virtus
701 2373 763 2413 illa
790 2381 990 2429 propterea
1016 2382 1096 2426 est,
1143 2376 1239 2429 quod
1265 2381 1420 2415 extenta
1448 2382 1559 2429 atque
1585 2376 1623 2416 in

117 2441 303 2481 infinitum
325 2441 507 2497 dissipata
524 2440 736 2481 substantia
757 2442 870 2493 foret,
897 2442 967 2483 nisi
988 2450 1185 2497 gestamen
1204 2442 1304 2482 illius
1324 2443 1530 2496 attigisset,
1554 2443 1624 2483 hoc

116 2514 176 2549 est
195 2507 432 2560 Veritatem,
476 2523 571 2563 quae
596 2509 633 2548 in
659 2509 779 2563 prima
803 2509 972 2551 Tetrade
1002 2518 1243 2561 numeratur,
1286 2517 1323 2550 et
1347 2524 1415 2565 per
1439 2510 1622 2550 fimbriam

118 2632 353 2675 ρημαίνεσὲαι,
388 2637 480 2666 etiam
510 2634 597 2666 codd.
627 2635 695 2665 t'en.
728 2637 755 2665 et
778 2635 848 2674 Περ.
894 2636 970 2666 illud
990 2632 1274 2677 ὁποσημαίνεσξται
1294 2633 1425 2676 λέγουσι
1445 2636 1624 2667 abundaret.

118 2680 218 2710 Paris.
894 2681 987 2712 Aliter
1007 2682 1124 2720 placuit
1146 2682 1314 2719 Massueto,
1339 2682 1425 2711 cuius
1446 2681 1625 2712 adnotatum

164 2724 213 2755 12.
233 2725 279 2756 Ιια
295 2725 360 2756 cod.
381 2727 447 2756 Ven.
484 2726 579 2764 Vulyo
596 2727 677 2756 extat
692 2724 753 2765 τῆς
770 2720 847 2757 <iuo-
892 2735 922 2757 υ.
944 2735 1018 2766 pay.
1037 2724 1084 2758 16.
1108 2726 1176 2756 edit.
1196 2727 1321 2756 Irenaei.

120 2767 257 2806 στασίας
278 2767 334 2803 διὰ
352 2766 490 2803 Ἰούδαν.
532 2772 636 2801 Ρείιιυ.
653 2770 771 2800 volebat
794 2767 848 2802 διὰ
940 2771 989 2802 15.
1007 2770 1216 2812 φρονήματος
1229 2771 1293 2801 cod.
1309 2771 1378 2801 Ven.
1391 2787 1433 2793 —
1451 2772 1551 2802 Latin.
1563 2772 1624 2802 Ire-

119 2812 179 2854 τῆς
202 2809 405 2851 ἀποστασίας
428 2815 483 2848 τοῦ
510 2810 632 2848 Ἰούδα.
892 2817 962 2846 naci
975 2817 1122 2855 Interpres
1141 2816 1227 2846 vertit
1248 2815 1286 2845 Et
1306 2814 1366 2845 nisi
1387 2814 1546 2857 tetigisset
1564 2826 1624 2846 ve-

166 2857 214 2890 13.
238 2855 284 2896 ὤς
305 2861 370 2890 cod.
394 2861 464 2891 Ven.
893 2859 1090 2897 stimentnm,
1113 2859 1177 2891 hoc
1197 2864 1244 2890 est
1265 2858 1390 2890 illius
1414 2859 1530 2897 Filii,
1556 2861 1624 2890 Ve-

166 2900 213 2934 14.
235 2905 330 2944 Vulgo
346 2906 520 2936 distinctum
538 2907 580 2935 est
592 2902 769 2946 προδοσίας
783 2903 849 2938 δεί-
892 2904 997 2936 ritatis
1014 2905 1134 2947 primae
1152 2903 1303 2937 Tetradis
1318 2908 1381 2936 cett.
1423 2906 1468 2944 Cf.
1483 2907 1627 2937 Massueti

119 2948 255 2980 mucffiott
273 2948 413 2991 λέγουσι.
445 2948 515 2982 Καὶ
533 2953 610 2989 cett.5
628 2950 709 2989 quod
728 2952 849 2980 mutan·
894 2951 996 2982 adnot.

119 2992 192 3022 dum
210 2996 283 3032 erat,
303 3003 340 3025 ne
357 2997 411 3025 aut
428 2993 619 3028 Betxvuoixou
635 2992 775 3036 λέγουσι,
796 2997 850 3025 aut

186 3044 298 3082 Corpus
316 3045 491 3076 naereseol.
511 3046 548 3076 Π.
1309 3054 1358 3093 22
