2034 3267
207 2295 271 2324 pag.
291 2286 349 2314 316.

352 156 430 194 576
905 159 1064 191 SANCTI
1089 160 1307 191 EPJPHANH

461 237 536 290 μβ.
580 235 706 277 Πάλιν
731 234 909 287 ἀπέκοψε
937 234 1007 288 τήν
1030 234 1258 289 παραβολήν
1284 240 1411 277 πᾶσαν
1437 242 1513 278 τῶν
1542 237 1613 280 δύο
1641 241 1758 289 υἱῶν,
1797 243 1865 280 τοῦ

353 303 558 357 εἰληφότος
587 302 629 345 τό
661 304 776 358 μέρος
805 307 882 344 τῶν
911 300 1182 356 ὑπαρχόντων,
1213 304 1279 343 καὶ
1307 307 1376 343 τοῦ
1407 301 1532 345 ἄλλον.

463 371 533 427 μγ’.
575 369 617 411 Ὁ
641 370 760 424 νόμος
779 372 846 412 καὶ
869 372 909 412 οἱ
929 374 1127 425 προφῆται
1150 371 1222 418 ἕως
1244 368 1451 421 Ἰωάννου,
1482 373 1548 413 καὶ
1571 378 1647 422 πᾶς
1669 375 1722 422 εἰς
1745 371 1867 426 αὐτὴν

352 438 528 492 βιάζεται.

465 507 535 560 μδ’.
582 508 678 561 Περὶ
702 511 772 549 τοῦ
791 509 978 548 πλουσίου
999 507 1064 547 καὶ
1086 504 1272 560 Λαζάρου
1293 510 1362 547 τοῦ
1382 511 1556 560 πτωχοῦ,
1589 506 1647 549 ὅτι
1667 506 1867 562 ἀπηνέχθη

353 572 429 616 ὑπὸ
461 580 538 616 τῶν
568 573 734 630 ἀγγέλων
766 577 820 623 εἰς
851 573 917 616 τόν
948 572 1092 615 κόλπον
1121 578 1190 614 τοῦ
1216 570 1402 627 Ἀβραάμ.

464 642 529 696 με’.
575 647 663 684 Νῦν
694 643 735 684 δὲ
765 638 840 684 ῶδε
870 646 1145 697 παρακαλεῖται
1175 638 1198 681 ὅ
1228 639 1346 689 αὗτός
1375 640 1566 697 Λάζαρος.

465 709 537 764 μς’.
580 708 704 752 Εἶπεν
722 708 911 765 Ἁβραάμ,
930 708 1089 762 ’Ἔχουσι
1110 709 1288 750 Μωϋσέα
1312 710 1378 750 καὶ
1397 708 1489 758 τούς
1506 708 1724 765 προφήτας,
1754 709 1867 752 ἀκου-

355 780 531 820 σοίτωσαν
566 777 763 821 21αὐτοῦ·
795 779 879 819 ἐπεὶ
913 776 1003 819 οὐδὲ
1031 781 1100 818 τοῦ
1126 778 1369 832 ἐγειρομένου
1401 779 1442 818 ἐκ
1471 782 1617 833 νεκρῶν
1647 776 1868 820 ἀκούουσιν.

469 846 536 900 μζ.
580 847 790 902 Παρέκοψε
813 845 877 897 τὸ,
908 846 1068 900 Λέγετε,
1100 844 1158 886 ὅτι
1181 843 1324 900 ἀχρεῖοι
1345 848 1476 887 δοῦλοί
1497 847 1626 899 ε’σμεν·
1666 845 1688 887 ὃ
1713 844 1869 898 ω’φείλο-

355 932 421 968 μεν
451 918 630 968 ποιῆσαι,
660 913 936 967 πεποιήκαμεν.

467 982 540 1036 μη’.
572 981 666 1023 ’Ότε
693 981 935 1036 συνήντησαν
962 982 1002 1022 οἷ
1024 981 1116 1021 δέκα
1141 983 1283 1035 λεπροί.
1341 979 1534 1033 Ἀπέκοψε
1559 981 1600 1022 δὲ
1625 979 1767 1031 πολλοὶ,
1806 981 1872 1022 καὶ

357 1053 553 1104 ἐποίησεν,
597 1049 828 1091 Ἀπέστειλεν
860 1047 1002 1097 αὐτοὺς
1033 1049 1172 1102 λέγων,
1216 1051 1371 1097 Δείξατε
1402 1047 1562 1097 ἑαυτούς
1599 1055 1680 1097 τοῖς
1712 1050 1870 1103 ἷερεῦσι·

355 1121 420 1161 καὶ
443 1117 534 1160 ἅλλα
558 1116 641 1159 ἀντὶ
664 1116 784 1159 ἄλλων
809 1119 983 1170 ἐποίησε,
1022 1117 1140 1171 λέγων
1162 1114 1240 1166 ὅτι,
1275 1117 1419 1157 Πολλοὶ
1439 1118 1571 1172 λεπροὶ
1594 1112 1691 1170 ἦσαν
1717 1118 1757 1158 ἐν
1782 1114 1873 1169 ἦμέ-

357 1204 442 1241 ραις
463 1185 676 1227 Ἐλισσαίου
704 1190 773 1227 τοῦ
798 1184 1028 1240 προφήτου,
1071 1185 1136 1225 καὶ
1159 1182 1231 1225 οὐκ
1253 1185 1502 1240 ἐκαθαρίσθη
1533 1186 1567 1225 εἰ
1589 1183 1641 1238 μή
1666 1181 1822 1238 Νεεμᾶν
1852 1181 1873 1225 ὁ

358 1254 499 1311 Σύρος.

470 1321 549 1375 μθ’.
593 1320 832 1363 Ἐλεύσονται
857 1318 1015 1374 ἡμέραι,
1047 1319 1142 1361 ὅταν
1166 1319 1432 1373 ἐπιθυμήσητε
1455 1322 1550 1362 ἰδεῖν
1572 1324 1663 1374 μίαν
1686 1325 1763 1362 τῶν
1784 1317 1874 1373 ἦμε-

359 1394 438 1445 ρῶν
467 1393 538 1432 τοῦ
566 1391 654 1431 υἱοῦ
683 1394 753 1431 τοῦ
782 1387 1012 1443 ἀνθρώπου.

468 1457 510 1499 ν’.
552 1455 656 1499 Εἷπέ
685 1475 741 1506 τις
767 1455 866 1512 πρὸς
896 1454 1033 1506 αὐτὸν,
1076 1454 1295 1497 Διδάσκαλε
1323 1454 1464 1510 ἀγαθὲ,
1513 1459 1556 1497 Τί
1581 1455 1746 1509 ποιήσας
1774 1455 1875 1508 ζωήν

358 1524 519 1567 αἰώνιον
554 1524 850 1581 κληρονομήσω,
910 1523 985 1577 Μή
1023 1540 1068 1576 με
1104 1524 1225 1578 λέγετε
1261 1522 1435 1578 ἀγαθόν·
1481 1521 1535 1572 εἷς
1573 1525 1674 1566 ἐστιν
1709 1522 1871 1579 ἀγαθός.

361 1595 648 1649 22Προςέθηκε
675 1593 717 1635 τὸ
743 1592 824 1644 ὅτι,
863 1590 906 1632 Ὁ
932 1590 1068 1646 πατήρ.
1130 1592 1209 1632 Καὶ
1231 1589 1316 1633 ἀντὶ
1339 1595 1428 1642 τοῦ,
1474 1590 1551 1640 Τοὶς
1572 1590 1727 1641 ἐντολάς
1750 1589 1873 1642 οἶδας,

358 1663 472 1717 λέγει,
510 1661 587 1710 Τὰς
616 1660 768 1710 ἐντολάς
798 1658 896 1702 οἶδα.

471 1729 538 1771 να’.
580 1727 749 1784 Ἐγένετο
773 1729 814 1770 δὲ
837 1730 877 1770 ἐν
899 1732 951 1784 τῷ
975 1728 1130 1781 ἐγγίζειν
1150 1732 1196 1784 τῇ
1217 1725 1385 1781 Ἵεριχώ,
1420 1726 1564 1779 τυφλός
1584 1726 1698 1780 ἐβόα,
1727 1725 1875 1780 Ἰησοῦ,

361 1798 421 1839 υἷὲ
441 1799 590 1851 Δαβὶδ,
630 1795 784 1850 ἐλέησόν
807 1813 860 1848 με,
923 1795 1001 1835 Καὶ
1025 1793 1087 1835 ὅτε
1111 1799 1158 1824 23
1173 1794 1292 1848 ἰάθη,
1331 1796 1469 1848 φησὶν,
1509 1793 1558 1835 ‘H
1575 1798 1700 1843 πίστις
1721 1809 1793 1837 σου
1817 1795 1873 1836 σέ-

362 1867 461 1908 σωκέ
491 1880 540 1906 σε.

471 1932 540 1986 νβ’.
586 1933 798 1987 Παρέκοψε
819 1930 881 1981 τὸ,
916 1930 1162 1985 Παραλαβών
1182 1929 1273 1979 τούς
1294 1929 1443 1972 δώδεκα
1464 1932 1603 1985 ἔλεγεν,
1633 1928 1756 1982 Ἰδού,
1786 1929 1876 1971 ἀνα-

361 2004 544 2055 βαίνομεν
574 2002 627 2049 εἰς
648 1998 918 2055 Ἰεροσόλυμα,
959 2000 1024 2039 καὶ
1045 1997 1312 2051 τελεσθήσεται
1339 1997 1466 2040 πάντα
1495 1998 1541 2040 τοὶ
1562 1999 1805 2054 γεγραμμένα
1837 1999 1877 2039 ἐν

361 2076 442 2118 τοῖς
464 2070 684 2125 προφήταις
709 2068 796 2122 περὶ
825 2071 893 2108 τοῦ
922 2068 1010 2108 υἱοῦ
1036 2071 1104 2108 τοῦ
1129 2065 1365 2122 ἀνθρώπου·
1407 2066 1741 2122 παραδοθήσεται,
1782 2064 1874 2107 ἀπο-

362 2136 641 2190 κτανθήσεται,
671 2137 737 2177 καὶ
756 2139 801 2191 τῇ
822 2137 927 2191 τρίτῃ
948 2132 1072 2190 ήμέρςι
1093 2132 1354 2188 ἀναστήσεται.
1402 2134 1501 2175 ΓΌλα
1520 2139 1638 2176 ταῦτα
1663 2134 1875 2189 παρέκοψε.

473 2205 540 2261 νγ’.
585 2205 796 2258 Παρέκοψε
817 2202 858 2243 vd
879 2201 1088 2253 κεφάλαιον
1108 2207 1175 2255 τῆς
1197 2201 1290 2244 ὄνου
1311 2203 1376 2243 καὶ
1399 2200 1610 2257 Βηθφαγὴ,
1641 2203 1706 2243 καὶ
1725 2200 1766 2242 τό
1789 2202 1877 2254 περὶ

367 2277 435 2326 τῆς
465 2273 612 2321 πόλεως
640 2273 706 2313 καὶ
734 2276 803 2312 τοῦ
831 2272 959 2324 ἱεροῦ,
1001 2269 1059 2311 ὅτι
1081 2272 1340 2325 γεγραμμένον
1364 2266 1432 2323 ἧν,
1472 2268 1519 2311 ‘O
1544 2268 1651 2318 οἶκός
1675 2287 1750 2322 μου
1772 2267 1877 2318 οἶκος

368 2345 599 2396 προςευχῆς,
629 2341 695 2381 καὶ
724 2344 866 2380 ποιεῖτε
897 2336 1015 2379 αὐτόν
1045 2337 1233 2390 σπήλαιον
1261 2343 1421 2396 λῃστῶν.

475 2407 543 2451 νδ’.
587 2409 665 2449 Καὶ
694 2406 878 2460 ἐζήτησαν
908 2406 1102 2457 ἐπιβαλεῖν
1132 2404 1189 2447 ἐπ’
1220 2404 1338 2448 αὐτὸν
1367 2404 1434 2454 τὰς
1458 2411 1602 2460 χεῖρας,
1643 2406 1707 2446 καὶ
1734 2403 1877 2458 ἐφοβή-

367 2483 506 2531 θησαν.

476 2543 538 2586 νε’.
585 2542 707 2584 Πάλιν
725 2540 899 2594 ἀπέκοψε
923 2545 967 2570 24
980 2538 1048 2593 τήν
1069 2546 1138 2582 τοῦ
1156 2540 1380 2594 ἀμπελῶνος
1399 2545 1467 2582 τοῦ
1487 2541 1740 2593 ἐκδεδομένου
1764 2556 1877 2594 γεωρ-

368 2618 467 2668 γοῖς·
511 2612 577 2653 καὶ
606 2610 668 2661 το,
716 2613 759 2651 Τί
789 2604 861 2651 οὖν
887 2609 962 2650 ἐστι
985 2607 1049 2657 τὸ,
1091 2612 1242 2659 Λίθον,
1284 2609 1330 2650 ὃν
1354 2607 1641 2661 ἀπεδοκίμασαν
1665 2609 1704 2649 οἷ
1728 2609 1877 2650 οἰκοδο-

371 2685 548 2734 μοῦντες,

479 2746 546 2797 ις’.
589 2745 783 2797 Ἀπέκοψε
801 2743 859 2795 τὸ,
877 2743 973 2784 ’Ὀτι
995 2743 1035 2784 δὲ
1059 2744 1262 2798 ἐγείρονται
1285 2746 1324 2786 οἵ
1340 2745 1481 2799 νεκροὶ,
1513 2745 1692 2796 ΒΙωϋσῆς
1712 2741 1876 2796 ἐμήνυσε

414 2872 465 2905 21.
491 2870 589 2906 αὐτοῦ
604 2875 726 2912 reposui
739 2881 776 2904 ex
791 2872 857 2903 cod.
872 2872 978 2909 Vatia,
993 2879 1099 2909 quam-
1200 2870 1252 2902 22.
1290 2873 1413 2911 Corriqo
1448 2867 1684 2912 Προςεὲῑῆκατο
1721 2863 1792 2911 ὅτι,
1830 2871 1876 2901 vel

371 2927 465 2959 quum
487 2919 571 2958 infra
592 2920 739 2957 reperitur
765 2913 885 2950 αὐτῶν.
932 2916 1028 2955 Vul90
1051 2925 1102 2947 ex·
1148 2914 1335 2957 Προςέὶτετο
1357 2912 1418 2949 ὅτι.

372 2966 416 2995 tac
444 2958 572 3001 αὐτοὺς.
1191 2961 1243 2993 25.
1269 2957 1372 3002 ἰάσζπη
1396 2961 1467 2992 edit.
1481 2961 1578 3000 princ.
