2034 3267
423 155 602 189 PANARH
626 157 707 189 Lm.
729 158 752 190 1.
777 158 881 191 ΤοΜ.
902 158 957 191 111.
982 157 1110 191 HAER.
1131 159 1301 191 XXXIX.
1543 151 1623 191 533

109 236 400 277 conversionem
427 250 447 275 a
469 233 625 276 Christo
652 237 838 291 repudiari
863 237 997 278 infelix
1021 237 1311 288 animadvertit,
1346 253 1388 280 os
1410 240 1510 280 ittico
1533 255 1623 281 con-

109 311 163 343 tra
187 303 377 344 dominum
402 304 570 357 aperuit,
605 318 647 344 ac
670 305 971 345 maledicentiam
997 320 1145 345 omnem
1167 307 1350 347 evomuit.
1412 306 1514 361 Quin
1538 323 1620 349 eam

106 379 269 411 mentem
296 371 508 411 hominibus
533 372 684 421 iniecit,
721 380 759 412 ut
782 386 875 412 vero
900 380 1116 427 contempto
1139 374 1209 413 deo
1232 375 1343 414 alium
1367 376 1427 429 qui
1452 378 1623 430 nuspiam

106 446 209 479 esset
231 439 483 493 inquirerent.
547 439 631 480 Hoc
658 439 774 493 igitur
799 440 909 480 modo
938 438 1142 480 Setbianos
1173 442 1210 480 in
1241 443 1409 482 fraudem
1441 444 1623 499 impuisos

106 521 193 547 esse
213 507 463 560 undequaque
485 507 689 547 constabit.
736 506 930 561 Siquidem
953 506 1094 547 Sethus
1118 509 1204 548 olim
1226 518 1398 550 mortuus
1419 519 1491 561 est,
1517 520 1623 553 sunt-

105 589 176 629 que
199 575 281 614 eius
302 575 438 615 aetatis
461 576 547 614 anni
573 574 788 629 perscripti.
849 573 950 614 Nam
972 588 1055 614 cum
1076 589 1195 614 annos
1223 576 1386 617 vixisset
1407 576 1484 618 ΧΗ
1508 594 1622 634 supra

105 639 311 692 DCCCC,
356 656 407 682 ex
433 642 501 682 hae
528 642 605 683 vita
631 641 829 691 discessit,
872 642 933 682 uhi
957 656 1076 682 sexus
1101 643 1296 697 utriusque
1324 645 1464 685 liberos
1491 661 1621 688 susee-

103 711 178 765 pit,
212 717 248 750 ut
274 709 411 749 divinis
437 710 557 749 literis
582 709 768 764 proditum
792 717 865 749 est.
929 708 1127 750 Successit
1150 710 1245 764 patri
1268 711 1387 762 iilius,
1422 712 1529 755 Enos
1554 730 1621 755 no-

102 778 223 828 mine,
258 778 318 831 qui
344 792 464 817 annos
489 776 587 817 vixit
610 774 856 826 DCCCCV,
890 785 926 817 et
951 778 1056 832 prole
1081 792 1200 818 sexus
1226 779 1423 834 utriusque
1447 781 1622 823 similiter

101 853 233 886 auctus
255 846 408 885 vivendi
431 846 541 884 finem
567 844 678 894 secit3
712 851 753 884 ut
778 845 907 884 eadem
934 844 998 884 itta
1022 845 1224 886 verissima
1248 847 1391 902 scripta
1414 855 1616 890 testantur.

213 912 411 967 Quaenam
437 926 529 965 ergo
554 911 651 951 ratio
677 912 818 966 patitur
843 910 1000 953 Scthum
1026 913 1162 963 istum,
1207 914 1269 968 qui
1294 922 1331 955 et
1357 916 1421 955 itto
1447 923 1618 972 tempore

102 989 273 1022 mortuus
304 988 363 1021 est
394 987 431 1020 et
460 979 556 1019 titios
585 980 760 1033 reliquit,
805 981 866 1034 qui
895 995 1002 1020 suum
1033 995 1181 1035 quoque
1210 983 1311 1022 vitae
1342 991 1489 1038 tempus
1515 986 1619 1025 obie-

101 1056 210 1100 runt,
244 1047 438 1089 Christum
462 1060 549 1087 esse
576 1047 790 1098 dominum,
835 1049 895 1103 qui
921 1050 1270 1103 repraesentandae
1298 1050 1489 1092 bominum
1517 1053 1619 1094 vitae

102 1131 145 1157 ac
169 1116 300 1157 salutis
323 1116 513 1156 desiderio
537 1116 583 1155 de
606 1116 755 1170 virgine
778 1117 827 1156 sit
848 1115 975 1156 Maria
999 1124 1133 1167 natus,
1166 1132 1249 1157 cum
1271 1119 1369 1159 idem
1392 1129 1480 1160 ante
1507 1135 1618 1162 omne

102 1194 247 1239 tempus
269 1190 372 1224 esset
394 1198 413 1223 a
436 1190 543 1238 patre
567 1184 734 1237 genitus,
768 1185 862 1239 apud
885 1198 993 1238 quem
1019 1192 1200 1241 perpetuo
1226 1194 1367 1237 manet,
1402 1188 1494 1228 deus
1519 1189 1615 1244 ipse,

100 1251 348 1305 Verbumque
372 1251 612 1292 subsistens?
655 1250 730 1304 Qui
752 1253 957 1306 postremis
980 1254 1214 1307 temporibus
1235 1255 1339 1294 venit
1361 1255 1398 1295 in
1421 1257 1614 1308 mundum,

101 1328 138 1361 et
168 1333 217 1360 ex
249 1319 410 1373 virginis
442 1320 574 1359 matris
605 1328 715 1360 utero
742 1321 863 1360 efficta
891 1321 963 1360 sibi
992 1335 1106 1360 carne
1138 1329 1250 1375 atque
1278 1323 1508 1365 circumfusa
1540 1332 1616 1365 tum

98 1396 291 1443 assumpta
322 1387 435 1428 simul
464 1387 589 1427 anima
619 1387 788 1428 numeris
821 1389 994 1428 omnibus
1023 1390 1219 1430 absolutus
1251 1391 1362 1431 homo
1393 1394 1514 1432 sactus
1541 1400 1614 1445 est,

97 1463 232 1512 postea
264 1469 358 1497 vcro
395 1469 505 1509 qnam
541 1455 642 1495 vitae
678 1456 786 1495 nobis
822 1456 1006 1510 mysteria
1044 1458 1325 1511 praedicasset,
1373 1459 1540 1500 iustitiae
1578 1461 1616 1501 in

99 1524 245 1578 agendo
267 1523 433 1563 cultores
458 1524 663 1578 discipulos
688 1523 906 1575 constituit,
943 1538 987 1564 ac
1010 1532 1085 1564 tum
1110 1540 1177 1580 per
1198 1540 1306 1577 sese,
1342 1535 1417 1567 tmn
1443 1529 1615 1582 peritios

99 1592 301 1632 humanum
329 1605 450 1644 genus
479 1591 699 1646 disciplinae
726 1606 818 1631 suae
846 1593 1083 1633 documentis
1109 1595 1260 1634 erudiit.
1322 1595 1461 1650 Neque
1488 1604 1613 1637 tamen

99 1667 163 1700 aut
185 1658 456 1700 sethianorum
481 1659 544 1699 illa
567 1661 743 1714 dogmata
767 1660 938 1711 tradidit,
973 1668 1036 1700 aut
1062 1662 1131 1701 sibi
1154 1663 1224 1717 ipsi
1251 1661 1360 1704 Setbi
1383 1679 1519 1704 nomen
1544 1665 1614 1705 im-

98 1728 246 1783 posuit3
278 1727 313 1767 id
337 1728 434 1781 quod
460 1728 605 1767 strenui
634 1728 684 1767 ilii
711 1735 942 1782 nugatores,
976 1743 1019 1769 ac
1044 1730 1149 1770 velut
1171 1731 1288 1781 ebrii,
1322 1732 1614 1774 mendacissime

98 1795 333 1850 praedicant.

210 1862 354 1904 Verum
383 1878 466 1903 cum
492 1863 602 1903 hodie
627 1878 811 1904 summam
838 1865 882 1904 ad
908 1865 1136 1920 paucitatem
1164 1866 1335 1907 haeresis
1360 1868 1434 1908 ista
1459 1869 1615 1910 redacta

96 1933 166 1982 sit,
201 1946 277 1971 non
303 1945 463 1972 necesse
487 1931 599 1971 habui
625 1932 792 1972 uberiori
815 1933 917 1973 illam‘
943 1937 1117 1974 oratione
1144 1935 1344 1988 refellere3
1379 1936 1613 1991 proindeque

98 2013 193 2055 quae
217 2001 401 2040 haetenus
421 2006 510 2039 sunt
528 2000 626 2039 dicta
647 2000 846 2040 sufficiant.
898 1999 1133 2042 Praesertim
1156 2004 1254 2057 quod
1275 2004 1425 2044 illorum
1448 2006 1614 2046 amentia

98 2067 310 2123 expugnari
336 2067 444 2107 facile
469 2074 616 2121 potest,
651 2082 768 2122 seque
791 2069 885 2109 adeo
907 2069 1026 2124 ipsam
1051 2071 1245 2112 convincit
1268 2072 1313 2112 ac
1340 2073 1503 2126 detegit3
1537 2088 1612 2114 non

97 2137 217 2177 solum
250 2136 348 2189 quod
379 2135 423 2175 ad
453 2136 635 2175 educendi
660 2133 805 2177 Christi
836 2138 1023 2178 rationem
1050 2138 1186 2179 attinet
1210 2140 1544 2195 plenissimamque
1570 2142 1613 2182 il-

96 2205 168 2245 iam
192 2203 404 2244 calumniae
427 2203 654 2255 doctrinam,
689 2218 759 2258 qua
781 2202 938 2245 Sethum
961 2207 1122 2246 eundem
1144 2221 1230 2247 esse
1252 2222 1336 2248 cum
1360 2206 1515 2249 Christo
1535 2217 1612 2250 sta·

96 2279 206 2312 tuunt
236 2286 279 2312 ae
305 2272 609 2326 pertinacissime
637 2279 811 2323 tuentur,
853 2287 984 2314 verum
1013 2275 1126 2315 etiam
1159 2276 1255 2329 quod
1289 2277 1334 2315 de
1361 2277 1506 2318 duobus
1538 2278 1610 2319 ittis

97 2339 312 2380 hominibus
336 2346 576 2380 asseverant.
636 2338 737 2380 Nam
760 2341 790 2381 si
815 2349 962 2382 mentes
982 2343 1085 2394 ittae,
1119 2358 1213 2397 quas
1235 2341 1431 2394 Δυνάμεις
1454 2353 1607 2398 vocant,

96 2407 333 2463 superiorem
369 2408 530 2462 atiquam
567 2407 752 2462 originem
787 2418 1021 2463 agnoscunt,
1069 2413 1239 2466 profecto
1274 2427 1369 2465 quae
1411 2427 1431 2452 a
1466 2415 1608 2456 duabus

97 2483 185 2517 sunt
209 2483 340 2530 gesta,
375 2491 449 2516 non
473 2476 556 2516 sine
579 2477 690 2516 unius
715 2478 882 2530 auxilio,
917 2494 1027 2533 quam
1051 2481 1216 2520 omnium
1239 2479 1405 2521 Matrem
1431 2496 1517 2523 esse
1546 2484 1610 2523 de-

97 2544 245 2594 finiunt,
272 2544 351 2584 fieri
373 2544 575 2598 perficique
597 2551 814 2598 potuerunt.
872 2546 932 2587 Ab
955 2562 1029 2587 una
1052 2549 1187 2603 quippe
1209 2562 1342 2588 caussa
1365 2549 1498 2590 ambae
1523 2551 1608 2592 iliae

97 2619 244 2652 mentes
268 2613 461 2667 profectae
486 2619 596 2661 sunt,
640 2613 724 2652 sine
751 2627 823 2667 qua
848 2615 937 2655 nihil
962 2616 1117 2656 omnino
1143 2630 1192 2656 ex
1218 2616 1264 2655 iis
1290 2631 1385 2670 quae
1409 2626 1498 2659 sunt
1523 2634 1608 2674 pro-

97 2679 181 2719 duci
204 2680 339 2734 potnit.
403 2678 456 2720 ita
481 2680 629 2720 tandem
657 2694 702 2720 eo
726 2683 945 2723 necessario
968 2692 1183 2735 recurrent,
1217 2699 1330 2724 unum
1356 2692 1394 2725 ut
1418 2687 1608 2728 dominum

97 2760 224 2787 rerum
246 2748 412 2788 omnium
436 2755 472 2787 et
490 2755 683 2788 auctorem
702 2763 745 2788 ac
766 2751 998 2791 conditorem
1020 2753 1286 2792 universorum
1305 2754 1518 2804 admittant,
1545 2756 1606 2796 ubi

98 2815 214 2855 semei
248 2816 470 2871 principium
505 2816 653 2856 {micum
687 2830 773 2858 esse
803 2820 1084 2874 comprobatum
1125 2820 1252 2860 fuerit.
1320 2820 1391 2861 His
1422 2823 1605 2864 adversus

98 2882 193 2923 hanc
218 2883 395 2925 haeresin
422 2884 645 2939 disputatis,
685 2898 728 2924 ac
755 2888 936 2939 pestifero
960 2888 1111 2929 illorum
1134 2889 1238 2929 vetut
1262 2889 1429 2943 aspidum
1455 2905 1603 2934 veneno

1645 924 1721 969 Cap.
1743 928 1786 959 X.
