2034 3267
454 157 631 188 PANAnu
656 157 736 189 Lm.
759 159 779 189 r.
804 158 910 190 ToM.
930 159 968 190 11.
993 158 1121 190 HAER.
1143 159 1292 190 xxxii.
1551 151 1630 191 397

112 244 219 276 tatem
244 250 350 282 voco,
397 236 597 276 manifeste
623 238 762 277 fatetur
789 251 875 277 esse
903 237 997 277 haec
1023 252 1120 291 quae
1146 238 1337 293 proposita
1363 246 1452 279 sunt
1476 239 1630 279 omnino

111 304 294 354 conficta,
336 318 454 357 seque
482 304 631 344 fabulae
656 304 742 344 huic
766 305 993 360 imposuisse
1018 306 1171 346 nomina
1198 320 1294 360 quae
1320 306 1364 347 ab
1391 307 1542 347 nemine
1567 307 1633 347 ha-

110 378 243 411 ctenus
273 379 454 427 usurpata
485 373 648 413 fuerant.
710 371 956 427 Proindeque
988 374 1127 413 nemini
1156 374 1307 414 dubium
1336 382 1393 414 est
1419 375 1507 428 quin
1536 375 1629 415 haec

108 439 170 479 ille
193 440 352 494 primum
378 439 578 489 indiderit,
613 455 656 480 ac
682 440 753 481 nisi
780 441 861 494 ipse
884 441 922 479 in
947 440 1023 480 vita
1050 441 1245 481 extitisset
1267 441 1494 495 aliquando,
1529 444 1631 483 veri-

108 515 166 547 tas
188 507 316 561 utique
338 507 492 562 proprio
513 509 666 549 nomine
689 509 856 548 caritura
881 507 1008 548 fuerit.
1061 507 1162 561 Quid
1182 508 1298 562 igitur
1319 510 1493 563 prohibet
1515 510 1628 551 alium

109 574 314 628 quemlibet
335 575 372 615 in
396 577 525 616 eadem
549 576 707 616 materia
731 582 835 615 certa
858 575 1044 615 voeabula
1066 576 1327 615 constituere?
1386 576 1517 630 Quare
1541 593 1630 619 sau—

108 649 190 683 ctus
216 643 418 698 episcopus
446 642 655 693 lreuaeus,
700 649 741 683 ut.
766 643 954 694 diximus,
999 643 1157 683 ridicula
1189 645 1371 697 quaedam
1404 646 1558 686 nomina
1586 662 1629 687 ac

106 723 174 764 per
194 711 317 751 iocum
339 726 360 751 a
381 712 507 766 seipso
530 710 739 765 composita
759 709 926 759 subiicit,
962 717 1138 764 tanquam
1161 711 1309 751 illorum
1333 713 1442 766 nugis
1467 728 1629 755 consen-

107 785 242 830 tanea,
288 779 499 819 cuiusmodi
525 785 614 819 sunt
635 791 823 832 peponum
848 792 892 817 ac
917 778 1199 818 cucurbitarum
1224 786 1287 819 aut
1313 780 1625 835 colocyntharum

105 859 271 900 genera,
308 862 466 901 quorum
492 845 768 901 appellationes
793 845 909 885 certis
932 845 1048 885 rebus
1072 846 1265 897 attribuit,
1307 847 1342 886 id
1367 849 1465 901 quod
1490 851 1626 890 eruditi

106 913 279 954 homines
312 915 422 955 facile
454 928 506 954 ex
536 914 582 953 iis
614 927 711 967 quac
743 920 857 953 antea
888 913 1051 967 legerint
1082 914 1403 955 animadvertent.

213 979 394 1022 Ceterum
416 981 586 1022 nonnulli
605 995 655 1021 ex
673 981 747 1021 illis
768 981 924 1035 primam
946 988 1058 1035 atque
1078 982 1380 1036 antiquissimam
1402 981 1624 1038 Ogdoadem

106 1049 210 1090 hisce
235 1050 449 1090 nominibus
474 1048 700 1102 insigniunt..
761 1047 928 1089 Primam
954 1049 1054 1089 euim
1078 1063 1164 1090 esse
1189 1057 1362 1091 statuunt
1384 1049 1623 1103 Proarchen,

105 1118 175 1158 hoc
205 1125 264 1158 est
294 1117 452 1172 primum
485 1117 652 1156 omnium
677 1115 934 1171 Principium,
979 1125 1055 1157 tum
1081 1118 1377 1169 Anenuoe'tum,
1419 1119 1502 1160 sive
1527 1122 1625 1175 quod

105 1185 356 1239 intelligentia
378 1185 457 1238 capi
479 1199 553 1224 uon
576 1191 715 1238 potest,
739 1185 891 1225 tertium
913 1183 1205 1240 Inexplicabile,
1230 1194 1403 1240 quartum
1418 1187 1624 1239 Acratum,

103 1253 139 1293 id
165 1260 223 1293 est
242 1259 436 1307 aspectum
460 1252 625 1306 fugiens.
688 1251 765 1292 Iam
789 1267 809 1293 a
832 1251 1026 1293 Proarche
1048 1254 1170 1308 primo
1193 1268 1235 1294 ac
1257 1255 1388 1308 quinto
1410 1256 1493 1296 loco
1514 1255 1626 1297 Priu-

103 1320 239 1375 cipium
265 1327 460 1361 exortum.
522 1320 557 1360 A
581 1319 776 1375 Principio
798 1335 915 1371 vero,
950 1322 1047 1376 quod
1071 1321 1343 1363 Anenno‘etum
1368 1331 1530 1375 vocant,
1565 1339 1626 1366 se-

103 1388 225 1428 cundo
245 1395 435 1442 sextoque
457 1389 541 1429 loco
562 1389 783 1443 productum
806 1389 1091 1444 Aeataleptum,
1126 1390 1197 1430 hoc
1218 1398 1275 1431 est
1296 1391 1625 1446 incomprehensi—

101 1456 191 1496 bile.
253 1456 315 1496 Ab
340 1456 601 1511 inexplicabili
630 1456 764 1497 deinde
793 1457 906 1497 tertio
931 1457 1014 1497 loco
1043 1472 1088 1498 ac
1111 1459 1272 1513 septimo
1296 1459 1621 1511 Anonomastum,

100 1524 182 1565 sive
205 1521 499 1564 Innominabile.
562 1523 724 1565 Demum
748 1525 794 1564 ab
819 1525 966 1566 Aorato
989 1525 1252 1580 Agennetum,
1284 1527 1366 1568 sive
1390 1525 1620 1582 lngenitum,

100 1592 286 1646 prodiisse
318 1592 462 1647 primae
492 1592 594 1633 illius
627 1591 823 1646 Ogdoadis
856 1593 1189 1648 complementum.
1252 1594 1333 1635 Has
1365 1596 1417 1635 illi
1448 1594 1622 1637 Virtutes

100 1667 188 1701 ante
212 1658 368 1716 Bython
393 1674 437 1700 ac
461 1658 581 1714 Sigen
606 1661 785 1700 extitisse
810 1669 990 1712 censent,
1025 1670 1064 1702 ut
1090 1662 1268 1716 perfectis
1294 1663 1544 1718 perfectiores
1567 1672 1622 1704 at-

99 1741 171 1782 que
210 1727 512 1782 intelligentibus
546 1728 865 1781 intelligentiores
905 1743 991 1770 esse
1026 1729 1242 1771 videantur.
1305 1728 1339 1771 Ο
1376 1732 1620 1786 nugat-,issimi

99 1795 376 1850 vanissimique
397 1796 612 1850 sophistae!
670 1795 737 1836 Sic
762 1797 861 1837 enim
885 1811 951 1837 eos
974 1798 1058 1839 iure
1079 1798 1264 1853 quispiam
1287 1799 1464 1853 appellet.
1519 1798 1619 1840 Nam

99 1871 137 1904 et
157 1864 202 1904 de
224 1861 351 1919 Bytho
373 1864 500 1918 plures
520 1871 608 1904 sunt
630 1865 726 1919 apud
748 1865 831 1905 illos
851 1865 1007 1920 alioqui,
1041 1880 1084 1907 ac
1104 1866 1365 1921 discrepantes
1387 1868 1619 1908 sententiae.

100 1929 262 1984 Quidam
289 1931 388 1971 enim
413 1930 582 1985 iniugcm
606 1932 708 1972 illum
735 1946 821 1973 esse
847 1933 1052 1984 definiunt,
1087 1948 1157 1974 nec
1179 1949 1324 1975 marem
1348 1935 1516 1987 scilicet,
1551 1951 1620 1976 nec

98 1999 295 2050 feminam,
322 2013 445 2053 neque
466 1999 620 2039 omnino
641 2000 799 2041 alterius
819 2002 974 2055 generis
994 2002 1093 2042 aliud
1115 2003 1329 2057 quicquam.
1380 2003 1460 2044 Alii
1477 2011 1620 2044 utrum-

98 2081 170 2120 que
194 2067 229 2107 ei
254 2081 389 2108 sexum
417 2067 648 2119 attribuunt,
683 2075 720 2108 et
743 2068 1023 2125 Androgynum
1049 2070 1206 2111 faciunt.
1270 2069 1390 2125 Sigen
1416 2086 1532 2126 porro
1557 2072 1619 2112 alii

97 2134 298 2188 coniugem
325 2135 426 2175 illius
457 2149 545 2176 esse
573 2135 724 2186 dicunt,
771 2144 811 2177 ut
838 2137 908 2177 hoc
934 2152 1002 2192 par
1027 2138 1077 2178 sit
1101 2139 1267 2179 omnium
1294 2140 1616 2194 antiquissimum,

97 2216 146 2242 ex
168 2217 242 2256 quo
265 2210 395 2244 cetera
420 2203 465 2243 ad
489 2217 573 2243 eum
598 2204 747 2244 modum
769 2205 872 2246 velut
893 2205 1084 2246 scenicam
1109 2206 1271 2247 fabulam
1295 2214 1516 2261 pertexuut.
1562 2206 1617 2247 Ita

96 2284 241 2311 summa
266 2277 323 2311 est
344 2272 441 2325 apud
462 2271 565 2324 ipsos
587 2286 770 2326 nugarum
791 2286 835 2313 ac
858 2274 1092 2315 somniorum
1114 2274 1269 2315 licentia
1284 2307 1293 2325 ,
1328 2275 1462 2329 quibus
1485 2289 1616 2316 eorum

94 2351 202 2378 mens
234 2338 421 2380 altissimo
454 2339 613 2393 quodam
645 2347 807 2381 veterno
838 2355 882 2382 ac
912 2356 1051 2397 sopore
1083 2343 1289 2384 detinetur.

205 2403 446 2461 Quamquam
470 2407 556 2461 quid
589 2407 648 2447 hic
680 2421 751 2461 ego
776 2409 913 2450 diutius
938 2410 1142 2462 immoror,
1177 2426 1260 2452 cum
1283 2411 1405 2466 ipsum
1432 2425 1500 2466 per
1527 2426 1614 2452 sese

93 2473 242 2514 illorum
276 2482 540 2529 argumentum
573 2489 684 2515 omne
717 2476 828 2517 facile
859 2478 1063 2532 prodatur,
1108 2486 1365 2534 appareatque
1394 2479 1457 2519 vel
1487 2493 1538 2520 ex
1569 2480 1615 2519 iis

94 2554 190 2594 quae
224 2541 324 2582 dicta
360 2550 450 2582 sunt
482 2543 796 2596 quemadmodum
832 2546 954 2586 everti
984 2547 1236 2601 convincique
1272 2548 1421 2602 possit?
1488 2545 1548 2588 Sit
1584 2548 1614 2588 si

93 2609 205 2649 modo
229 2610 438 2664 quispiam,
473 2610 535 2664 qni
562 2610 764 2651 inhaerere
787 2612 886 2653 vitae
907 2615 1053 2669 cupiat,
1087 2629 1158 2655 nec
1180 2615 1414 2657 inanissimis
1436 2615 1549 2670 nugis
1572 2630 1615 2656 ac

94 2677 300 2717 mendaciis
327 2677 464 2732 decipi.
526 2676 604 2718 Sed
635 2679 681 2719 de
711 2679 757 2719 iis
789 2679 986 2723 hactenus.
1048 2682 1134 2723 Nos
1167 2683 1236 2723 hac
1264 2683 1417 2724 haeresi
1444 2690 1615 2738 praeter-

95 2743 209 2784 missa
234 2751 353 2786 tutum
380 2746 425 2786 ad
452 2753 602 2786 ceteras
626 2746 723 2797 iter,
757 2761 801 2788 ac
826 2749 976 2803 planum
1003 2751 1301 2806 prospiciemus,
1335 2759 1376 2792 ut
1399 2751 1437 2791 in
1463 2751 1613 2792 illorum

137 2864 167 2898 4.
195 2870 254 2900 Vet.
274 2871 400 2910 Inter-pr.
421 2872 508 2902 addit
528 2877 642 2914 quarto
663 2878 696 2902 et
714 2878 831 2904 octavo
878 2877 1034 2915 aynoscit,
1056 2877 1249 2907 desideratur
1270 2879 1301 2908 in
1325 2878 1392 2908 cod.
1417 2878 1511 2910 Vatic.

94 2910 177 2942 loco.
917 2919 949 2952 6.
972 2922 1018 2952 Ila
1037 2922 1102 2953 cod.
1120 2922 1213 2952 Vane.
1250 2923 1344 2962 Vulyo
1363 2920 1614 2965 δραματουργῆ-

137 2957 167 2988 5.
190 2959 304 2992 πολλαὶ
328 2959 402 3000 καὶ,
427 2962 508 3001 quod
530 2971 582 2994 nec
604 2963 662 2993 rec.
682 2963 830 3003 Interpres
876 2975 979 2998 σουσι.

1652 989 1728 1032 cap.
1746 992 1814 1024 vn.
