2034 3267
506 194 682 226 PANARu
706 195 829 228 LIB.1.
853 197 958 229 ToM.
979 198 1019 228 Π.
1046 198 1173 229 HAER.
1192 199 1307 229 xxx.
1590 194 1668 233 ‘293

153 273 272 314 adhue
298 273 363 313 illo
388 287 528 328 puer0,
562 271 748 328 Iosephus
775 289 818 315 ac
841 274 970 316 Maria
996 277 1180 317 adorandi
1204 278 1328 331 gratia
1355 278 1665 335 Hierosolymam

154 343 250 381 festo
280 340 339 380 die
365 341 652 395 perrexissent,
694 342 941 383 redeuntibus
970 343 1067 394 illis,
1109 345 1293 385 remansit
1319 344 1451 398 Iesus,
1494 361 1603 401 quem
1630 349 1667 388 in

151 409 289 449 itinere
315 415 351 448 et
374 409 469 463 apud
495 417 678 463 cognatos
700 409 752 449 illi
776 410 1040 462 quaeritabant
1064 425 1133 451 nec
1157 413 1327 466 reperire
1351 421 1539 467 poterant.
1583 414 1670 457 Ma-

153 476 211 516 ria
239 476 375 530 quippe
403 477 668 530 cognationem
698 476 874 516 babebat.
938 476 1058 530 lgitur
1083 493 1165 518 cum
1194 480 1237 519 ad
1269 481 1398 521 urbem
1424 483 1665 535 revertisset,

153 558 197 584 ac
220 545 371 584 tandem
392 544 495 584 illum
516 544 753 593 offendisset,
786 543 842 583 sic
861 557 947 583 eum
971 545 1196 598 alloquitur:
1229 551 1315 596 Fili,
1350 553 1585 603 qm'dseee'ste'
1602 568 1666 592 no-
1686 564 1847 599 Luc.2‚48.

152 613 236 650 bis?
292 615 389 650 Eece
409 627 476 663 ego
500 620 539 650 ec
551 620 660 663 patei·
681 619 764 649 tems
784 613 945 650 dolentes
963 615 1225 664 quaerebamus
1247 623 1292 653 te.
1356 615 1542 671 losephus
1566 620 1665 660 enim

149 679 234 719 loco
264 679 299 719 ei
330 679 448 733 patris
480 687 584 730 erat,
627 692 702 718 nou
730 679 913 718 naturalis
940 686 1060 732 pater.
1122 681 1184 720 Ad
1210 682 1303 722 haee
1330 684 1526 735 dominus,
1573 690 1668 737 (mid

150 755 223 794 est,
269 747 410 800 inquit,
452 750 548 799 quod
569 747 798 798 quaerebatis
827 751 910 784 me?
950 749 1166 787 nesciebatis
1188 753 1285 800 quod
1305 754 1342 790 ἰιι
1366 755 1411 790 z'e's
1435 767 1526 804 qaae
1542 759 1665 805 patris

151 819 329 854 meismet
347 822 491 866 oportet
508 829 562 852 me
580 817 686 852 esse?
744 811 831 865 Quo
857 827 1043 869 responso
1067 815 1303 869 significabat
1324 819 1500 873 templum
1526 820 1564 860 in
1587 823 1660 872 dei,

151 883 220 923 hoc
252 890 310 922 est
343 881 459 936 patris
491 881 572 930 sui,
617 894 755 920 nomen
783 881 901 921 fuisse
924 889 1200 924 constructum.
1265 883 1521 937 Quamobrem
1555 889 1587 928 si
1617 890 1662 929 ab

149 951 228 1005 ipsa
251 949 518 1005 propemodum
542 948 702 988 infantia
726 949 903 1003 templum
931 957 1153 1005 patremque
1177 961 1384 1006 cognorat,
1432 955 1560 1008 utique
1587 971 1661 997 non

148 1032 275 1058 merus
292 1018 402 1057 homo
420 1023 529 1055 natus
550 1016 611 1055 ille
631 1014 739 1056 Iesus
760 1018 902 1067 extitit,
926 1031 1049 1071 neque
1070 1027 1155 1072 post
1170 1034 1310 1060 annum
1330 1021 1479 1061 demum
1496 1021 1657 1074 XXX„

150 1101 231 1126 eum
265 1099 307 1125 se
335 1085 373 1124 in
404 1098 488 1124 eum
525 1083 722 1123 columbae
753 1084 882 1138 specie
906 1085 1061 1139 spiritus
1085 1094 1240 1127 sanctus
1262 1087 1519 1140 insinuasset,
1564 1092 1659 1132 filius

148 1168 191 1194 ae
213 1151 387 1194 Christus
411 1151 591 1206 appellari
615 1152 738 1206 coepit
753 1183 763 1202 ,
797 1153 862 1192 sed
886 1153 1045 1193 subinde
1066 1154 1103 1194 in
1126 1155 1182 1195 his
1204 1170 1299 1209 quae
1320 1157 1364 1196 ad
1388 1164 1531 1211 patrem
1551 1173 1659 1200 sumn

148 1221 351 1262 attinerent
370 1219 520 1260 versari
543 1233 585 1259 se
609 1227 786 1274 oportere
809 1220 950 1261 docuit.
1006 1220 1116 1275 Quod
1140 1237 1233 1263 vero
1254 1222 1439 1279 Iosephus
1461 1241 1536 1266 non
1557 1226 1658 1268 illius

147 1296 254 1344 pater
275 1294 400 1338 esset,
443 1288 510 1327 sed
533 1290 655 1327 vicem
680 1288 796 1342 patris
818 1296 993 1342 gereret,
1038 1291 1123 1330 audi
1145 1304 1196 1331 ex
1218 1292 1281 1331 illo
1306 1293 1439 1332 eodem
1462 1296 1656 1350 evangeli-

144 1364 216 1406 sta,
249 1356 309 1410 qui
335 1353 498 1395 Mariam
520 1356 572 1395 ita
596 1356 810 1409 loquentem
835 1357 944 1396 facit:
978 1361 1061 1410 Ego
1080 1367 1118 1398 et
1131 1368 1240 1411 paler
1262 1369 1345 1399 tuus
1365 1363 1526 1401 dolentes
1546 1379 1655 1415 quae-

143 1425 309 1463 rebamus
332 1431 378 1462 le.
441 1424 542 1464 Audi
567 1423 718 1477 inquam
743 1424 827 1478 quid
852 1425 926 1465 alio
951 1425 1035 1465 loco
1060 1427 1278 1482 scripserit:
1312 1431 1411 1467 Erat
1427 1439 1559 1479 (tutem,
1594 1433 1651 1472 in-
1670 1451 1739 1479 Luc.
1751 1452 1776 1488 3,
1792 1453 1833 1480 23,

144 1492 237 1546 quit,
268 1495 372 1531 Iesus
396 1495 572 1544 insapiens
590 1507 666 1531 esse
691 1495 993 1544 quctsz'ameorzcm
1012 1497 1136 1542 XXX,
1172 1500 1238 1547 qm'
1253 1505 1345 1544 erat,
1380 1505 1423 1535 ut
1430 1501 1648 1550 putabatur,

142 1562 419 1612 Ioseplzz‘szle'zts.
482 1558 556 1601 Ubi
579 1575 660 1601 cum
688 1574 753 1600 eas
776 1575 893 1602 voces
918 1561 1080 1613 addidit,
1119 1566 1166 1602 Ut
1178 1566 1403 1615 putabatur,
1436 1581 1511 1607 non
1534 1568 1651 1622 ipsius

143 1642 280 1670 revera
308 1630 425 1668 fuisse
452 1628 589 1680 filium,
622 1628 688 1668 sed
716 1629 768 1668 ita
797 1629 984 1669 duntaxat
1008 1629 1173 1671 habitum
1201 1633 1319 1673 fuisse
1345 1634 1592 1675 demonstrat.

261 1694 424 1738 Deficiet
457 1711 516 1737 me
554 1704 722 1751 tempus,
767 1697 799 1736 si
833 1697 878 1736 ad
912 1698 1228 1752 comprobandam
1261 1701 1461 1742 veritatem
1496 1717 1539 1743 ac
1573 1711 1646 1744 tam
1693 1718 1769 1761 Cap.

140 1764 301 1805 Ebionis
326 1779 437 1818 quam
456 1765 753 1805 absurdissimae
773 1765 872 1805 illius
897 1766 1049 1806 scholae
1071 1767 1317 1809 refellendam
1343 1771 1543 1811 amentiam
1568 1772 1649 1827 plu-
1671 1765 1786 1797 XXX·

139 1832 244 1873 ribus
276 1832 468 1886 disputare
500 1833 673 1873 voluero.
737 1830 833 1885 Quis
865 1832 962 1873 enim
996 1835 1106 1875 l'acile
1135 1851 1208 1876 non
1237 1837 1414 1892 intelligit
1445 1837 1647 1894 Iosephum

138 1900 292 1941 minime
322 1900 424 1940 illius
456 1909 673 1956 parentem,
719 1902 786 1940 sed
819 1901 986 1955 parentis
1020 1903 1104 1943 loco
1143 1904 1309 1945 habitum
1343 1906 1486 1947 fuisse?
1547 1911 1644 1947 Eece
1662 1922 1784 1959 mat-1,
1803 1923 1844 1951 14.

138 1972 250 2017 enim,
295 1968 438 2022 inquit,
482 1972 586 2020 virgo
617 1972 813 2020 concipiet,
860 1977 896 2008 et
920 1973 1048 2021 pariet
1065 1973 1206 2023 filium.
1267 1972 1358 2014 Non
1390 1975 1507 2025 dixit,
1550 1979 1646 2016 Eece

137 2039 281 2076 mulier.
343 2037 403 2076 Ac
427 2051 577 2077 rursum
600 2036 673 2077 alio
697 2037 805 2077 loeo:
837 2040 889 2076 Et
901 2041 1027 2089 pariet
1045 2043 1180 2088 vitula,
1214 2049 1251 2080 et
1271 2044 1404 2090 dicent,
1437 2046 1521 2083 Non
1535 2060 1645 2096 pepe-

135 2108 199 2144 rz‘t.
261 2103 362 2145 Nam
387 2119 470 2145 eum
496 2103 808 2145 Manichaeorum
835 2119 879 2145 ac
899 2104 1236 2149 Marcionistarum
1262 2110 1409 2164 quidam
1435 2119 1576 2165 negent
1600 2113 1645 2153 il-

135 2172 208 2213 lum
230 2179 340 2228 partu
361 2173 399 2212 in
424 2173 547 2213 lucem
573 2172 729 2223 editum,
763 2172 808 2212 ob
831 2172 883 2223 id,
914 2177 1051 2223 Parz'et,
1086 2176 1221 2230 inquit,
1254 2185 1291 2216 et
1310 2181 1442 2226 dicent,
1475 2182 1559 2219 Non
1578 2196 1642 2232 pe-

129 2244 250 2293 perit,
297 2241 472 2295 quoniam
506 2241 551 2280 de
583 2240 655 2280 viri
685 2240 830 2280 semine
859 2239 985 2282 Maria
1016 2258 1091 2284 non
1122 2245 1283 2299 peperit.
1343 2246 1398 2286 At
1422 2247 1553 2287 furiosi
1578 2248 1641 2289 isti

136 2309 181 2349 de
205 2309 276 2349 viri
298 2309 444 2349 semine
467 2309 561 2348 falso
581 2308 681 2348 illam
705 2308 897 2363 peperisse
919 2310 1104 2352 dictitant.
1167 2311 1287 2367 Igitur
1307 2314 1425 2354 vitula
1450 2315 1639 2357 hominem

135 2378 295 2417 eundem
329 2391 373 2417 ae
403 2378 513 2417 deum
546 2390 638 2416 vere
672 2376 735 2416 illa
768 2377 916 2430 quidem
947 2380 1105 2434 peperit.
1166 2379 1320 2421 Vitulae
1346 2397 1459 2436 porro
1487 2385 1639 2425 nomine

132 2444 322 2498 virginem
351 2445 562 2495 nominari,
610 2445 765 2498 eiusque
797 2445 976 2498 reliquias
1008 2448 1052 2487 ad
1084 2462 1150 2488 eos
1175 2450 1235 2503 qui
1258 2449 1393 2504 impuri
1418 2460 1548 2492 essent
1570 2467 1638 2493 ex-

133 2512 290 2567 piandos
314 2512 485 2553 adhiberi
509 2511 783 2564 consuevisse,
825 2514 1135 2566 quemadmodum
1160 2517 1224 2557 lex
1246 2517 1325 2572 ipsa
1347 2525 1533 2571 testetur,
1575 2535 1638 2561 ac-

133 2580 238 2634 cipe:
272 2583 402 2628 Sume,
436 2579 578 2635 inquit,
611 2583 759 2619 vitulam
785 2583 920 2634 rusam.
982 2581 1033 2624 Ut
1057 2584 1216 2625 electum
1247 2600 1315 2626 vas
1340 2585 1492 2628 Mariae
1519 2588 1635 2642 signi·
1654 2603 1830 2640 Num.19‚2.

132 2643 287 2698 ficaret,
320 2655 475 2703 propter
497 2649 647 2702 igneam
669 2648 707 2688 in
731 2649 922 2689 salvatore
945 2650 1021 2691 vim
1044 2652 1276 2704 divinitatis,
1310 2668 1418 2708 quam
1442 2655 1550 2709 virgo
1574 2670 1636 2697 ca-

132 2715 271 2770 piebat.
331 2719 430 2755 Deus
464 2720 579 2764 em‘m,
621 2716 763 2770 inquit,
811 2720 908 2768 ignes
937 2733 1148 2760 consumens
1178 2729 1244 2760 est.
1305 2722 1373 2762 Ait
1402 2723 1516 2776 igitur
1544 2724 1631 2766 lex:

136 2786 291 2823 Vz‘tulam
313 2786 434 2837 rufam
446 2815 456 2832 ‚
491 2788 595 2824 euius
617 2787 710 2823 eollo
731 2788 888 2824 nondum
912 2790 1114 2839 impositum
1135 2798 1190 2828 est
1211 2793 1355 2841 iugum,
1389 2797 1430 2831 ut
1451 2791 1489 2831 b.
1517 2793 1633 2847 virgi-

176 2905 208 2939 3.
230 2905 372 2962 δάμαλις
394 2907 427 2942 ἐν
447 2904 610 2961 ἅληὲείςς,
635 2906 710 2942 {teo-³
734 2903 861 2951 ἅνῖῐρω-
907 2909 940 2944 ἐν
969 2908 1120 2958 ἅληὶῒείᾳ.
1168 2916 1223 2946 Ed.
1242 2917 1339 2954 princ.
1369 2919 1395 2948 et
1421 2918 1485 2948 cod.
1508 2918 1630 2957 Rhediy.

134 2962 190 2984 πον
214 2950 246 2985 ἐν
269 2952 411 2997 αληὲείᾳ
435 2956 500 2985 cod.
523 2956 618 2986 Vatic.
632 2978 640 2993 ‚
673 2965 733 2986 non
756 2958 788 2986 ut
809 2957 864 2986 ha·
907 2959 999 2989 verba
1013 2957 1088 2993 ὅεὸν
1105 2955 1272 3001 ἄνθρωπον
1289 2959 1320 2994 ἐν
1340 2957 1481 3004 ἀληθεία
1500 2973 1560 2995 non
1577 2965 1632 2994 ha-

135 2998 180 3028 bet
199 2998 269 3029 edit.
288 3000 392 3031 Petav.
402 3022 413 3040 ,
442 2997 583 3041 δάμαλις
602 2997 678 3034 θεὸν
698 2995 864 3042 ἅνὲρωπον
910 3003 986 3034 bent.
1468 2997 1472 3007 ’
