2034 3267
429 175 606 208 PANARu
630 176 711 208 Lis.
729 177 753 210 1.
777 177 883 210 TOM.
905 177 961 209 111.
987 177 1240 209 HAER.XL11.
1522 170 1599 209 613

79 255 155 305 015,
198 254 264 295 sed
287 267 370 294 eam
394 255 515 308 magis
537 255 738 307 sublevas,
782 256 867 297 dum
892 256 1026 297 horum
1049 255 1274 297 inferiorum
1296 271 1425 297 curam
1450 270 1469 296 0
1493 263 1601 311 patre

79 336 148 362 suo
178 321 260 376 geri
293 322 537 363 confitentem
567 324 801 364 salvatorem
834 324 996 364 inducis.

192 386 325 429 Schol.
352 390 535 430 XXXV.
580 389 657 431 Pro
677 405 723 431 00
745 391 843 445 quod
866 398 946 441 051,
980 394 1173 438 Secunda,
1209 395 1268 430 vel
1284 396 1393 431 tertia
1414 395 1594 440 custodia,
1617 401 1688 429 Luc.
1705 401 1801 435 1238.

78 456 307 512 scripserat,
344 459 557 510 lespefilllm
588 462 769 497 custodia.

188 523 320 565 Refut.
349 525 471 566 XXX
484 527 531 566 V.
578 525 642 566 Ex
674 526 744 566 1100
776 526 860 565 1000
886 526 1089 566 manifeste
1121 525 1231 565 belua
1259 526 1332 566 ista
1359 527 1601 567 convincitur

77 592 203 633 divina
237 593 282 633 ad
313 593 512 648 opiniones
541 607 630 634 suas
658 593 813 633 oracula
840 593 1087 648 depravasse.
1148 592 1287 647 Neque
1313 594 1413 634 enim
1441 595 1600 636 diurnae

75 668 163 700 sunt
187 661 401 710 custodiae,
435 662 501 701 sed
524 669 750 712 noeturnae,
786 674 882 714 quae
904 675 923 700 a
953 674 1115 715 vespera
1140 660 1295 715 primam
1321 662 1365 701 ad
1389 662 1600 703 custodiam

75 736 351 782 prorogantur,
396 743 469 768 non
502 743 522 769 a
548 729 734 768 matutino
754 727 918 768 diluculo
946 728 990 768 ad
1017 742 1242 783 vesperam,
1287 731 1600 783 quemadmodum

76 797 148 836 iste
179 796 366 850 flagitiose
398 795 607 836 substituit.
1346 790 1349 793 ’

189 861 321 904 Schol.
345 862 546 904 XXXVI.
594 866 720 902 Veniet
745 865 911 902 dominus
936 866 1037 902 servi
1056 866 1178 911 illias,
1212 872 1248 903 el
1269 866 1410 904 secabit
1432 881 1531 914 eum,
1565 874 1603 905 et
1618 874 1690 902 lbid.
1711 877 1749 903 16.

70 939 215 984 partem
247 935 325 971 eius
348 939 465 983 ponet
490 945 570 969 cum
601 932 824 983 infidelibus.

187 998 320 1039 Refut.
346 997 546 1039 XXXVI.
596 996 672 1051 Qui
703 998 765 1038 isti
797 997 901 1038 servi
931 1006 1061 1039 sector
1091 1006 1151 1038 est
1176 999 1337 1052 agedum
1361 1000 1491 1040 dicito.
1556 1000 1600 1042 Si

77 1067 174 1108 enim
200 1067 262 1107 ille
283 1068 364 1120 ipse
385 1073 551 1116 creator,
586 1079 696 1120 quem
720 1074 757 1106 tu
781 1065 942 1106 iudicem
965 1080 1009 1106 00
1031 1067 1140 1106 deum
1165 1067 1318 1117 statuis,
1352 1068 1423 1108 hoc
1446 1069 1602 1109 omnino

75 1136 242 1175 facturus
267 1141 346 1185 est,
378 1134 423 1174 ad
447 1133 545 1174 1111110
569 1134 680 1188 plane
705 1134 836 1174 fideles
863 1133 1121 1188 pertinebunt.
1185 1134 1337 1175 Etenim
1362 1150 1516 1177 servum
1538 1136 1601 1177 ille

75 1203 171 1242 haud
196 1209 300 1242 recte
324 1215 411 1242 sese
435 1208 634 1255 gerentem
661 1202 864 1256 increpans
892 1193 1043 1256 partem*
1064 1202 1164 1242 illius
1189 1217 1273 1243 cum
1297 1203 1513 1244 infidelibus
1535 1219 1601 1258 po-

75 1271 143 1310 nit.
206 1268 316 1323 Quod
339 1269 370 1309 si
393 1276 501 1324 pater
522 1270 604 1324 ipse
629 1268 798 1320 Christi,
833 1270 893 1310 vel
915 1270 1028 1309 etiam
1054 1268 1234 1310 Christus
1256 1271 1416 1326 idipsum
1438 1273 1601 1327 praesti-

75 1346 181 1378 turus
203 1345 275 1388 est,
303 1337 544 1392 perspicuum
567 1337 681 1378 habes
704 1345 836 1377 contra
860 1345 894 1378 te
916 1338 1190 1378 testimonium.
1249 1337 1346 1379 Cum
1369 1340 1469 1380 enim
1487 1338 1601 1381 Chri-

73 1413 196 1456 stum,
242 1406 304 1446 vel
326 1406 444 1460 ipsius
471 1412 616 1460 patrem
645 1405 739 1445 eitra
768 1406 882 1446 ullam
908 1407 1214 1448 controversiam
1240 1407 1425 1447 facturum
1447 1408 1481 1447 id
1511 1422 1599 1448 esse

73 1474 242 1524 fateare,
290 1474 452 1514 eundem
483 1473 624 1528 pariter
650 1481 688 1513 et
714 1473 875 1514 iudicem
901 1481 938 1513 et
964 1473 1103 1514 bonum
1120 1507 1129 1524 ,
1174 1482 1209 1515 et
1238 1475 1388 1516 unicum
1415 1482 1490 1515 tam
1514 1474 1599 1515 infi-

72 1556 218 1583 morum
250 1556 362 1596 quam
394 1541 618 1582 coelestium
650 1541 932 1581 moderatorem
965 1543 1182 1582 constituis.

186 1607 317 1650 Schol.
341 1608 563 1650 XXXVII.
609 1611 666 1647 Ne
682 1611 782 1661 forle
805 1612 931 1648 trahat
956 1618 989 1648 te
1009 1613 1059 1649 ud
1079 1614 1247 1658 iudicem,
1281 1619 1317 1650 et
1339 1614 1451 1650 iudea:
1474 1614 1689 1652 traducum.
1710 1626 1750 1653 58.

75 1686 108 1717 te
139 1682 319 1717 exactori.

184 1745 316 1786 Refut.
341 1744 564 1786 XXXVII.
615 1743 779 1785 Iudicem
803 1745 861 1785 1110
885 1752 1099 1786 creatorem
1125 1747 1303 1801 appellat.
1359 1745 1597 1787 Exactorem

74 1828 187 1868 porro
212 1813 332 1868 ipsius
357 1813 580 1867 angelorum
605 1813 831 1866 quemlibet,
865 1815 927 1867 qui
953 1815 1136 1854 factorum
1161 1815 1347 1855 rationem
1375 1829 1396 1854 a
1420 1821 1598 1869 peccato-

71 1882 176 1923 ribus
203 1882 375 1935 exigent.
440 1879 550 1934 Quae
578 1888 703 1921 autem
727 1880 789 1921 illa
816 1882 936 1931 10010,
981 1882 1053 1921 nisi
1079 1882 1214 1923 delicta
1243 1890 1279 1922 et
1307 1889 1463 1938 peccata
1491 1890 1596 1933 sunt,

73 1964 171 2005 quae
194 1948 301 1989 lesus
326 1949 539 1989 detestatur
562 1956 613 1998 et,
644 1956 683 1988 ut
703 1949 833 1989 fateris
851 1942 948 2004 ipse,
978 1950 1178 2004 prohibet?
1233 1949 1337 2004 Ergo
1359 1965 1443 1990 cum
1465 1950 1598 1991 eadem

72 2018 138 2058 illa
170 2031 265 2072 quae
296 2017 418 2057 bouus
452 2018 544 2057 deus
572 2024 781 2057 execratur
806 2017 924 2057 iudex
952 2018 1166 2058 detestetur
1197 2025 1232 2057 et
1260 2018 1458 2070 conditor,
1501 2032 1598 2059 unus

72 2086 248 2139 idemque
280 2098 396 2139 opere
429 2085 510 2139 ipso
542 2098 586 2124 ac
617 2085 823 2125 voluntatis
854 2086 1111 2126 consensione
1143 2086 1376 2127 declaratur.

187 2151 319 2194 Schol.
350 2151 592 2192 XXXVIII.
642 2151 861 2193 Sustulerat
894 2166 946 2193 ex
978 2153 1043 2194 illo
1074 2155 1185 2205 loco,
1235 2157 1421 2193 Venerunt
1449 2156 1596 2206 quidam
1616 2167 1782 2204 eap.13,1.

74 2225 285 2261 nuntiantes
306 2224 379 2273 ipsi
401 2223 443 2259 de
468 2223 666 2268 Gale‘laez's,
709 2236 862 2273 quorum
886 2225 1103 2274 sanguinem
1128 2226 1326 2261 miscuerat
1348 2224 1492 2261 Pilatus
1517 2238 1598 2261 eum

73 2292 272 2342 sacrifieiis
300 2303 445 2336 eorum,
496 2302 616 2342 usque
647 2288 692 2329 ad
725 2303 770 2329 ea
800 2289 934 2343 quibus
961 2291 1006 2330 de
1032 2290 1244 2330 octodecim
1269 2290 1343 2331 illis
1369 2299 1427 2330 est
1450 2304 1596 2341 sermo,

75 2358 136 2413 qui
166 2358 204 2398 in
237 2356 381 2398 Siloam
414 2356 522 2395 ruina
554 2357 670 2397 turris
703 2358 875 2411 oppressi
902 2366 1003 2399 sunt.
1066 2357 1185 2408 Item,
1230 2361 1319 2397 Nise·
1336 2362 1598 2410 poem‘tenlz'am

74 2429 247 2478 egeritis,
291 2438 410 2478 usque
437 2425 481 2464 ad
505 2425 721 2479 parabolam
748 2425 862 2475 ficus,
906 2427 951 2466 de
976 2441 1049 2481 qua
1073 2427 1170 2466 dixit
1195 2426 1387 2479 agricola,
1429 2429 1594 2475 Fadium,

75 2503 112 2534 et
139 2497 278 2533 mittam
308 2501 496 2540 stercora,
532 2501 570 2531 et
595 2496 632 2532 si
657 2508 727 2532 non
754 2495 909 2546 feeerit,
945 2498 1085 2534 eoeec'de.

187 2560 321 2602 Resut.
351 2559 592 2601 XXXVIII.
639 2559 746 2601 Haec
770 2561 856 2602 ideo
883 2563 1053 2604 nefarius
1081 2563 1220 2617 praedo
1249 2562 1442 2603 subtraxit
1469 2577 1512 2603 ac
1536 2577 1599 2603 se-

77 2630 275 2684 metipsum
300 2629 464 2669 veritate
490 2628 701 2679 fraudavit,
735 2631 832 2684 quod
855 2630 1029 2672 dominus
1053 2629 1162 2671 Pilati
1187 2630 1415 2670 sententiam
1440 2645 1513 2685 qua
1532 2631 1600 2671 ho-

78 2698 199 2738 mines
233 2697 329 2738 istos
359 2697 442 2736 iure
472 2696 721 2737 damnaverat
744 2698 983 2753 approbarit,
1027 2712 1177 2753 quoque
1203 2698 1311 2738 alteri
1343 2697 1420 2749 illi,
1467 2699 1528 2752 qui
1559 2699 1598 2740 in

79 2764 222 2806 Siloam
250 2765 466 2820 perierant,
502 2764 637 2804 merito
663 2778 729 2805 eas
754 2779 896 2819 poenas
922 2767 1074 2807 dedisse
1098 2767 1321 2815 videantur,
1356 2773 1486 2821 utpote
1510 2781 1598 2821 pec-

79 2840 252 2885 catores,
295 2840 333 2872 et
362 2832 547 2872 eiusmodi
578 2845 599 2871 a
635 2832 705 2872 deo
741 2834 936 2888 suppliciis
969 2835 1111 2874 affecti.
1176 2831 1254 2874 Sed
1285 2841 1324 2874 ut
1355 2834 1597 2890 imperatoris

79 2937 234 2967 Petavius.
908 2936 960 2970 98.
986 2938 1090 2976 Supra
1114 2933 1296 2969 δεκαοκτώ.

123 2979 176 3012 97.
203 2979 383 3025 κατακρίνῃ
407 2982 472 3013 cod.
497 2982 589 3011 Vatic.
911 2981 963 3015 99.
989 2985 1093 3021 Supra
1117 2977 1254 3025 ποιήσῃ.
