2034 3267
497 217 674 249 PANARn
699 218 779 250 ΜΒ.
802 219 825 251 1.
849 219 955 251 ToM.
972 220 1013 252 ΙΙ,
1037 219 1308 253 HAER.XKV1.
1580 218 1657 256 195

137 299 424 342 damnationem,
458 299 544 347 qaia
566 300 726 348 primam
748 299 861 348 fidem
886 301 1032 337 irritam
1053 301 1253 351 fecerant.-
1285 301 1425 340 nubant
1447 305 1585 353 egitur,
1620 312 1658 344 et

129 365 236 414 filios
251 368 641 414 procreeat‚'7nalres
660 367 833 416 fitmilias
854 374 976 404 santo.
1041 364 1136 407 Cum
1164 380 1256 420 ergo
1282 382 1485 422 procreare
1510 370 1653 411 liberos

137 443 181 469 ac
209 430 375 470 familiae
400 444 582 484 praeesse
615 432 745 471 iubeat
765 433 986 485 apostolus,
1028 432 1091 472 isti
1119 447 1213 473 vero
1239 448 1260 473 a
1285 436 1528 490 susceptione
1559 438 1653 478 libe-

134 510 264 536 rorum
290 497 544 547 abhorreant,
580 499 690 552 plane
717 498 786 537 hoc
810 512 831 537 a
854 506 1045 539 venenato
1071 509 1251 553 serpente
1274 503 1515 558 pessimaque
1540 506 1654 546 disci-

133 564 233 618 plina
259 565 404 604 facinus
433 567 645 619 profectum
670 572 741 605 est.
805 563 905 604 Dum
933 566 1033 605 enini
1059 566 1254 607 libidinum
1283 583 1437 610 suarum
1466 572 1651 627 voluptati

133 632 399 680 succumbunt,
425 640 550 672 certas
572 632 643 673 sibi
665 633 1006 686 perpetrandorum
1029 633 1256 685 flagitiorum
1278 638 1502 679 occasiones
1524 654 1653 681 arces-

132 705 245 748 sunt,
280 714 353 753 quo
376 700 586 739 effrenatae
619 712 710 738 suae
733 698 928 752 cupiditati
951 712 996 737 ac
1022 699 1199 740 luxuriae
1224 702 1480 745 satisfaciant.
1545 705 1650 749 Sane

130 766 192 805 illa
217 767 343 806 omnia
378 780 425 806 ne
448 765 737 806 commemorari
771 765 921 818 quidem
955 765 1180 819 oportebat,
1226 782 1349 822 neque
1374 771 1487 811 ullam
1517 787 1648 815 eorum

130 834 168 873 in
191 833 344 887 scriptis
367 840 503 873 extare
532 832 770 881 memoriam,
805 833 870 872 sed
895 839 1075 885 tanquam
1098 834 1238 873 mortui
1262 836 1428 876 cadaver
1450 840 1579 880 foetidi
1605 856 1648 882 ac

130 901 300 954 pestiferi
337 901 529 940 cuiusdam
563 899 709 938 afflatus
742 898 778 937 in
814 899 1030 953 sepulcrum
1061 899 1197 950 abiici,
1238 915 1285 941 ne
1320 903 1381 942 vel
1404 905 1533 945 auditu
1564 908 1647 962 ipso

128 968 342 1007 mortalium
365 965 498 1020 generi
523 965 731 1019 perniciem
758 966 929 1005 afferret.
983 965 1036 1005 Et
1060 967 1211 1020 quidem
1238 968 1271 1008 si
1295 983 1341 1009 ea
1364 972 1514 1024 penitus
1537 989 1646 1027 prae-

127 1035 283 1075 terisset
305 1033 490 1082 haeresis,
517 1046 641 1086 neque
662 1033 701 1072 in
722 1033 862 1072 mundo
882 1041 1106 1087 superesset
1125 1035 1301 1089 amplius,
1327 1038 1483 1091 sepeliri
1506 1055 1646 1094 operae

127 1101 286 1155 pretium
309 1106 412 1148 erat,
446 1112 570 1152 neque
602 1099 714 1139 ullam
739 1100 822 1140 eius
848 1101 1083 1141 mentionem
1107 1102 1205 1143 fieri.
1263 1102 1380 1145 Nunc
1408 1120 1492 1146 cum
1524 1115 1560 1148 et
1584 1123 1646 1149 re-

129 1182 221 1208 vera
241 1168 350 1208 bodie
373 1167 436 1216 sit,
471 1174 509 1206 et
534 1167 644 1207 factis
668 1167 760 1221 ipsis
781 1168 1046 1221 exprimatur,
1080 1183 1217 1223 meque
1241 1185 1311 1211 vos
1337 1179 1378 1211 ut
1400 1173 1446 1213 de
1468 1176 1643 1217 omnibus

123 1236 285 1276 dicerem
313 1234 451 1274 hortati
476 1234 641 1283 fueritis,
676 1234 800 1288 aliqua
826 1235 926 1275 illam
951 1249 1002 1275 ex
1025 1243 1132 1290 parte
1159 1245 1316 1278 coactus
1341 1253 1362 1279 a
1384 1240 1495 1282 vobis
1517 1242 1639 1297 attigi,

121 1315 168 1342 ne
191 1309 406 1354 susceptum
433 1301 609 1341 veritatis
640 1303 804 1342 studium
832 1304 1158 1357 praetermittam,
1202 1306 1268 1345 sed
1296 1306 1331 1346 id
1358 1321 1470 1349 omne
1501 1310 1636 1364 partim

119 1370 163 1410 ad
192 1383 258 1409 eos
278 1370 340 1423 qui
367 1369 556 1409 audierint
580 1369 853 1420 deterrendos,
897 1370 1035 1424 partim
1068 1372 1114 1410 ad
1144 1385 1212 1411 eos
1237 1373 1298 1425 qui
1324 1374 1396 1414 ista
1418 1385 1641 1431 perpetrant

116 1437 258 1491 pudore
285 1437 504 1476 afficiendos
527 1450 734 1490 exponam.
778 1435 889 1489 Quae
911 1437 1010 1477 enim
1035 1439 1219 1491 probandi
1242 1441 1340 1480 ratio
1365 1449 1438 1493 est,
1468 1459 1539 1497 qua
1561 1460 1638 1486 non

114 1503 149 1544 id
175 1505 325 1544 efficere
354 1504 542 1558 possimus
575 1504 776 1558 parricidia
809 1504 873 1544 illa
908 1505 1165 1559 immaniaque
1189 1521 1286 1559 quae
1317 1508 1363 1548 ab
1393 1510 1441 1550 iis
1463 1514 1638 1553 commit-

115 1579 246 1612 tuntur
270 1572 441 1622 scelera,
476 1572 640 1625 malique
666 1573 862 1612 daemonis
889 1573 984 1612 ritus
1008 1586 1052 1612 ac
1079 1575 1344 1626 ceremonias,
1379 1577 1550 1619 eiusdem
1579 1580 1638 1620 in—

113 1640 255 1680 stinctu
287 1639 485 1679 daemonis
517 1639 673 1679 furiosis
704 1640 779 1679 illis
811 1654 854 1679 ac
888 1640 1119 1680 vecordibus
1151 1643 1360 1683 constituta
1390 1645 1540 1686 fuisse?

217 1707 333 1761 Atqui
356 1707 515 1760 primum
541 1707 629 1746 illud
652 1707 777 1746 statim
804 1708 901 1760 quod
921 1708 991 1747 sibi
1018 1708 1177 1760 fingunt,
1201 1716 1314 1763 atquc
1337 1724 1358 1750 e
1381 1712 1508 1766 priore
1523 1711 1634 1754 Psal-
1660 1721 1739 1766 Cap.
1760 1725 1836 1757 XV.

112 1789 174 1814 mo
209 1775 254 1814 de
285 1775 424 1814 arbore
458 1781 797 1814 commemoratum
830 1776 1049 1828 proferunt,
1094 1776 1197 1815 nullo
1233 1778 1389 1831 negotio
1422 1780 1631 1822 refellitur:

113 1845 399 1896 andfiwetam
421 1857 526 1881 snam
548 1843 653 1880 dabit
681 1845 717 1880 ia
750 1849 908 1893 tempore
928 1857 1016 1889 sua,
1060 1850 1098 1881 et
1114 1845 1247 1895 foliam
1275 1849 1354 1884 eias
1380 1861 1452 1885 non
1479 1850 1626 1900 defluet.
1650 1860 1758 1889 Psalm.
1770 1862 1795 1898 1,
1808 1863 1833 1890 3.

110 1909 230 1950 Paulo
260 1910 360 1950 enim
383 1918 471 1950 autc
498 1910 680 1963 scriptum
707 1916 786 1959 est,
826 1913 877 1948 Ec
897 1913 933 1948 ia
957 1912 1038 1960 lege
1060 1913 1139 1949 eius
1163 1913 1400 1951 meditabitur·
1421 1917 1479 1953 die
1501 1930 1545 1954 ae
1567 1932 1632 1955 no-

109 1986 178 2017 ete.
241 1978 296 2018 At
318 1978 381 2017 isti
407 1978 530 2030 legem
565 1978 707 2031 pariter
735 1991 778 2016 ac
806 1978 1011 2031 propbetas
1042 1977 1258 2032 repudiant.
1322 1979 1447 2033 Quam
1479 1983 1630 2036 quidem

107 2046 231 2099 legem
260 2045 291 2084 si
317 2052 523 2098 respuunt,
559 2059 642 2084 cum
670 2044 739 2084 hac
761 2044 862 2084 illum
891 2050 1040 2098 quoque
1066 2046 1363 2098 calumniantur,
1398 2049 1460 2101 qui
1484 2050 1521 2089 in
1544 2050 1630 2104 lege

110 2113 261 2153 locutus
284 2119 357 2151 est.
404 2110 549 2152 Verum
575 2121 609 2151 ei
637 2111 707 2151 bac
731 2111 910 2165 opinione
933 2126 1003 2152 sua
1030 2113 1225 2164 falluntur,
1259 2121 1297 2153 et
1316 2128 1338 2154 a
1359 2117 1523 2157 veritate
1544 2117 1628 2158 lon-

107 2182 192 2233 gius
215 2180 411 2220 aberrant.
470 2178 609 2232 Neque
634 2179 750 2218 ullum
775 2192 868 2219 vero
891 2179 1070 2220 iudicium
1095 2181 1201 2231 fore,
1235 2195 1358 2235 neque
1380 2191 1553 2224 mortuos
1579 2186 1626 2225 ad

106 2247 224 2286 vitain
249 2247 477 2287 excitandos
507 2260 593 2286 esse
626 2246 893 2299 pronunciant.
957 2246 1068 2300 Quae
1099 2262 1214 2302 porro
1243 2248 1282 2288 in
1315 2250 1547 2305 voluptatem
1580 2266 1624 2292 ac

103 2315 295 2354 luxuriem
318 2315 428 2354 ess'usi
456 2320 606 2354 suamet
628 2312 666 2353 in
691 2327 852 2366 corpora
880 2315 1135 2365 committunt,
1160 2329 1291 2355 eorum
1316 2318 1476 2357 fructum
1502 2319 1625 2371 perci-

103 2381 232 2436 piunt,
273 2382 358 2421 dum
395 2396 417 2422 a
448 2382 633 2421 daemone
659 2380 854 2421 libidinum
883 2382 1073 2422 illecebris
1106 2396 1149 2422 ac
1181 2383 1427 2437 cupiditatum
1460 2385 1624 2426 stimulis

101 2448 319 2503 agitantur3
353 2449 669 2502 quemadmodum
694 2448 773 2502 ipsa
798 2449 972 2490 veritatis
996 2450 1171 2490 oratione
1194 2459 1378 2504 perpetuo
1401 2458 1514 2506 atque
1540 2453 1623 2493 ubi-

99 2530 173 2570 que
198 2517 495 2569 redarguuntur.
556 2514 623 2556 Sic
650 2515 748 2554 enim
769 2515 871 2556 inter
894 2517 990 2557 alios
1013 2515 1205 2557 lohannes
1231 2518 1421 2571 loquitur:
1465 2523 1614 2572 Siquis
1632 2523 1805 2552 2·¹0÷1¹¹¹¹·⁷·

98 2587 199 2622 venit
218 2586 268 2622 ad
291 2599 365 2631 vos,
400 2592 435 2622 et
455 2598 526 2622 non
550 2584 668 2636 affert
685 2584 780 2621 hane
801 2587 1018 2623 doctrinam.
1082 2583 1324 2637 Quamnam?
1354 2585 1489 2639 inquit.
1525 2591 1625 2637 Qaae
1652 2579 1798 2648 ξ’,ῙὲΞἫ

97 2653 242 2690 scilicet
263 2654 448 2690 Chris-mm
481 2665 562 2688 eam
589 2664 701 2688 carae
728 2654 865 2690 venisse
885 2667 957 2691 non
989 2654 1211 2704 camimum:
1253 2656 1512 2694 Antichristus
1535 2664 1614 2695 est.-

99 2726 136 2756 et
156 2733 254 2757 nune
272 2721 505 2757 Aatieleristi
531 2719 640 2755 malti
654 2720 886 2768 prodierant.
943 2717 1065 2772 Quasi
1091 2721 1152 2772 qui
1178 2717 1373 2760 Christum
1395 2735 1480 2761 cum
1501 2737 1618 2763 carne

98 2785 252 2826 venisse
289 2792 432 2839 negent
457 2785 534 2824 sint
560 2784 805 2824 Antichristi.
867 2784 1088 2839 Quinetiam
1125 2788 1195 2826 boc
1227 2787 1273 2826 ab
1305 2787 1387 2841 ipso
1421 2789 1616 2830 salvatore

99 2851 238 2892 dictum
261 2860 341 2893 est:
387 2856 460 2902 Qai
479 2856 515 2891 ia
537 2866 691 2903 regumn
716 2855 897 2892 coeloram
918 2857 1073 2893 admissi
1090 2862 1195 2901 semi,
1230 2869 1345 2906 neque
1362 2859 1502 2896 ducant
1522 2873 1615 2897 aoeo-
1650 2849 1762 2921 ἓέξέἕξ

98 2932 157 2956 res
176 2934 290 2971 neque
308 2922 463 2967 nubant,
488 2923 554 2958 sed
573 2921 717 2969 angelis
738 2923 907 2971 aequales
930 2930 1029 2960 sant.
1074 2920 1212 2974 Neque
1235 2921 1323 2961 illud
1348 2930 1513 2975 tantum3
1548 2926 1615 2965 sed

99 2991 139 3023 nt
164 2985 320 3040 insuper
351 2986 593 3027 manifestam
625 2986 911 3041 absolutamque
937 2989 1200 3028 castimoniam
1228 3003 1271 3028 ac
1301 2991 1614 3041 sanctitudinem,

99 3065 171 3104 qua
197 3060 236 3093 et
263 3061 439 3094 caeteros
472 3060 628 3094 sanctos
652 3053 859 3105 efficiebat,
893 3057 1139 3105 ostenderet,
1183 3056 1238 3096 sic
1262 3055 1429 3131 Mariam
1461 3058 1618 3112 alloqui-

1243 3116 1290 3154 13
