2034 3267
494 210 604 241 PANA
615 211 668 241 RH
695 210 776 241 LIB.
795 211 816 241 1.
843 210 949 241 TOM.
973 210 1014 241 11.
1039 209 1165 240 HAER.
1188 209 1314 242 XXIV.
1575 203 1646 239 151

131 291 175 329 ad
206 295 351 342 patrem
378 302 485 327 suum
519 301 699 328 reversus
723 295 796 328 est.
860 287 933 328 Hic
965 288 1064 328 enim
1091 296 1148 328 est
1181 289 1297 342 patris
1328 287 1390 328 ille
1417 300 1647 327 commemo-

130 364 236 396 ratus
262 362 349 395 ante
379 355 500 404 filius,
545 356 604 408 qui
638 356 680 395 ad
713 369 821 408 opem
847 355 1009 394 humano
1040 357 1172 408 generi
1206 356 1397 395 ferendam
1430 355 1644 395 submissus

130 431 210 471 est,
246 430 402 476 propter
427 437 508 462 eam
535 437 644 475 qnam
670 423 772 461 inter
793 422 965 460 homines
990 423 1146 475 perinde
1176 431 1287 476 atque
1309 422 1467 475 angelos
1493 430 1643 476 pertur-

129 491 319 529 bationem
342 490 520 530 coelestis
544 498 652 544 pater
670 489 1009 528 animadverterat.
1071 489 1199 542 Atque
1220 491 1334 540 idem,
1370 491 1504 543 inquit,
1538 491 1642 529 salus

128 565 186 596 est
213 564 345 597 nostra
361 588 370 605 ‚
404 557 465 610 qui
489 557 524 596 in
549 556 725 596 mundum
749 555 877 605 veuit,
910 555 1078 608 solisque
1103 556 1212 596 nobis
1236 557 1331 596 hanc
1357 557 1413 597 rei
1441 557 1642 597 veritatem

129 625 293 678 aperuit.
357 624 477 665 Tales
507 631 594 664 sunt
624 637 644 662 a
670 621 860 661 nebulone
882 622 955 661 isto
979 623 1269 662 consarcinatae
1297 624 1460 665 fabulae.
1524 623 1643 664 Dein-

130 705 219 745 ceps
248 705 342 731 vero
366 705 610 745 progressum
640 690 703 728 illa
731 689 950 742 impuritate
979 689 1173 742 capiente,
1207 690 1314 730 cuius
1343 698 1477 730 auctor
1504 690 1639 732 Simon

133 759 222 807 fuit,
269 759 409 798 nullum
447 772 520 797 non
557 756 754 811 pravitatis
790 756 1031 808 libidinisque
1058 769 1181 809 genus
1208 756 1422 796 obeundum
1449 758 1641 811 discipulis

128 826 332 879 permittit,
365 826 608 877 virorumque
641 837 685 862 ac
709 823 909 862 mulierum
940 822 1179 876 promiscuos
1211 824 1436 864 concubitus
1461 832 1498 863 et
1519 827 1640 866 scele-

128 900 296 933 ratorum
323 893 536 945 dogmatum
560 890 778 943 congeriem
804 890 1060 929 sectatoribus
1093 891 1173 931 suis
1206 891 1396 945 proponit.
1461 890 1571 944 Quod
1604 901 1644 933 et

126 961 172 999 ab
195 960 365 1014 apostolo
394 965 563 998 notatum
589 964 671 1006 cst,
713 971 795 997 cum
823 957 898 1007 ait,
945 960 988 996 Itz
1018 960 1076 996 lzz‘s
1105 966 1144 996 et
1171 961 1300 997 horam
1335 961 1516 998 similibus
1545 963 1636 999 iram
1660 969 1778 997 Roma.
1801 972 1837 996 m.

126 1030 187 1065 dei
203 1029 364 1066 revelari
378 1040 422 1064 ae
443 1028 578 1063 iustum
604 1028 777 1063 iudicium
800 1028 837 1063 ile
859 1039 919 1064 eos
943 1029 1009 1076 qui
1025 1029 1212 1064 veritatem
1235 1030 1271 1065 ia
1297 1029 1438 1065 iustitia
1460 1029 1634 1066 detinent.

125 1093 223 1134 Nam
251 1094 297 1133 oh
317 1106 380 1132 eas
406 1092 622 1145 voluptates
647 1091 817 1145 plerique
851 1093 896 1131 ad
920 1092 1096 1133 haeresin
1122 1093 1362 1144 desciscunt,
1407 1093 1469 1133 ubi
1501 1094 1641 1134 foedis-

124 1161 227 1201 simis
256 1159 405 1213 flagitiis
434 1159 588 1213 impune
617 1159 810 1200 libidinem
842 1173 950 1200 suam
982 1160 1140 1214 explere
1171 1161 1333 1214 possint.

231 1292 450 1346 Quinetiam
488 1295 562 1334 alio
594 1296 824 1335 documento
860 1309 930 1335 suo
962 1303 1194 1336 sectatorum
1230 1297 1380 1337 animos
1409 1299 1633 1351 corrumpit.
1665 1302 1739 1344 Cap.
1763 1303 1816 1334 Ν.

122 1363 189 1402 Ait
209 1363 307 1401 enim
335 1363 559 1417 martyrium
580 1363 686 1402 obire
710 1377 948 1417 nequaquam
971 1371 1165 1417 oportere.
1229 1363 1305 1417 Qui
1329 1364 1429 1404 enim
1452 1365 1488 1404 id
1524 1365 1637 1404 faeiat

120 1432 295 1469 mercede
319 1431 549 1480 cariturum,
583 1444 666 1470 cum
692 1431 730 1470 in
755 1431 836 1470 eius
857 1431 917 1484 qui
941 1431 1130 1471 hominem
1155 1431 1324 1471 condidit
1349 1431 1510 1485 gratiam
1536 1431 1634 1471 istud

118 1498 324 1551 suscipiat,
360 1505 397 1536 et
420 1504 543 1537 tamen
572 1498 616 1537 ad
647 1496 843 1537 Simonem
879 1498 940 1551 qui
968 1513 1178 1552 suspensus
1208 1499 1244 1538 in
1273 1513 1387 1539 cruce
1417 1499 1466 1539 sit
1491 1507 1634 1554 marty-

118 1565 212 1605 rium
241 1567 449 1605 referatur.
493 1564 646 1605 Etenim
674 1566 859 1605 undenam
888 1566 921 1605 ei
947 1567 1154 1620 praemium
1178 1567 1458 1621 expectandum
1481 1565 1542 1620 qui
1565 1581 1633 1621 pro

119 1631 277 1672 Simone
301 1634 485 1672 crucifixo
508 1643 668 1672 mortem
692 1640 876 1687 oppetens
903 1633 938 1672 id
965 1634 1087 1687 ipsum
1113 1649 1154 1674 se
1173 1632 1317 1675 Cliristi
1341 1648 1478 1674 caussa
1507 1635 1633 1674 faeere

116 1700 335 1753 profitetur,
369 1707 406 1740 et
428 1700 577 1754 quidem
605 1700 851 1754 imprudens?
900 1700 1000 1741 Nam
1027 1715 1092 1754 pro
1119 1716 1166 1740 eo
1190 1716 1300 1756 quem
1337 1703 1489 1755 ignorat.
1520 1704 1632 1741 morti

116 1781 202 1807 sese
228 1768 442 1807 committit.
504 1766 688 1808 Sufficere
718 1782 812 1821 ergo
847 1768 956 1809 nobis
989 1769 1088 1809 istud
1112 1769 1244 1819 debet,
1279 1783 1402 1823 neque
1430 1768 1463 1810 si
1489 1770 1631 1810 detenti

117 1835 298 1875 fuerimus
330 1836 463 1875 mortis
496 1849 616 1890 poena
648 1835 859 1875 subeunda.
1666 1830 1669 1834 ’

225 1901 437 1942 Enimvero
475 1903 696 1942 diabolicam
730 1905 916 1956 quandam
947 1904 1021 1944 vim
1057 1905 1102 1944 ad
1134 1906 1345 1944 animarum
1382 1905 1484 1944 illum
1522 1905 1630 1944 inve·
1661 1912 1737 1955 Cap.
1761 1914 1797 1944 V.

113 1970 221 2010 xisse
258 1970 465 2024 perniciem
503 1970 610 2010 facile
650 1971 1000 2024 deprehendemus,
1048 1979 1087 2011 ut
1117 1972 1178 2025 qui
1215 1974 1324 2011 deum
1362 1972 1514 2013 eiurare
1545 1973 1630 2012 illos

113 2037 294 2088 edoceat,
328 2039 632 2091 quandoquidem
654 2038 828 2077 dominus
853 2039 934 2093 ipse
959 2039 1075 2078 dicit:
1121 2042 1195 2090 Qui
1213 2043 1409 2091 negaverit
1427 2055 1483 2079 me
1504 2055 1626 2079 eoram
1656 2045 1762 2106 *lgm-J}

113 2106 331 2152 hominibus,
365 2107 506 2157 negabo
523 2114 561 2144 et
580 2120 647 2156 ego
669 2120 748 2144 enm
775 2121 897 2144 eoram
915 2115 1025 2158 patre
1048 2122 1124 2146 meo
1142 2111 1210 2159 qui
1229 2111 1266 2147 in
1289 2110 1400 2146 coelis
1425 2116 1493 2147 est.
1558 2109 1628 2148 At·
1696 2103 1703 2115 ³
1739 2099 1762 2107 ..

111 2172 211 2212 enim
235 2180 433 2212 veterator
455 2173 635 2226 loquitur.
677 2171 779 2222 Nos,
803 2174 938 2227 inquit,
967 2174 1140 2215 homines
1161 2189 1308 2224 sumus,
1331 2176 1473 2215 caeteri
1495 2189 1629 2216 omnes

113 2240 204 2279 nihil
228 2240 328 2280 aliud
354 2255 464 2294 quam
494 2255 583 2281 sues
608 2248 646 2280 et
667 2254 797 2281 canes.
848 2240 1014 2295 Ideoque
1039 2241 1220 2296 scriptum
1245 2250 1325 2282 est:
1359 2245 1484 2281 Nolite
1508 2246 1630 2282 iacere
1647 2248 1826 2284 Manena.

111 2312 337 2359 margaritas
367 2317 453 2348 (mle
476 2323 631 2360 porcos,
673 2323 788 2360 neque
811 2311 900 2348 dare
929 2318 1096 2349 sanctum
1123 2312 1290 2349 canibus.
1353 2307 1549 2363 Siquidem
1581 2312 1627 2350 dc

111 2389 178 2415 sua
202 2376 444 2430 improbitate
477 2376 576 2416 celat
609 2389 676 2415 eos
704 2376 766 2431 qui
798 2377 1011 2432 sapientiae
1042 2377 1215 2417 nonnihil
1251 2377 1414 2427 habent,
1459 2391 1505 2417 ac
1535 2391 1628 2418 suae

109 2445 297 2483 duntaxat.
319 2444 474 2483 scholae
501 2450 539 2482 et
565 2443 836 2484 circumventis
857 2459 877 2483 a
904 2459 945 2485 se
969 2445 1185 2485 hominibus
1211 2445 1385 2499 exponit.
1435 2443 1625 2498 Quoniam

109 2524 245 2551 revera
268 2525 365 2565 quae
390 2511 435 2551 ab
462 2511 536 2550 illis
561 2511 738 2550 dicuntur
759 2519 798 2551 et
821 2512 934 2562 liunt,
969 2520 1077 2567 turpe
1109 2520 1168 2552 est
1199 2513 1312 2552 etiam
1345 2513 1487 2565 eloqui.
1550 2510 1625 2565 lgi-
1645 2520 1719 2556 Eph.
1739 2522 1764 2557 5,
1789 2521 1826 2547 12.

111 2584 170 2617 tur
193 2592 320 2618 coram
355 2578 571 2618 hominibus
603 2578 852 2632 profitendam
880 2593 966 2620 esse
994 2581 1195 2621 veritatem
1221 2581 1346 2620 docet.
1406 2578 1494 2620 Nos
1525 2581 1624 2619 enim

110 2645 281 2686 homines
310 2659 465 2695 sumus,
500 2646 643 2685 caeteri
668 2659 776 2685 suum
803 2661 1014 2701 canumque
1038 2662 1221 2697 numero,
1253 2648 1307 2687 uti
1331 2647 1512 2687 diximus.
1578 2645 1627 2686 Et

108 2711 195 2752 illud
219 2714 423 2762 admonet,
456 2719 494 2752 ut
518 2713 563 2752 de
598 2719 703 2766 patre
728 2714 914 2755 duntaxat
947 2729 1166 2769 arcanoque
1200 2729 1269 2755 suo
1305 2715 1445 2754 nemini
1480 2714 1605 2767 signifi

110 2788 217 2829 cent,
249 2782 315 2820 sed
344 2781 495 2820 tacitum
521 2782 617 2833 apud
654 2794 694 2820 se
727 2782 939 2832 retineant,
976 2791 1041 2823 aut
1073 2783 1136 2822 uni
1167 2783 1302 2822 saltem
1334 2797 1354 2822 e
1385 2783 1548 2823 millibus
1580 2797 1625 2821 ac

109 2903 156 2931 tic.
179 2906 356 2935 auctoritate
380 2908 513 2943 reposuit
536 2907 690 2935 Veturius.
931 2907 960 2938 ⁴3.
986 2907 1030 2950 τῇ
1064 2906 1180 2940 ἑαυτοῦ
1210 2908 1277 2938 cod.
1305 2908 1399 2939 Valic.
1445 2907 1487 2949 τῇ
1521 2903 1624 2939 αὐτοῦ

119 2986 126 2996 τ
153 2945 229 2992 Qu).
253 2949 288 2979 V.
316 2968 355 2972 —
405 2952 431 2981 1.
459 2951 596 2980 Fortasse
614 2944 719 2981 ”Ama
740 2949 841 2991 φησὶν
889 2955 958 2983 edit.
974 2955 1078 2984 Pelen).
1115 2947 1139 2992 ‘i
1165 2948 1266 2984 ow'toi']
1291 2953 1357 2983 cod.
1372 2953 1534 2992 Rliedi9.et
1554 2953 1623 2983 edit.

110 3000 125 3020 0
152 3000 205 3031 αγ.
889 2999 986 3033 princ.
1491 3005 1496 3011 ”

338 3029 367 3052 O
