2034 3267
195 585 279 624 Κεφ.
306 583 341 616 ε’.

207 932 271 960 pag.
293 923 350 950 129.

359 155 439 194 248
926 152 1085 184 SANCTI
1110 152 1335 183 EPIPHANII

360 239 659 289 ἓτοιμασθῆναι,
691 228 745 278 αἷς
767 233 837 281 τῆς
859 226 979 269 νόσου
1003 228 1114 268 ἕνεκα
1139 225 1328 278 βοήθημά
1351 243 1387 267 τι
1409 227 1641 282 προςφέρειν
1666 226 1809 279 μέλλων
1833 222 1881 266 δι’

364 303 520 346 ὑδάτων
551 302 731 341 νοσοῦντι
763 296 914 349 βαρέως
945 298 999 350 τῷ
1030 291 1259 349 πατριάρχῃ.
1322 295 1373 333 Οἱ
1400 294 1441 334 δὲ
1472 296 1658 347 ἐποίησαν
1689 291 1734 334 τά
1762 293 1882 333 ἐπιτε-

363 370 542 424 ταγμένα.
594 363 653 405 Οὐ
674 362 748 418 γάρ
772 361 1013 417 ἐγνώκεισαν.
1063 362 1216 408 Αἰδοῦς
1239 359 1282 400 δὲ
1302 357 1413 413 χάριν
1436 360 1774 414 προφασισάμενος
1794 357 1885 407 τούς

363 436 511 481 πάντας
534 433 607 481 ἔξω
631 429 800 484 ποιήσας
829 427 851 471 ὁ
878 427 1117 483 πατριάρχης
1139 431 1210 469 τοῦ
1233 430 1401 480 λουτροῦ
1428 430 1694 479 καταξιοῦται,
1724 429 1792 469 καὶ
1817 444 1886 479 μυ-

364 503 530 555 στηρίων
560 497 691 553 άγίων.
1639 484 1643 490 ¹

474 565 518 608 Ὁ
550 567 591 607 δὲ
621 563 808 617 Ἰώσηπος
841 564 926 616 ἐμοὶ
957 560 1061 619 αὐτῷ
1095 562 1290 615 διηλέχθη.
1347 558 1413 601 Ἐκ
1447 557 1634 612 στόματος
1662 560 1734 617 γάρ
1766 559 1888 603 αὐτοῦ

365 634 517 689 άκήκοα
538 633 665 675 πάντα
689 636 829 682 ταῦτα,
868 631 935 672 καὶ
959 628 1030 671 οὕκ
1055 628 1132 671 άπὸ
1156 628 1271 670 ἄλλου
1292 626 1419 678 τινὸς,
1449 628 1491 668 ἐν
1510 631 1558 683 τῇ
1579 630 1744 684 γηραλέα
1768 627 1890 669 αὐτοῦ

365 702 516 759 ἡλικία,
548 699 601 750 ὥς
620 702 708 754 περί
727 716 805 740 που
830 700 925 740 ἐτῶν
946 695 1214 750 ἑβδομήκοντα
1237 694 1438 751 γεγονότος
1459 692 1601 744 αὐτοῦ,
1631 693 1657 746 ἢ
1678 696 1744 735 καὶ
1765 694 1889 736 πλειό-

367 787 457 812 νων.
519 766 620 823 Παρ’
651 766 755 823 αὐτῷ
786 764 857 821 γάρ
884 764 1085 817 κατήχθην
1111 766 1151 806 ἐν
1176 761 1438 805 Σκυθοπόλει.
1498 759 1708 810 Μεταστᾶς
1729 761 1800 816 γάρ
1824 767 1892 815 τῆς

375 835 602 891 Τιβεριάδος
628 839 641 863 ¹
659 837 798 882 κτίσεις
818 835 899 875 ἐκεῖ
919 834 960 874 ἐν
982 831 1235 873 Σκυθοπόλει
1257 833 1459 882 διαφανεῖς
1483 828 1679 882 ἐκτήσατο.
1736 827 1800 869 Ἐν
1820 828 1892 883 γάρ

369 910 415 962 τῇ
437 906 541 960 οἰκίᾳ
563 901 684 944 αὐτοῦ
705 900 754 943 ’ὶὸ
775 903 986 955 μακαρίτης
1005 897 1200 951 Εὐσέβιος
1219 896 1242 940 ό
1257 903 1325 951 τῆς
1340 896 1499 945 Ἰταλίας
1520 898 1734 944 ἐπίσκοπος
1757 899 1892 950 3Βριγ-

372 974 501 1028 γέλλας
523 969 686 1021 πόλεως,
718 969 932 1023 ἐξορισθεὶς
953 966 1030 1008 ὑπὸ
1056 969 1342 1016 Κωνσταντίου,
1375 963 1436 1006 διά
1458 963 1526 1017 τήν
1545 967 1672 1004 πίστιν
1689 967 1759 1016 τῆς
1778 961 1897 1017 ὄρθο-

373 1042 503 1089 δοξίας
533 1040 723 1087 ἐξενίζετο.
783 1037 863 1076 Καὶ
894 1036 957 1076 ἐπὶ
987 1033 1058 1087 τὴν
1081 1036 1286 1085 ἐπίσκεψιν
1307 1031 1447 1074 τούτου
1478 1030 1551 1085 ἐγώ
1576 1047 1615 1071 τε
1640 1031 1706 1072 καὶ
1728 1032 1767 1072 οἱ
1791 1028 1897 1070 ἄλλοι

376 1106 540 1158 άδελφοὶ
573 1106 692 1146 ἐκεῖσε
720 1102 920 1159 γενόμενοι
948 1103 1014 1142 καὶ
1043 1099 1155 1142 αὐτοὶ
1184 1098 1272 1154 παρ’
1299 1098 1402 1156 αὐτῷ
1427 1097 1689 1151 κατήχθημεν.
1749 1102 1898 1138 Συντυ-

375 1174 505 1230 χόντες
533 1173 575 1214 δὲ
606 1176 658 1228 τῷ
681 1169 855 1226 Ἰωσήπῳ
881 1170 944 1211 ἐπὶ
968 1173 1038 1222 τῆς
1063 1166 1186 1209 αὐτοῦ
1211 1169 1358 1217 οἰκίας,
1398 1167 1464 1207 καὶ
1490 1164 1536 1206 τά
1561 1163 1642 1206 κατ’
1665 1162 1784 1206 αὐτὸν
1807 1166 1897 1218 ἐρω-

374 1247 532 1290 τῶντες,
563 1240 630 1281 καὶ
654 1236 805 1293 γνόντες
828 1237 888 1278 ὅτι
907 1241 984 1277 τῶν
1009 1237 1194 1287 ἐμφανῶν
1215 1233 1359 1288 ὑπῆρχε
1381 1232 1487 1287 παρά
1509 1231 1736 1282 Ἰουδαίοις,
1768 1230 1899 1272 άνετά-

378 1315 503 1360 ζοντες
525 1308 592 1348 καὶ
615 1305 685 1357 τήν
707 1302 787 1345 κατ’
811 1301 928 1344 αὐτὸν
947 1301 1156 1352 ὑπόθεσιν,
1197 1302 1265 1341 καὶ
1290 1305 1408 1349 ‘lm-39
1429 1302 1482 1348 εἰς
1505 1298 1573 1342 τὸν
1598 1297 1901 1352 Χριστιανισμὸν

380 1380 588 1430 μετῆλθεν,
630 1369 853 1423 ἀκηκόαμεν
879 1374 1001 1409 ταῦτα
1031 1367 1159 1408 πάντα
1187 1371 1345 1418 σαφῶς,
1387 1368 1453 1408 καὶ
1482 1365 1555 1408 οὖκ
1586 1365 1663 1408 άπὸ
1690 1368 1903 1419 ἐνηχήσεως

380 1445 511 1494 ἑτέρου
540 1438 656 1487 τινός.
701 1437 831 1478 ’Ὀθεν
861 1437 928 1477 καὶ
953 1433 1284 1487 ἀξιομνημόνευτα
1314 1436 1368 1483 εἰς
1393 1432 1604 1486 οἰκοδομὴν
1628 1439 1773 1475 πιστῶν
1796 1436 1902 1486 νομί-

381 1525 514 1557 σαντες
539 1505 585 1548 τά
604 1504 702 1547 κατά
723 1503 790 1546 τόν
815 1503 937 1558 ἄνδρα
961 1503 1319 1557 πραγματευθέντα,
1350 1501 1415 1542 διά
1434 1500 1503 1553 τήν
1523 1503 1647 1542 αἰτίαν
1668 1505 1744 1542 τῶν
1765 1502 1805 1542 ἐν
1824 1506 1905 1548 τοῖς

382 1576 679 1633 γαζοφυλακίοις
713 1574 767 1621 εἰς
795 1569 981 1625 Ἑβραΐδα
1011 1570 1315 1623 μετατεθέντων,
1356 1567 1404 1609 οὐ
1437 1569 1639 1623 παρέργως
1673 1566 1744 1621 τὴν
1777 1572 1905 1609 πᾶσαν

384 1647 511 1687 αἰτίαν
540 1646 609 1683 τοῦ
639 1640 925 1695 προειρημένου
951 1636 1141 1690 Ἰωσήπου
1168 1637 1431 1691 παρεθέμεθα.
1481 1631 1553 1676 ςΗν
1580 1634 1653 1691 γάρ
1684 1633 1706 1676 ὁ
1731 1633 1830 1688 ἀνὴρ
1859 1632 1906 1675 οὗ

387 1711 508 1766 μόνον
535 1705 784 1763 Χριστιανός,
815 1704 951 1753 πιστός
973 1705 1228 1753 καταξιωθεὶς
1251 1705 1449 1758 γενέσθαι,
1481 1701 1573 1744 ἄλλα
1596 1704 1662 1744 καὶ
1684 1700 1906 1757 Ἀρειανοῦς

388 1777 543 1832 σφόδρα
564 1773 801 1828 στηλιτεύων.
857 1772 922 1814 Ἐν
944 1770 1015 1827 γάρ
1037 1776 1083 1829 τῇ
1107 1770 1214 1812 πόλει
1236 1772 1381 1828 ἐκείνῃ,
1412 1769 1663 1811 Σκυθοπόλει
1685 1771 1808 1822 φημὶ,
1839 1767 1907 1822 μό-

388 1863 456 1888 νον
477 1839 593 1891 οὗτος
614 1841 833 1897 ὀρθόδοξος
858 1839 1024 1894 ὑπῆρχε,
1056 1837 1195 1887 πάντες
1216 1838 1256 1879 δὲ
1277 1836 1476 1892 Ἀρειανοί.
1537 1838 1616 1878 Καὶ
1637 1838 1670 1878 εἰ
1690 1836 1742 1889 μὴ
1763 1836 1822 1878 ὅτι
1843 1835 1909 1878 κό-

391 1930 465 1967 μης
482 1908 544 1965 ἧν,
574 1911 641 1951 καὶ
658 1908 700 1950 τό
722 1913 791 1950 τοῦ
812 1907 983 1961 κόμητος
1006 1905 1154 1957 α’ξίωμα
1176 1904 1343 1947 ἐκώλυεν
1364 1903 1428 1946 ἄπ’
1449 1903 1568 1946 αὐτοῦ
1586 1903 1654 1946 τὸν
1674 1909 1750 1945 τῶν
1766 1902 1906 1957 Ἀρεια-

389 1985 468 2022 νῶν
493 1975 684 2032 διωγμὸν,
724 1974 796 2017 οὐκ
819 1974 866 2015 ἂν
888 1972 1034 2026 ὑπέστη
1056 1972 1130 2014 κᾶν
1153 1974 1193 2015 ἐν
1215 1978 1262 2030 τῇ
1283 1971 1390 2014 πόλει
1411 1974 1620 2026 διατρίβειν
1643 1970 1665 2013 ὁ
1687 1970 1784 2025 άνὴρ
1798 2005 1808 2022 ,
1839 1969 1909 2023 μά-

390 2053 497 2090 λιστα
519 2047 583 2088 ἐπὶ
607 2046 860 2097 Πατροφίλου
882 2047 952 2083 τοῦ
972 2039 1172 2095 Ἀρειανοῦ
1194 2038 1424 2090 ἐπισκόπου,
1454 2044 1523 2080 τοῦ
1543 2039 1662 2080 πολλοὶ
1683 2038 1909 2092 ἰσχύσαντος

393 2113 548 2171 πλούτῳ
570 2129 608 2153 τε
631 2113 697 2152 καὶ
721 2109 929 2165 αὖστηρίᾳ,
969 2110 1034 2150 καὶ
1057 2113 1102 2166 τῇ
1127 2107 1226 2162 πρὸς
1247 2106 1315 2149 τὸν
1339 2107 1494 2160 βασιλέα
1518 2106 1789 2147 Κωνστάντιον
1813 2104 1910 2160 γνώ-

394 2196 452 2223 σει
480 2197 518 2222 τε
547 2181 612 2221 καὶ
636 2180 842 2234 παρρησίᾳ.
891 2172 965 2217 ςΗν
989 2177 1029 2217 δὲ
1055 2177 1122 2216 καὶ
1145 2174 1256 2223 ἄλλος
1277 2192 1333 2222 τις
1355 2173 1535 2228 νεώτερος
1565 2175 1606 2215 έν
1630 2179 1675 2230 τῇ
1700 2172 1807 2214 πόλει
1832 2171 1909 2214 άπὸ

391 2248 582 2304 Ἑβραίων
604 2245 738 2300 ὀρθῶς
756 2243 967 2294 πιστεύων,
997 2242 1040 2292 ὃς
1060 2242 1131 2285 οὐκ
1152 2242 1291 2296 ἐτόλμα
1310 2240 1408 2283 κατα
1426 2240 1468 2282 τό
1491 2240 1673 2295 φανερὸν,
1707 2238 1824 2281 5οῗλλόι
1846 2240 1911 2281 καὶ

395 2318 603 2371 κρυφαίως
623 2312 725 2367 ἡμᾶς
747 2312 1008 2355 ἐπεσκέπτετο.
1063 2309 1248 2352 Πιθανόν
1268 2310 1311 2351 δέ
1330 2327 1364 2350 τι
1388 2306 1410 2350 ὁ
1427 2306 1610 2362 Ἰώσηπος
1630 2309 1696 2348 καὶ
1715 2309 1912 2362 γελοιῶδες

397 2382 598 2438 ὑφηγεῖτο,
629 2379 736 2434 οἶμαι
758 2380 799 2421 δὲ
820 2384 940 2420 ταῦτα
963 2378 1021 2419 ὅτι
1040 2379 1105 2419 καὶ
1124 2376 1324 2431 ήλήθευεν.
1369 2375 1548 2428 ’Έφασκε
1570 2374 1640 2430 γάρ
1661 2374 1720 2416 ὅτι
1741 2379 1909 2426 τελευτη-

399 2450 522 2503 σάσης
550 2453 617 2502 τῆς
648 2446 768 2489 αὐτοῦ
795 2449 983 2500 συμβίου,
1029 2444 1165 2494 δεδιώς
1195 2444 1247 2498 μή
1278 2463 1331 2497 πη
1363 2443 1439 2498 ἄρα
1472 2441 1691 2498 άρπάζωσιν
1725 2439 1843 2482 αὐτὸν
1876 2442 1915 2481 οἵ

400 2517 586 2573 ’Λρειανοὶ
612 2517 679 2557 καὶ
707 2513 972 2567 καταστήσωσι
997 2512 1180 2567 κληρικόν
1213 2538 1268 2544 —-
1303 2510 1486 2560 πολλάκις
1513 2508 1584 2566 γάρ
1614 2507 1913 2556 κολακεύσαντες

402 2583 522 2627 αὐτόν
538 2588 750 2637 πεισθῆναι
768 2587 815 2640 τῇ
833 2581 971 2636 αἱρέσει
987 2578 1242 2633 ὑπισχνοῦντο
1259 2583 1431 2633 μείζονας
1450 2575 1666 2634 προκοπὰς,
1688 2578 1722 2618 εἰ
1738 2577 1827 2617 δέον
1847 2577 1913 2616 καὶ

452 2756 529 2787 eff.
550 2756 590 2786 V.
614 2773 659 2779 —
684 2755 711 2786 1.
738 2756 789 2786 Sic
813 2755 910 2785 editus
928 2754 1000 2783 liber
1019 2755 1140 2791 uterque
1182 2754 1360 2792 vulgatam,
1393 2750 1573 2790 praesertim
1599 2757 1667 2779 cum
1694 2748 1784 2778 etiam
1808 2755 1914 2786 supra,

404 2804 433 2832 et
449 2802 516 2832 cod.
533 2801 661 2840 Rhediy.
697 2802 734 2831 At
755 2801 921 2831 Cornarius
939 2799 1030 2828 latine
1049 2798 1140 2827 inter·
1185 2798 1268 2828 haer.
1283 2794 1337 2836 26,
1355 2794 1399 2835 9.,
1419 2794 1542 2831 κτίσεις
1559 2795 1602 2824 sic
1616 2793 1748 2832 positum
1761 2793 1914 2822 vidissem.

403 2848 542 2886 premens
559 2849 601 2876 est
615 2843 847 2886 possessiones,
870 2846 903 2873 ut
919 2839 1057 2882 κτήσεις
1075 2851 1140 2872 cor·
1229 2841 1259 2873 2.
1285 2838 1301 2874 ὁ
1325 2842 1488 2872 articulum
1516 2840 1615 2869 adieci
1641 2847 1677 2867 ex
1704 2837 1790 2867 codd.
1820 2838 1914 2866 Varie.

404 2891 565 2929 riyendum
587 2891 734 2920 censuisse
755 2890 915 2926 videatur,
949 2888 1029 2926 quod
1051 2888 1141 2917 etiam
1187 2890 1212 2917 el
1237 2887 1363 2925 Rhediy.

405 2936 481 2966 mihi
509 2936 672 2973 probatum
701 2937 752 2965 est.
801 2934 1003 2964 Nihilominus
1031 2933 1142 2962 retinui
