2034 3267
223 603 308 643 Κεφ.
329 598 368 643 γ’.

388 240 464 277 230
946 238 1106 270 SANCTl
1130 238 1349 271 EP1PHAN11

392 321 604 372 Ἐνομίσθη
638 316 708 371 γάρ
740 315 854 358 τοῦτό
886 329 960 356 τισι
991 313 1042 367 μὴ
1066 319 1363 367 πεπληρῶσθαι·
1405 315 1510 368 ’ὅμως
1532 316 1586 367 ῶς
1608 320 1709 360 ἔστιν
1748 319 1913 373 ἐροῦμεν

402 386 575 438 Οὐδεμία
604 384 676 439 γάρ
707 384 804 432 λέξις
832 387 900 436 τῆς
930 380 1041 437 ἆγίας
1069 386 1138 423 τοῦ
1167 386 1267 423 θεοῦ
1297 387 1452 436 γραφῆς
1481 386 1684 427 διαπίπτει.

509 585 660 642 Θρόνος
678 584 752 641 γάρ
772 585 900 638 Δαβὶδ
917 585 983 626 καὶ
1005 583 1182 637 βασιλικὴ
1203 585 1295 639 ἕδρα
1318 584 1419 625 ἐστὶν
1447 581 1472 636 ἦ
1492 584 1533 625 ἓν
1553 588 1598 641 τῇ
1621 583 1709 642 ἇγία
1731 588 1909 643 ἐκκλησίᾳ

402 652 612 707 ἱερωσύνη,
643 653 739 708 ὅπερ
764 650 912 705 άξίωμα
933 651 1132 704 βασιλικόν
1153 668 1192 693 τε
1210 653 1277 693 καὶ
1297 649 1563 705 άρχιερατικὸν
1584 650 1683 704 ὁμοῦ
1706 651 1909 695 ἒπιτοαυτὸ

400 720 582 773 συνάψας
615 719 637 762 ὁ
667 719 803 774 κύριος
832 718 1045 774 δεδώρηται
1069 724 1114 776 τῇ
1148 717 1239 776 άγίᾳ
1270 717 1392 760 αὐτοῦ
1424 721 1625 775 ἐκκλησίᾳ,
1666 718 1733 760 τὸν
1761 720 1911 774 θρόνον

401 787 624 844 μεταγαγών
659 789 699 829 ἐν
733 785 832 845 αὐτῇ
867 786 934 829 τόν
965 792 1034 828 τοῦ
1064 788 1192 840 Δαβὶδ
1225 785 1278 840 μὴ
1322 789 1565 828 διαλείποντα
1600 788 1654 834 εἰς
1684 785 1751 827 τᾶν
1780 789 1911 828 αἰῶνα.

398 854 540 897 Ἑκεῖσε
562 854 634 910 γάρ
655 854 753 897 κατά
771 853 955 908 διαδοχὴν
982 853 1156 908 διήρκεσε
1175 853 1322 909 θρόνος
1340 855 1468 907 Δαβὶδ
1491 855 1562 902 ἕως
1583 853 1702 895 αὐτοῦ
1723 857 1792 894 τοῦ
1819 858 1912 905 Χρι-

404 927 516 973 στοῦ,
555 921 608 975 μὴ
635 921 912 964 διαλειπόντων
932 927 1010 964 τῶν
1034 924 1072 971 ἐξ
1092 920 1226 963 Ἰούδα
1252 920 1444 976 ἀρχόντων
1466 923 1537 970 ἕως
1559 916 1678 974 ἦλθεν
1700 916 1730 978 ᾧ
1750 919 1797 962 τά
1819 920 1912 962 ἄπο-

405 993 556 1042 κείμενα
579 985 648 1042 ἦν,
680 991 742 1031 καὶ
771 988 886 1038 αὐτὸς
916 992 1128 1044 προςδοκία
1154 991 1304 1039 ἐθνῶν,
1333 992 1462 1041 φησίν.
1511 988 1679 1041 ’Έληξαν
1703 988 1775 1043 γὰρ
1805 990 1844 1030 ἒν
1869 993 1916 1045 τῇ

404 1062 474 1099 τοῦ
502 1061 673 1108 Χριστοῦ
698 1061 893 1113 παρουσίᾳ
920 1059 959 1099 οἷ
979 1056 1077 1098 κατά
1100 1055 1283 1109 διαδοχὴν
1309 1058 1347 1105 ἐξ
1366 1054 1501 1098 Ἰούδα
1523 1054 1725 1110 ἄρχοντες,
1755 1057 1827 1104 ἕως
1849 1054 1914 1096 αὐ-

405 1130 475 1166 τοῦ
501 1128 571 1166 τοῦ
599 1128 768 1178 Χριστοῦ
793 1123 1011 1179 ἡγούμενοι.
1069 1125 1233 1165 Διέπεσε
1261 1122 1332 1178 γάρ
1366 1121 1392 1176 ἦ
1417 1122 1542 1173 τάξις,
1582 1125 1648 1164 καὶ
1672 1125 1783 1176 ἔστη,
1815 1122 1917 1172 ἐξότε

405 1191 523 1241 αὐτὸς
542 1196 717 1247 γεννᾶται
747 1194 787 1234 ἐν
818 1192 995 1244 Βηθλεὲμ
1018 1196 1087 1244 τῆς
1111 1189 1330 1239 Ἰουδαίας,
1372 1191 1436 1231 ἐπὶ
1461 1189 1711 1244 Ἀλεξάνδρου
1739 1195 1809 1232 τοῦ
1839 1189 1916 1231 <ind

406 1262 541 1314 γένους
565 1261 760 1313 ἱερατικοῦ
782 1261 849 1300 καὶ
869 1262 1085 1312 βασιλικοῦ.
1143 1256 1226 1308 Ἀφ’
1257 1253 1304 1298 οῦ
1333 1255 1583 1311 Ἀλεξάνδρου
1609 1258 1781 1299 διέπεσεν
1804 1253 1918 1306 οὗτος

406 1327 429 1369 ό
450 1331 588 1381 κλῆρος
611 1325 687 1367 άπὸ
709 1325 856 1380 χρόνων
877 1324 998 1367 αὐτοῦ
1021 1342 1059 1366 τε
1078 1326 1143 1366 καὶ
1167 1328 1374 1375 Σααλίνας,
1405 1329 1473 1377 τῆς
1493 1326 1558 1366 καὶ
1582 1323 1831 1378 Ἀλεξάνδρας
1851 1343 1916 1366 κα-

406 1395 613 1447 λουμένης,
644 1395 707 1434 έπὶ
729 1398 810 1441 τοῖς
830 1393 983 1446 χρόνοις
1004 1390 1178 1446 Ἡρώδου
1201 1397 1272 1432 τοῦ
1299 1393 1481 1445 βασιλέως
1499 1393 1566 1433 καὶ
1587 1390 1820 1447 Αὐγούστου
1844 1397 1919 1434 τῶν

404 1461 600 1514 Ῥωμαίων
637 1458 935 1514 αὐτοκράτορος.
983 1459 1057 1507 “Og
1085 1460 1152 1501 καὶ
1182 1458 1351 1512 διάδημα
1383 1460 1544 1501 ἐπέθετο
1575 1461 1716 1517 ἑαυτῷ,
1762 1458 1783 1500 ὁ
1812 1458 1919 1501 Ἀλέ-

409 1532 572 1583 ξανδρος
597 1522 733 1579 οὗτος,
765 1526 820 1576 εἷς
839 1533 916 1569 τῶν
938 1532 1102 1583 χριστῶν
1124 1528 1191 1568 καὶ
1212 1525 1436 1582 ἡγουμένων
1456 1525 1650 1581 ὑπάρχων.
1691 1532 1918 1577 Συναφθει-

409 1602 487 1638 σῶν
512 1595 583 1651 γάρ
608 1600 685 1636 τῶν
719 1595 791 1637 δύο
823 1600 957 1647 φυλῶν
988 1599 1058 1636 τοῦ
1079 1612 1117 1635 τε
1141 1597 1340 1647 βασιλικοῦ
1368 1595 1434 1635 καὶ
1457 1596 1672 1647 ἱερατικοῦ,
1713 1593 1846 1635 Ἰούδα
1877 1595 1920 1635 δέ

409 1681 508 1716 φημι
526 1665 593 1704 καὶ
611 1662 788 1715 Ἀαρών,
818 1665 885 1704 καὶ
905 1661 1032 1715 πάσης
1054 1667 1122 1715 τῆς
1144 1667 1215 1703 τοῦ
1237 1663 1358 1711 Λευὶ,
1397 1662 1498 1703 οὕτω
1525 1664 1691 1714 βασιλεῖς
1715 1662 1782 1702 καὶ
1805 1663 1920 1716 ἱερεῖς

411 1733 591 1784 ε’γὶνοντο.
654 1729 711 1771 Οὐ
731 1729 802 1785 γάρ
824 1730 1009 1784 διήμαρτέ
1029 1747 1064 1770 τι
1084 1735 1160 1770 τῶν
1181 1727 1257 1770 ἆπό
1276 1732 1343 1781 τῆς
1364 1727 1473 1783 ἁγίας
1492 1734 1646 1782 γραφῆς
1670 1727 1915 1783 αἰνιγμάτων.

419 1797 510 1838 Τότε
532 1798 573 1838 δὲ
595 1797 730 1839 λοιπὸν
756 1796 970 1849 ἀλλόφυλος
1000 1795 1176 1849 βασιλεύς
1203 1794 1396 1850 Ἡρώδης,
1435 1797 1500 1837 καὶ
1524 1794 1652 1837 οὐκέτι
1679 1798 1719 1837 οἱ
1745 1795 1822 1837 ἀπὸ
1847 1802 1917 1837 τοῦ

413 1865 540 1917 Δαβὶδ
564 1864 733 1917 διάδημα
755 1866 951 1906 ἐπέθεντο.
1011 1863 1319 1916 Μεταπεσούσης
1345 1864 1385 1905 δὲ
1407 1868 1474 1916 τῆς
1499 1866 1698 1916 βασιλικῆς
1719 1865 1918 1917 καθέδρας

412 1934 454 1973 ἐν
480 1935 634 1987 Χριστῷ
655 1933 716 1972 ἐπὶ
737 1931 807 1985 τὴν
833 1934 1032 1984 ἐκκλησίαν
1058 1930 1134 1973 <ind
1160 1931 1229 1984 μὲν
1256 1933 1368 1972 οἴκου
1388 1935 1456 1972 τοῦ
1478 1935 1665 1983 σαρκικοῦ
1686 1929 1820 1972 Ἰούδα
1850 1932 1916 1972 καὶ

415 1996 602 2053 1Ἰσραὴλ
628 1997 670 2038 τὸ
698 1999 894 2051 βασιλικόν
929 2000 1083 2052 μετέστη
1113 1997 1279 2052 ἀξίωμα,
1322 2000 1472 2052 ’ἵδρυται
1506 1998 1545 2038 δὲ
1575 1996 1598 2039 ὁ
1619 1997 1766 2051 θρόνος
1799 2000 1839 2040 έν
1869 2003 1915 2055 τῇ

412 2065 502 2123 ἁγίᾳ
527 2069 598 2107 τοῦ
624 2070 723 2106 θεοῦ
752 2067 929 2123 ἐκκλησίᾳ
962 2069 1014 2115 εἰς
1038 2065 1103 2108 τὸν
1129 2068 1271 2117 αἰῶνα,
1313 2067 1355 2107 ἐκ
1379 2064 1447 2107 δύο
1484 2064 1718 2119 προφάσεων
1747 2067 1842 2118 ἔχων
1870 2065 1913 2107 τὸ

410 2133 579 2186 ἀξίωμα,
609 2136 679 2174 τοῦ
702 2149 742 2173 τε
772 2135 970 2185 βασιλικοῦ
999 2135 1064 2175 καὶ
1094 2138 1163 2175 τοῦ
1185 2132 1459 2188 ἀρχιερατικοῦ.
1518 2133 1596 2172 Καὶ
1619 2131 1660 2173 τό
1683 2133 1748 2185 μὲν
1770 2136 1914 2185 βασιλι-

409 2201 481 2244 κὸν
511 2199 588 2243 άπὸ
618 2205 688 2243 τοῦ
715 2202 854 2255 κυρίου
885 2199 991 2253 ἡμῶν
1028 2199 1160 2254 Ἰησοῦ
1190 2205 1362 2256 Χριστοῦ
1390 2198 1486 2242 κατα
1515 2197 1588 2240 δύο
1618 2198 1806 2252 τρόπους,
1848 2198 1913 2242 διά

409 2286 448 2310 τε
475 2268 518 2310 τὸ
548 2267 645 2310 εἶναι
682 2266 801 2309 αὐτὸν
830 2268 871 2309 ἐκ
907 2269 1121 2322 σπέρματος
1151 2270 1278 2322 Δαβὶδ
1313 2272 1385 2309 τοῦ
1421 2267 1602 2320 βασιλέως
1640 2264 1736 2307 κατα
1774 2267 1912 2321 σάρκα,

252 2364 317 2391 pag.
338 2355 394 2381 119.
412 2337 478 2378 καὶ
499 2335 541 2377 τὸ
564 2334 664 2377 εἶναι
687 2333 825 2385 αὐτόν,
855 2333 949 2389 ὅπερ
979 2337 1075 2386 ἐστὶ,
1106 2337 1261 2390 βασιλέα
1289 2340 1439 2389 μείζονα
1461 2331 1524 2375 ἄπ’
1546 2335 1687 2381 αἰῶνος
1719 2333 1815 2374 κατὰ
1843 2333 1914 2387 τὴν

412 2402 599 2456 θεότητα·
639 2402 682 2445 τὸ
706 2403 747 2444 δὲ
767 2401 978 2457 ἱερατικὸν,
1008 2402 1066 2444 ὅτι
1089 2402 1204 2453 αὐτὸς
1232 2401 1427 2458 ἀρχιερεύς
1453 2402 1518 2442 καὶ
1547 2398 1748 2455 ἀρχιερέων
1771 2400 1914 2455 πρύτα-

412 2489 483 2522 νις,
512 2471 820 2518 κατασταθέντος
843 2467 965 2518 εὐθύς
987 2468 1132 2523 Ἰακώβ
1150 2475 1219 2513 τοῦ
1237 2469 1407 2522 ἀδελφοῦ
1429 2471 1566 2523 κυρίου
1586 2469 1827 2520 καλουμένου
1847 2470 1912 2510 καὶ

415 2537 632 2580 ἀποστόλου
655 2536 869 2580 ἐπισκόπου
878 2571 889 2588 ,
926 2536 1082 2591 πρώτου
1107 2540 1195 2580 υἱοῦ
1217 2543 1286 2580 τοῦ
1307 2536 1455 2590 Ἰωσὴφ
1479 2535 1594 2589 φύσει
1612 2533 1742 2584 ὄντος,
1783 2537 1823 2576 ἐν
1851 2537 1913 2576 τοί-

418 2610 471 2655 ξει
500 2606 540 2646 δὲ
569 2604 739 2658 ἀδελφοῦ
767 2609 836 2647 τοῦ
864 2607 1002 2657 κυρίου
1030 2606 1239 2656 κληθέντος
1270 2604 1333 2646 διοὶ
1362 2603 1433 2657 τὴν
1460 2601 1794 2656 συναναστροφήν.

460 2743 536 2795 Cne-
562 2744 618 2774 III·
652 2762 710 2796 —x
742 2742 768 2774 1·
794 2743 900 2773 Edi'US
928 2743 1001 2792 libes
1021 2745 1142 2780 “ferque
1190 2755 1259 2784 Vitii
1283 2756 1366 2792 oriyo
1393 2752 1567 2793 quaerenda
1600 2753 1631 2782 in
1664 2752 1739 2790 siylo
1765 2741 1822 2791 ἰήἶ
1839 2752 1919 2781 male

414 2789 499 2818 habet
533 2788 751 2829 Ιερουσαλημ,
776 2795 962 2827 quamquam
979 2797 1009 2816 m
1029 2788 1142 2817 forna·
1191 2801 1343 2830 „deuecto—

414 2834 455 2863 rii
481 2834 601 2871 quidem
628 2835 761 2864 versione
794 2836 869 2863 recle
902 2833 1010 2869 Ieyicur
1038 2830 1142 2861 lsrael.
