2034 3267
233 899 298 926 pag.

318 892 376 920 352.

401 183 479 223 642
955 186 1114 218 SANCT1
1138 187 1362 218 EPIPHANH

400 269 539 320 μέθαι,
579 270 724 317 κῶμοι,
769 261 967 311 94καθῶς
989 264 1054 304 καὶ
1077 268 1264 317 προεῖπον
1295 261 1358 303 ὅτι·
1377 264 1416 303 οἱ
1434 261 1480 303 τοὶ
1503 268 1661 305 τοιαῦτα
1683 263 1920 318 πράσσοντες

398 336 592 387 βασιλείαν
621 337 718 374 θεοῦ
749 330 796 373 οὗ
826 330 1193 386 κληρονομήσουσιν.

498 400 653 455 ”Ελεγχ.
677 399 720 448 ς’.
756 394 808 439 ³52
832 402 1065 451 θαυμασίων
1095 400 1332 453 μυστηρίων,
1374 398 1440 438 καὶ
1466 396 1677 440 ἀντιθέτων
1700 404 1799 440 θεοῦ
1821 397 1915 440 ὖπο-

396 469 620 524 δειγμάτων.
687 473 742 526 Τῇ
773 465 845 522 γάρ
871 468 985 521 σαρκὶ
1008 471 1176 520 περιῆψε
1205 465 1251 506 τά
1271 464 1397 506 πάντα
1421 464 1539 506 δεινά.
1595 463 1644 506 Ἡ
1660 466 1752 521 σάρξ
1783 467 1823 507 δὲ
1844 464 1917 507 οῦκ

395 536 454 578 riez
474 533 537 590 ἧν,
569 534 645 578 ἀλλ’
665 537 704 577 ἐν
725 540 771 592 τῇ
791 536 880 592 ἕκτῃ
902 533 1026 591 ἡμέρα
1050 534 1116 588 της
1137 536 1404 587 κοσμοποιίας,
1435 538 1504 574 τοῦ
1522 532 1643 587 Ἀδάμ
1663 535 1917 582 πλασθέντος,

394 604 420 658 ή
445 604 540 659 σάρξ
564 606 691 646 ἔκτοτε
716 605 797 656 ἔσχε
821 602 892 656 τήν
919 601 1058 657 άρχήν,
1101 603 1202 655 φημὶ
1225 607 1292 655 τῆς
1316 602 1507 649 πλάσεως·
1545 603 1611 642 ἵνα
1633 603 1862 656 ἐλεγχθῶσιν
1882 603 1922 643 οἷ

393 674 564 728 λέγοντες
585 671 642 713 άεὶ
665 673 730 713 καὶ
749 673 786 721 ἐξ
809 669 927 725 ἀρχῆς
948 668 1044 711 εἶναι
1063 669 1104 712 τό
1131 669 1265 712 κακόν.
1318 671 1396 710 Καὶ
1416 668 1488 724 γάρ
1509 668 1598 711 οὔτε
1616 669 1718 719 ἐξότε
1739 668 1917 722 ἐπλάσθη

394 739 419 793 ή
441 740 534 796 σάρξ
557 740 745 794 ἥμαρτεν,
785 741 849 780 ἵνα
875 737 927 792 μὴ
950 736 971 780 ὁ
990 737 1157 792 πλάστης
1179 741 1301 786 αἴτιος
1322 743 1496 795 νομισθῇ
1520 735 1728 793 ἆμαρτίας,
1769 736 1918 786 πλάσας

395 808 520 860 σάρκα
547 806 798 863 άμαρτωλήν,
839 805 927 848 οὔτε
951 811 1175 861 προϋπῆρχε
1200 811 1270 848 τοῦ
1294 805 1516 859 πλάσματος
1539 804 1580 847 vd
1610 804 1743 847 κακόν.
1804 803 1918 846 Mero}

396 876 535 931 χρόνον
559 877 599 917 δὲ
623 878 663 918 ἐν
684 879 866 932 παρακοῇ
891 873 913 916 ό
930 873 1050 928 Ἀδάμ
1070 874 1254 930 γεγονώς,
1296 876 1391 928 ἔχων
1411 873 1453 916 τὸ
1478 872 1744 924 αὐτεξούσιον,
1783 890 1917 928 προαι-

394 946 492 1000 ρέσει
514 947 593 1001 ἰδία
615 942 680 996 ἐφ’
704 945 844 985 ἑαυτοῦ
865 942 933 996 τὴν
953 941 1140 996 ἁμαρτίαν
1161 944 1215 992 εἰς
1233 942 1370 984 ἑαυτὸν
1391 943 1617 994 διανοηθεὶς
1635 943 1785 997 ἔπραξε,
1817 943 1919 994 φημὶ

393 1014 434 1055 δὲ
462 1012 534 1066 τήν
560 1011 745 1065 ἀθέτησιν
776 1017 846 1053 τοῦ
870 1009 991 1053 αὐτοῦ
1015 1010 1204 1052 δεσπότου
1235 1010 1299 1052 διά
1321 1015 1389 1064 τῆς
1412 1015 1618 1066 παρακοῆς
1640 1008 1916 1063 ποιησάμενος.

397 1085 486 1122 Ποῦ
505 1083 635 1122 τοίνυν
656 1076 704 1133 ἧν
729 1078 770 1121 vd
793 1078 929 1130 κακόν,
960 1077 1078 1134 πρινή
1102 1078 1170 1132 τήν
1191 1078 1316 1134 σάρκα
1339 1077 1455 1129 εἶναι,
1504 1083 1600 1127 Πῶς
1622 1079 1663 1120 δὲ
1683 1076 1805 1126 εὕθὺς
1824 1083 1915 1118 πλα-

393 1155 532 1190 σθεῖσα
553 1147 599 1190 οὗ
625 1147 667 1190 τὸ
688 1147 810 1190 κακόν
831 1147 1053 1203 εἰργάσατο,
1085 1146 1179 1188 άλλᾶ
1199 1146 1323 1204 χρόνῳ
1348 1148 1564 1199 μετέπειτα,
1584 1145 1685 1202 ’Ἆρα
1708 1150 1805 1201 γοῦν
1826 1144 1918 1204 α’νῄ-

392 1235 504 1272 ρηται
535 1215 557 1258 ὁ
588 1218 676 1271 περὶ
709 1221 775 1269 τῆς
806 1219 944 1264 κακίας
979 1214 1097 1270 ἀρχῆς
1127 1214 1250 1270 λόγος.
1321 1213 1377 1256 Οὔ
1410 1214 1482 1270 γάρ
1519 1213 1676 1256 δύναται
1712 1212 1917 1269 άρχαῖζειν,

393 1284 527 1338 ἐπειδὴ
557 1286 598 1326 ἐν
626 1289 671 1342 τῇ
696 1285 806 1338 σαρκὶ
835 1289 880 1341 τῇ
905 1284 1198 1339 μεταγενεστέρᾳ
1222 1282 1264 1323 τὸ
1291 1286 1466 1338 γίνεσθαι
1491 1285 1563 1336 ἔχει
1586 1281 1611 1336 ἡ
1634 1286 1772 1334 κακία,
1813 1282 1840 1336 ἢ
1864 1282 1917 1336 μή

393 1357 579 1408 γίνεσθαι.
627 1354 706 1393 Καὶ
728 1350 815 1393 οὔτε
838 1349 862 1404 ή
883 1351 976 1407 σάρξ
996 1350 1112 1392 πάλιν
1130 1349 1445 1406 άκληρονόμητός
1463 1352 1540 1393 ἐστι
1562 1355 1639 1393 τῶν
1661 1353 1916 1406 ἐπουρανίων.

395 1423 472 1462 Καὶ
504 1419 556 1474 μή
588 1437 644 1469 τις
673 1419 837 1473 λάβηται
866 1424 935 1461 τοῦ
968 1417 1080 1474 άγίου
1107 1417 1325 1461 ἀποστόλου
1351 1418 1546 1469 εἰπόντος,
1588 1418 1696 1475 Σάρξ
1725 1420 1790 1461 καὶ
1821 1417 1917 1472 αἷμα

391 1492 586 1543 βασιλείαν
615 1492 715 1530 θεοῦ
746 1486 792 1529 οὕ
824 1486 1197 1541 κληρονομήσουσιν·
1240 1485 1287 1528 οὕ
1316 1486 1387 1542 γάρ
1421 1492 1552 1528 πᾶσαν
1582 1487 1706 1543 σάρκα
1738 1489 1915 1528 αἰτιᾶται.

394 1562 490 1606 Πῶς
510 1555 583 1612 γάρ
609 1556 877 1609 αἰτιαθήσεται
899 1554 1014 1611 σάρξ,
1055 1554 1080 1608 ή
1102 1554 1153 1609 μή
1176 1554 1353 1610 πράξασα
1375 1554 1422 1596 τά
1446 1557 1725 1611 προειρημένας
1773 1556 1850 1596 Καὶ
1877 1557 1914 1605 ἐξ

391 1627 528 1680 ἑτέρων
563 1625 604 1666 δὲ
634 1623 869 1674 ἀποδείξεων
898 1623 1133 1679 παραστήσω
1167 1622 1208 1665 τό
1242 1622 1484 1676 ζητούμενον.
1551 1627 1615 1673 Τίς
1643 1622 1738 1679 γάρ,
1782 1624 1914 1676 φησὶν,

389 1695 581 1749 ἐγκαλέσει
607 1691 702 1734 κατα
726 1694 911 1734 ἐκλεκτῶν
936 1696 1057 1742 θεοῦ,·
1105 1695 1199 1739 Πῶς
1228 1690 1275 1732 οῦ
1303 1691 1585 1747 κληρονομήσει
1605 1694 1746 1746 Μαρία
1776 1689 1802 1744 ἦ
1827 1689 1916 1747 ἁγία

391 1761 485 1815 μετά
510 1760 653 1816 σαρκός
673 1759 743 1813 τήν
764 1763 958 1813 βασιλείαν
980 1764 1056 1801 τῶν
1080 1758 1278 1814 οὐρανῶν,
1310 1758 1334 1813 ἡ
1359 1759 1411 1813 μὴ
1435 1759 1702 1814 πορνεύσασα,
1734 1758 1787 1813 μή
1810 1758 1912 1801 άσελ-

391 1829 558 1885 γήσασα,
591 1828 643 1882 μὴ
667 1834 927 1882 μοιχευθεῖσα,
958 1829 1078 1881 μηδέν
1102 1846 1135 1869 τι
1157 1833 1235 1869 τῶν
1256 1826 1476 1881 ἀνηκέστων
1498 1827 1642 1883 σαρκός
1667 1830 1789 1883 ἔργων
1808 1829 1915 1884 ἔργα·

390 1899 545 1951 σαμένη,
578 1895 669 1938 ἄλλα
691 1896 875 1951 ἄχραντος
895 1899 1074 1950 μείνασας
1123 1894 1206 1937 Οὔκ
1228 1895 1304 1951 ἄρα
1326 1899 1458 1938 τοίνυν
1477 1897 1565 1952 περὶ
1586 1895 1729 1952 σαρκός
1746 1897 1843 1951 λέγει
1863 1895 1914 1950 μή

389 1971 642 2021 κληρονομεῖν
673 1967 867 2018 βασιλείαν
894 1963 1091 2019 οὐρανῶν,
1134 1962 1224 2005 ἄλλα
1254 1965 1342 2020 περὶ
1367 1968 1563 2019 σαρκικῶν
1587 1963 1814 2020 α’νθρῶπων
1837 1970 1915 2007 τῶν

389 2033 435 2075 τά
462 2039 591 2086 φαῦλα
615 2032 678 2074 διά
701 2038 768 2086 τῆς
794 2031 936 2087 σαρκὸς
959 2031 1225 2088 πραττόντων,
1253 2032 1365 2074 ἅτινά
1389 2034 1466 2075 ἐστι
1493 2036 1671 2088 πορνεία,
1715 2035 1913 2076 εἰδωλολα-

388 2105 494 2156 τρία,
534 2103 598 2143 καὶ
625 2100 670 2142 τά
694 2100 845 2149 τούτοις
867 2100 993 2154 ὅμοια.
1056 2102 1133 2141 Καὶ
1155 2100 1369 2150 ἐξάπαντος
1390 2100 1606 2156 ἐλήλεγκταί
1628 2115 1699 2143 σου
1722 2099 1748 2154 ή
1770 2115 1912 2144 σκευω-

391 2173 474 2225 ρία,
506 2165 536 2211 ῶ
559 2172 755 2224 Μαρκίων
773 2170 1052 2223 πεπλανημένε,
1084 2174 1152 2222 τῆς
1174 2167 1359 2222 άληθείας
1380 2168 1505 2223 πάντη
1530 2168 1815 2226 προλαβούσης,
1847 2171 1913 2212 καὶ

390 2237 432 2279 τὸ
464 2237 617 2295 στερεόν
645 2242 716 2280 τοῦ
746 2236 991 2294 κηρύγματος
1020 2242 1087 2291 τῆς
1115 2242 1214 2291 ζωῆς
1243 2236 1559 2292 άσφαλιζομένης.

501 2509 614 2565 Σχόλ.
640 2509 676 2561 ζ’.
727 2511 778 2550 Οἱ
797 2509 837 2550 δὲ
858 2514 927 2550 τοῦ
954 2513 1125 2563 Χριστοῦ
1146 2509 1217 2563 τήν
1237 2509 1361 2565 σάρκα
1381 2508 1624 2566 ἐσταύρωσαν
1646 2508 1716 2551 σῦν
1737 2515 1818 2559 τοῖς
1839 2528 1910 2552 πα-

391 2578 543 2632 θήμασι
573 2580 640 2620 καὶ
668 2583 751 2626 ταῖς
780 2579 1017 2630 ἐπιθυμίαις.

491 2646 643 2702 ”Ελεγχ.
669 2645 707 2697 ζ’.
751 2648 806 2687 Εἰ
831 2644 1077 2699 ἐσταύρωσαν
1103 2645 1171 2699 τήν
1197 2645 1321 2701 σάρκα
1351 2648 1390 2688 οἱ
1410 2650 1477 2687 τοῦ
1509 2651 1700 2702 Χριστοῦ,
1742 2641 1772 2687 ῶ
1793 2651 1908 2702 Μαρ-

390 2718 498 2766 κίων,
528 2718 646 2768 δῆλον
665 2710 713 2767 ἧν
733 2713 792 2755 ὅτι
812 2716 851 2755 οἱ
868 2717 937 2755 τοῦ
960 2718 1130 2768 Χριστοῦ
1152 2717 1283 2756 δοῦλοι
1303 2714 1374 2756 σῦν
1394 2719 1477 2762 ταῖς
1495 2715 1722 2767 ἐπιθυμίαις
1741 2715 1807 2755 καὶ
1829 2721 1909 2764 τοῖς

392 2781 598 2836 παθήμασι
615 2780 797 2837 καθαράν
816 2780 886 2836 τὴν
906 2780 1031 2837 σάρκα
1050 2780 1266 2833 ἀπέδειξαν,
1288 2784 1355 2824 καὶ
1377 2781 1611 2836 ἐμιμήσαντο
1631 2780 1698 2823 τᾶν
1722 2781 1906 2837 Χριστόν,

393 2853 581 2900 δείξαντες
603 2848 722 2892 αὐτόν
744 2849 867 2905 σάρκα
887 2851 1177 2905 ἐσταυρωκέναι.
1228 2849 1301 2893 Διὸ
1321 2852 1388 2893 καὶ
1408 2848 1519 2892 αὐτοὶ
1540 2849 1587 2891 τά
1609 2851 1672 2891 ἴσα
1692 2855 1746 2907 τῷ
1766 2849 1906 2893 δεσπό-

390 2936 436 2976 τῃ
472 2917 601 2960 αὐτῶν
633 2917 894 2973 φρονήσαντες
925 2917 994 2971 τήν
1027 2917 1152 2973 σάρκα
1182 2918 1437 2974 ἐσταύρωσαν.
1505 2919 1585 2959 Καὶ
1615 2919 1650 2960 εἰ
1679 2917 1749 2972 τήν
1783 2920 1907 2974 σάρκα

435 3009 488 3044 94.
514 3007 535 3045 ἃ
558 3010 705 3054 προλέγω
730 3006 824 3053 ὑμῖν,
849 3008 964 3049 καὶὲὠς
985 3009 1042 3044 καὶ
1065 3015 1129 3044 cett.
1151 3014 1238 3052 plene
1260 3022 1366 3052 supra.
