2034 3267
492 186 669 218 PANARII
690 186 772 219 LIB.
792 188 816 220 Ι.
841 187 947 220 ΤΟΜ.
968 188 1025 219 111.
1051 187 1180 219 HAER.
1202 188 1308 220 XLII.
1579 183 1649 221 651

141 265 398 306 testimonium
422 264 646 316 obfirmasti,
680 274 721 306 ut
743 267 803 306 vel
825 267 1044 321 imprudens
1068 267 1296 307 confiterere
1318 266 1470 323 Moysis
1493 269 1613 323 legem
1638 285 1659 309 a

140 334 211 373 deo
241 333 474 382 derivatam,
521 333 592 373 hoc
623 334 705 388 ipso
736 335 856 388 quod,
901 338 943 373 In
975 337 1055 385 lege
1081 337 1219 382 Masis,
1263 336 1481 390 scripseris.
1545 335 1656 386 Item,

137 404 219 440 Leoe
242 403 343 439 dicit.
409 401 674 455 Adstipulatur
699 403 798 441 enim
831 411 869 441 ct
895 402 1089 456 apostolus
1118 409 1251 456 postea
1277 403 1509 444 subiiciens:
1542 407 1658 443 Num-

137 471 228 520 qnz'd
257 471 300 507 de
331 470 442 507 bobus
473 484 563 507 eura
593 477 649 508 est
671 472 765 508 deo?
822 473 885 508 An
901 477 1058 520 propter
1078 485 1146 508 nos
1169 473 1293 521 utique
1314 473 1432 509 dicit?
1491 471 1602 524 Quod
1627 472 1657 512 si

136 543 292 590 propter
317 537 511 591 apostolos
537 544 610 576 tam
634 536 698 576 lex
724 550 833 589 quain
867 535 928 589 qui
962 537 996 575 in
1023 537 1107 589 lege
1133 537 1280 577 locutus
1305 545 1363 578 est
1386 540 1479 579 deus
1504 540 1577 579 ista
1604 539 1657 578 di-

135 611 301 654 xerunt,
347 612 506 658 uterque
536 605 710 658 profecto
736 604 995 658 apostolorum
1023 602 1167 644 Christi
1192 619 1320 644 curam
1348 606 1529 661 suscipit,
1573 609 1658 646 (luni

136 671 211 711 illis
236 686 278 711 os
302 672 447 725 alligari
470 671 667 725 prohibet,
701 671 783 711 sive
805 685 825 711 a
851 672 1102 725 praedicanda
1124 669 1269 712 Christi
1289 673 1461 713 doctrina
1487 675 1658 728 impediri

137 746 264 789 vetat,
310 740 393 779 sive
420 739 637 793 quotidiana
660 739 752 793 ipsis
779 739 958 778 alimenta
985 739 1219 793 suppeditari
1245 741 1467 795 populorum
1493 742 1658 782 liberali—

138 813 213 847 tate
239 806 435 861 praecipit.
498 804 629 860 ltaque
656 820 726 846 nec
750 807 895 846 alienos
920 820 941 845 a
967 806 1165 846 divinitate
1191 821 1260 847 sua
1285 809 1479 862 apostolos
1506 810 1566 850 ille
1591 825 1658 864 pu-

137 881 211 925 tat,
257 888 327 914 nec
360 874 420 914 isti
447 873 609 913 alienuni
634 873 756 927 ipsum
790 888 875 913 esse
902 880 1089 914 statuunt.
1151 874 1215 914 Ex
1247 875 1317 916 hoc
1349 890 1441 916 vero
1469 878 1658 918 coinmuni

137 942 311 982 omnibus
338 941 559 981 testimonio
583 941 637 981 sic
662 941 805 995 colligit
829 942 1048 995 apostolus:
1081 944 1272 994 Numquid
1293 946 1337 982 de
1360 945 1471 983 bobus
1492 960 1583 984 eura
1607 954 1661 984 est

134 1013 229 1049 deo?
286 1007 363 1049 Sed
387 1015 542 1063 propter
564 1010 759 1063 apostolos
783 1009 894 1049 dixit.
952 1007 1084 1063 Quare
1106 1010 1138 1050 si
1161 1017 1314 1064 propter
1334 1012 1528 1066 apostolos
1550 1027 1660 1052 usur-

136 1077 252 1132 pavit,
287 1077 477 1116 homiuum
502 1091 615 1131 porro
639 1078 900 1131 pecudumque
925 1078 1100 1117 conditor
1121 1085 1194 1128 est,
1230 1092 1249 1118 e
1274 1079 1408 1132 quibus
1432 1079 1550 1120 boves
1573 1089 1660 1120 sunt

135 1160 179 1186 ac
202 1159 403 1200 passeres,
437 1152 658 1198 serpentes,
693 1145 854 1195 bestiae,
889 1145 1029 1200 pisces,
1064 1146 1348 1200 animantiaque
1376 1147 1536 1201 reliqua,
1571 1163 1659 1188 con—

135 1228 302 1267 sequens
337 1220 396 1252 est
432 1226 560 1252 curam
595 1213 698 1253 illuni
733 1212 899 1253 oiiiniuiii
934 1227 1003 1267 pro
1035 1213 1217 1267 cuiusque
1255 1214 1405 1256 ratione
1439 1229 1656 1270 capessere.

133 1280 236 1322 Nam
267 1288 303 1321 et
336 1281 603 1321 universorum
637 1282 669 1320 ei
698 1295 828 1320 curam
859 1295 947 1321 esse
974 1280 1067 1321 satis
1099 1295 1150 1321 ex
1180 1296 1226 1321 eo
1258 1283 1356 1336 quod
1388 1284 1568 1338 scriptum
1602 1292 1660 1324 est

138 1349 375 1389 ostenditur:
408 1337 580 1388 Homines
600 1357 637 1387 et
656 1352 815 1388 iumenta
838 1350 1018 1396 salvabis,
1054 1352 1208 1388 domine.
1275 1349 1368 1390 Item
1393 1365 1443 1391 ex
1465 1366 1534 1391 eo:
1571 1354 1659 1402 Quis
1672 1362 1862 1398 Psalmssssss.

134 1420 235 1456 dedit
249 1432 357 1456 corvo
377 1419 494 1456 eiham
509 1422 527 1456 ἴ)
556 1424 614 1457 et:
639 1419 742 1455 Pulla·
757 1432 948 1456 corvorum
966 1420 1016 1456 ad
1030 1420 1213 1456 dominam
1235 1420 1398 1458 clamant
1414 1421 1513 1458 eibos
1527 1428 1657 1471 posin·
1676 1408 1800 1480 Issgz'lffi'
1820 1409 1845 1436 3.

135 1488 277 1533 lantes,-
312 1492 371 1525 et:
409 1487 520 1524 Dabis
541 1493 781 1537 opporlnnam
801 1500 919 1524 escam
942 1487 1119 1524 omnibns.
1183 1485 1322 1540 Neque
1344 1500 1437 1527 vero
1461 1487 1598 1527 bovuin
1621 1487 1658 1527 iii
1680 1488 1736 1522 ¹¹⁶2
1757 1489 1781 1515 ⁹-

331 1553 337 1560 .
474 1553 481 1559 .
688 1555 694 1559 .
755 1552 763 1560 .
859 1553 866 1560 .
931 1553 938 1559 .
1096 1554 1103 1560 .
1189 1554 1195 1561 .
1226 1554 1233 1561 .
1414 1555 1420 1561 .
1606 1556 1612 1562 .
1677 1532 1788 1559 Psalm-

139 1553 360 1593 obterendis
384 1554 555 1607 frugibus
577 1553 763 1606 obstringi
785 1560 962 1607 capistris
985 1568 1052 1593 ora
1073 1554 1297 1608 simpliciter
1315 1555 1504 1608 probibet.
1549 1555 1658 1596 Alio·
1679 1567 1737 1602 1⁴4,
1757 1568 1795 1595 15.

138 1621 200 1675 qui
221 1621 332 1661 deum
353 1621 516 1661 conditis
538 1635 557 1660 a
580 1635 622 1661 se
642 1620 896 1661 animantibus
918 1621 1104 1676 praebere
1126 1621 1302 1662 aliuienta
1327 1637 1400 1662 non
1423 1637 1534 1677 posse
1556 1638 1662 1663 mon-

135 1696 300 1738 straret,
346 1703 469 1742 neque
495 1689 605 1729 aliter
632 1703 742 1743 quani
769 1703 839 1743 ope
865 1689 1056 1729 hoiiiinuni
1083 1697 1121 1729 et
1145 1690 1289 1730 auxilio
1315 1704 1495 1744 pecorum
1523 1691 1659 1746 pabulo

138 1756 356 1811 providere.
406 1755 482 1796 Sed
505 1757 594 1796 illud
617 1757 811 1812 apostolus
833 1757 1016 1807 declarat,
1046 1772 1121 1797 uon
1144 1758 1373 1798 cibariorum
1394 1759 1524 1813 inopia
1546 1760 1656 1799 deuui

136 1825 257 1865 bubus
289 1824 446 1865 triturae
481 1832 651 1880 tempore
683 1825 896 1865 consultum
931 1825 1098 1865 voluisse
1132 1833 1244 1879 atque
1275 1826 1435 1880 obligari
1471 1828 1655 1878 vetuisse,

136 1907 270 1933 verum
302 1893 372 1932 hoc
403 1893 578 1947 aenigma
610 1900 728 1933 totuin
761 1893 805 1933 ad
832 1893 1025 1947 apostolos
1052 1893 1210 1947 quadani
1238 1894 1457 1934 habitudine
1486 1896 1657 1935 referen-

137 1961 239 2001 dum.
301 1961 355 2001 At
379 1975 472 2001 vero
494 1961 621 2001 iiifiina
640 1961 783 2011 omnia,
817 1975 914 2015 quae
936 1975 1053 2001 sensu
1076 1961 1217 2016 percipi
1240 1970 1421 2016 possunt,
1456 1964 1549 2004 deus
1572 1978 1659 2018 pro-

135 2029 304 2069 videntia
338 2043 407 2069 sua
439 2029 726 2084 complectitur,
769 2037 805 2069 et
836 2030 1105 2070 universorum
1141 2044 1271 2070 euram
1307 2031 1453 2084 pariter
1482 2032 1655 2084 suscipit.

136 2096 227 2137 Nou
250 2097 349 2137 enini
374 2097 555 2137 salvatori
576 2097 768 2137 contraria
793 2098 947 2153 scripsit
968 2098 1179 2152 apostolus,
1214 2105 1253 2138 ut
1276 2098 1372 2138 hanc
1394 2099 1465 2138 sibi
1490 2099 1659 2152 plerique

138 2165 403 2205 excusationis
428 2165 612 2205 latebram
641 2173 841 2219 quaerant.
905 2165 1056 2206 Etenim
1085 2166 1198 2219 longe
1223 2166 1343 2206 bubus
1369 2166 1538 2207 minores
1569 2174 1658 2207 sunt

138 2247 341 2288 passeres,
386 2233 430 2272 de
463 2232 597 2286 quibus
628 2247 648 2272 a
679 2233 873 2274 salvatore
909 2234 1047 2274 dictum
1079 2241 1160 2274 est:
1207 2237 1371 2286 Quinque
1395 2249 1567 2286 passeres
1598 2250 1657 2274 ve-
1676 2246 1842 2280 Luc.12,fi.

138 2309 254 2341 neunt
277 2304 472 2353 dupondio.
536 2299 587 2340 Et
623 2315 796 2342 rursum:
839 2305 969 2341 Nonne
997 2305 1069 2341 dno
1094 2317 1264 2354 passeres
1293 2317 1375 2341 asse
1405 2312 1578 2351 veneunt,
1622 2313 1658 2343 et
1675 2314 1784 2342 Matth.

138 2385 233 2410 unus
262 2386 310 2408 er
330 2372 419 2421 ipsis
444 2383 515 2408 non
536 2372 641 2408 cadet
671 2372 707 2408 in
732 2372 898 2422 laqueum
919 2374 997 2409 sine
1011 2379 1122 2422 patre
1145 2378 1264 2409 vestro
1295 2374 1362 2422 qni
1379 2374 1415 2409 in
1439 2373 1550 2410 eoelz's
1573 2378 1656 2411 est?
1682 2350 1724 2383 ω’
1741 2349 1784 2376 29.

137 2436 205 2480 Sic
224 2438 341 2492 igitur
364 2436 541 2477 universa
564 2437 657 2477 deus
678 2438 915 2492 providentia
937 2453 1005 2479 sua
1026 2439 1228 2492 gubernat.
1272 2436 1381 2490 Quae
1402 2452 1495 2478 vero
1513 2440 1657 2479 maiora

137 2513 247 2557 sunt,
289 2505 423 2545 altiore
448 2505 604 2558 quadani
627 2519 718 2545 cura
742 2513 779 2546 et
801 2507 985 2560 spiritali,
1029 2521 1126 2561 quae
1151 2507 1298 2546 illorum
1325 2513 1496 2546 naturam
1521 2521 1656 2547 conse-

138 2575 288 2628 quitur,
332 2572 586 2613 administrat.
651 2570 963 2615 Concludenduui
995 2575 1111 2628 igitur
1142 2581 1199 2614 est
1231 2575 1391 2614 eundem
1419 2574 1655 2615 conditorem

139 2649 175 2682 et
207 2641 379 2697 opificem
408 2655 451 2680 ac
482 2640 738 2694 legislatorem
770 2655 858 2682 esse
889 2643 1033 2683 veteris
1065 2657 1107 2682 ac
1138 2642 1227 2682 novi
1260 2642 1500 2693 testamenti,
1544 2644 1655 2684 deum

138 2709 302 2760 bonum,
340 2717 378 2750 et
406 2709 570 2758 iustuiii,
606 2709 946 2765 universorumque
978 2711 1186 2751 doininuni.

181 2811 233 2844 22.
257 2813 342 2844 Libri
373 2812 481 2842 habent
511 2808 808 2853 ἐπικουρουμένους.
832 2831 872 2836 -
963 2810 1016 2846 24.
1043 2814 1139 2844 Verba
1169 2811 1214 2844 E?
1244 2803 1298 2844 miv
1322 2809 1382 2846 δύο
1408 2811 1564 2852 enovata
1587 2825 1655 2846 πω-

136 2858 198 2889 Pro
218 2855 369 2901 κτήνεσιν
393 2860 424 2888 in
448 2857 512 2888 cod.
535 2857 660 2896 Rhediy.
693 2860 776 2888 extat
806 2857 873 2890 κτί-
919 2861 1020 2892 λεῖταν.
1045 2854 1203 2899 ἀσσαρίου
1228 2855 1320 2896 ἑνὸς,
1344 2867 1421 2897 quae
1446 2859 1657 2890 desiderantur

141 2912 239 2935 σεσιν.
916 2906 949 2935 in
982 2905 1069 2935 editis
1097 2907 1123 2934 et
1154 2905 1185 2934 in
1214 2903 1280 2933 cod.
1299 2903 1445 2942 Rhedi9.‚
1478 2906 1595 2935 restitui
1619 2914 1656 2935 ea:

182 2946 235 2979 23.
259 2945 351 2981 κάτω
366 2949 506 2987 rescripsi
523 2957 592 2978 cum
604 2949 731 2979 Pelavio
741 2957 798 2988 pro
813 2959 869 2981 κα·
918 2951 1095 2981 auctoritate
1118 2949 1183 2979 cod.
1206 2948 1356 2979 Vaticani.

137 2989 179 3026 τὰ
201 2989 259 3033 τὸ,
283 2995 364 3032 quod
387 2994 456 3024 libri
477 2994 614 3024 retinent.
