2034 3267
439 183 615 215 PANARn
641 185 722 216 Lm.
739 185 762 216 1.
788 185 968 217 T0M.1n.
995 186 1124 217 HAER.
1142 187 1308 218 xxxiv.
1553 180 1631 219 465

110 265 257 319 tiplices
282 277 468 303 annorum
492 277 672 304 numeros
695 265 962 305 aeternitatem
986 265 1087 305 illam
1113 266 1379 316 distribuisse,
1415 265 1634 306 existimas-

110 346 230 387 seque
260 346 375 386 posse
413 345 454 371 se
493 338 704 386 temporum
741 340 971 373 coacervata
1001 333 1241 373 multitudine
1274 334 1375 374 illins
1408 333 1634 374 infinitatem

110 400 284 454 adipisci.
339 398 406 439 Ex
431 413 503 453 qno
529 400 666 439 sactum
690 400 779 439 illud
801 400 1052 450 arbitrantur,
1084 408 1122 440 nt
1145 416 1228 441 cum
1249 402 1282 441 ei
1304 415 1345 441 se
1371 401 1524 442 Veritas
1547 402 1635 442 sub-

112 467 320 516 traxisset,
353 474 512 521 repente
538 467 588 507 sit
614 468 758 507 salsitas
785 475 1009 508 consecuta.
1072 466 1242 522 Ideoque
1267 470 1466 524 completis
1491 477 1636 525 tempo-

110 535 216 575 ribus
246 534 348 576 illius
380 549 474 590 opus
506 549 592 575 esse
624 535 866 575 solvendum.

227 601 323 644 Cum
357 603 452 643 llaec
485 603 601 657 igitur
634 603 684 642 sit
715 603 864 642 illorum
900 603 945 642 de
980 603 1177 643 creatione
1209 605 1423 655 sententia,
1471 606 1638 659 quotidie
1665 613 1744 657 Cap.
1766 615 1842 648 XV.

113 678 238 711 tamen
271 671 436 725 singuli,
481 677 593 726 prout
625 670 785 724 quisque
820 676 969 724 potest,
1017 671 1106 711 novi
1138 671 1277 725 aliquid
1309 673 1555 726 excogitant,
1601 682 1641 715 ut

111 753 224 779 nemo
251 739 301 780 sit
323 739 424 779 inter
448 752 516 778 eos
543 738 705 791 denique
732 739 923 791 perfectus
948 737 1011 792 qni
1036 753 1110 778 non
1134 739 1286 792 insigne
1312 741 1462 794 aliquod
1484 742 1640 782 menda-

112 807 212 847 cium
244 807 349 847 velut
383 807 543 847 fructum
574 807 759 860 proferat.
821 804 938 845 Nunc
970 820 1067 860 quae
1100 820 1147 846 ex
1179 807 1446 861 prophetarum
1473 810 1640 849 oraculis

112 876 157 916 ad
181 889 271 916 suos
295 888 433 915 sensus
459 873 751 913 accommodare
780 873 999 913 testimonia
1028 874 1169 925 solent,
1204 877 1538 916 commemoranda
1567 878 1642 931 pri-

113 959 238 994 mum,
283 943 418 983 deinde
446 941 651 981 refellenda
679 948 782 981 sunt.
844 939 1007 996 Moyses
1034 942 1158 993 enim,
1200 943 1375 997 inquiunt
1399 945 1436 984 in
1459 945 1542 999 ipso
1567 952 1643 985 sta—

113 1013 179 1052 tim
204 1012 332 1066 operis
355 1011 481 1059 aditu,
514 1023 588 1063 qno
613 1009 657 1049 de
682 1023 811 1049 rerum
838 1009 1035 1049 creatione
1060 1010 1247 1065 disputat,
1283 1012 1449 1052 omnium
1479 1011 1641 1053 Matrem

114 1085 411 1128 commemorat,
446 1077 502 1117 his
526 1077 680 1118 verbis:
723 1081 767 1116 In
785 1081 973 1130 principio
995 1082 1137 1118 creavit
1157 1082 1245 1118 deus
1267 1083 1405 1119 coelum
1429 1089 1467 1120 et
1485 1089 1636 1120 terram.
1662 1092 1735 1120 Gen.
1755 1095 1779 1129 1,
1798 1095 1821 1121 1.

114 1146 188 1189 Ubi
214 1162 299 1187 cum
324 1152 488 1200 quatuor
510 1144 584 1185 ista
610 1145 840 1195 nominarit,
875 1146 1009 1197 deum,
1043 1146 1292 1201 principium,
1327 1149 1475 1189 coelum
1503 1164 1546 1189 ac
1567 1157 1644 1190 ter—

116 1231 218 1265 ram,
262 1228 369 1255 suam
401 1221 582 1254 asserunt
614 1214 931 1267 comprehensam
966 1228 1053 1255 esse
1083 1214 1306 1256 Tetradem.
1370 1214 1482 1269 Quod
1517 1224 1645 1257 antem

116 1283 264 1324 occulta
288 1282 419 1322 eadem
441 1281 505 1322 illa
529 1295 600 1321 nec
621 1281 867 1336 aspectabilis
888 1283 937 1322 sit
959 1283 995 1322 id
1017 1283 1268 1337 sequentibus
1291 1284 1421 1325 verbis
1443 1285 1640 1340 attigisse:

121 1354 235 1391 Terra
259 1358 379 1389 autem
410 1358 493 1389 erat
514 1351 711 1389 inmsibilzzc
741 1358 779 1389 et
804 1352 986 1404 euformis.
1053 1349 1270 1391 Secundam
1297 1366 1391 1392 vero
1416 1351 1642 1405 Tetradem,

115 1419 177 1473 qui
204 1418 344 1473 prioris
370 1425 430 1458 est
455 1418 577 1468 fetus,
621 1417 677 1458 sic
702 1416 869 1473 Moysen
894 1419 1139 1473 expressisse
1162 1420 1380 1470 declarant,
1424 1435 1506 1461 cum
1532 1421 1646 1476 abys-

114 1501 196 1527 sum
229 1493 267 1527 ct
293 1486 496 1536 tenebras,
539 1500 675 1540 aquam
709 1493 823 1540 atque
853 1487 1094 1527 incubantem
1128 1488 1236 1541 aquis
1268 1488 1443 1543 spiritum
1473 1490 1647 1530 nomina-

114 1555 184 1595 vit.
245 1552 389 1595 Postea
411 1552 581 1594 Decadis
603 1568 754 1608 quoque
780 1554 1011 1594 mentionem
1031 1554 1170 1595 ibidem
1196 1556 1299 1607 fieri,
1333 1571 1416 1596 cum
1441 1557 1531 1607 lux,
1565 1557 1647 1598 dies

116 1630 155 1663 et
179 1637 274 1674 nox,
308 1622 605 1672 firmamentum,
638 1636 819 1676 vespera,
853 1636 979 1673 mane,
1013 1623 1142 1673 arida,
1176 1638 1304 1674 mare,
1339 1624 1479 1676 herba,
1512 1639 1556 1665 ac
1583 1626 1647 1666 de-

117 1691 216 1731 cimo
240 1690 393 1730 tandem
416 1690 502 1730 loco
525 1690 669 1743 lignum
691 1691 930 1745 proponitur.
994 1690 1066 1731 His
1089 1691 1189 1731 enim
1211 1692 1409 1732 vocabulis
1431 1693 1562 1733 decem
1589 1701 1647 1733 to-

119 1758 234 1799 tidem
257 1758 417 1799 Aeones
444 1758 622 1812 intelligi.
685 1757 785 1798 Nam
813 1757 1030 1798 Dodecadis
1061 1758 1136 1799 vim
1170 1759 1241 1799 hoc
1268 1760 1369 1800 illum
1397 1761 1648 1802 adumbrasse

118 1827 231 1867 modo
259 1826 445 1866 sentiunt.
508 1824 660 1880 Quippe
688 1826 808 1866 solem
840 1834 879 1866 et
903 1827 1051 1876 lunam,
1087 1827 1237 1877 sidera,
1274 1835 1546 1882 tempestates,
1580 1844 1648 1870 an-

118 1909 213 1946 nos,
247 1901 354 1945 cete,
389 1894 538 1949 pisces,
573 1894 746 1949 reptilia,
784 1894 986 1954 volucres,
1020 1896 1307 1950 quadrupedes,
1342 1898 1467 1947 feras,
1508 1911 1552 1938 ac
1582 1913 1648 1953 po-

118 1969 263 2004 stremo
289 1963 375 2003 loco
403 1961 664 2002 duodecimum
693 1962 882 2003 hominem
912 1963 1184 2018 proposuisse,
1227 1978 1349 2018 eoque
1375 1966 1486 2005 modo
1510 1965 1646 2006 Trice-

119 2031 270 2072 narium
301 2045 322 2070 a
354 2028 496 2085 Moyse
529 2038 867 2071 commemoratum
900 2030 1141 2072 existimant.
1212 2031 1417 2073 Hominem
1453 2048 1567 2087 porro
1602 2035 1649 2074 ad

119 2113 321 2154 supremae
349 2099 500 2139 virtutis
528 2098 727 2153 exemplat·
754 2099 915 2139 effictum
942 2106 1161 2140 manantem
1196 2100 1241 2140 ab
1273 2116 1348 2141 uno
1377 2102 1481 2141 sonte
1507 2102 1582 2141 vim
1609 2102 1648 2141 in

120 2181 208 2208 sese
232 2167 456 2217 continere,
491 2180 650 2220 eamque
674 2167 711 2206 in
735 2168 896 2207 cerebro
919 2168 1141 2208 collocatam
1164 2183 1273 2219 esse,
1308 2184 1329 2209 a
1352 2184 1425 2222 quo
1448 2170 1647 2210 facultates

122 2243 285 2290 quatuor
305 2237 500 2290 profectae
523 2235 731 2275 coelestem
754 2235 856 2276 illam
877 2235 1084 2276 Tetradem
1109 2236 1351 2277 adumbrant.
1400 2235 1501 2277 Sunt
1521 2244 1647 2277 autem

121 2304 214 2345 hae:
256 2303 388 2354 visus,
432 2303 604 2353 auditus,
647 2303 809 2344 olfactus
842 2311 879 2344 et
905 2312 1055 2358 gustus.
1118 2302 1342 2358 Ogdoadem
1368 2318 1462 2344 vero
1488 2305 1544 2345 sie
1566 2303 1648 2345 Ho-

121 2373 263 2413 minem
287 2373 436 2412 referre
462 2378 657 2412 statuunt:
692 2373 789 2425 quod
815 2379 854 2412 et
877 2386 991 2413 aures
1015 2373 1108 2413 duas
1133 2372 1291 2422 habeat,
1326 2372 1535 2426 oculosque
1561 2372 1648 2413 toti-

123 2441 234 2491 dem,
279 2454 393 2481 nares
418 2440 507 2480 item
533 2440 577 2480 ad
602 2440 857 2480 olfaciendum
884 2441 997 2491 duas,
1041 2455 1084 2481 ac
1109 2440 1295 2495 duplicem
1318 2447 1494 2494 gustum,
1529 2441 1648 2482 amari

122 2544 292 2582 Epiphania·
314 2544 408 2575 libris.
910 2555 960 2576 τα.
997 2545 1057 2576 Sed
1076 2545 1107 2574 in
1126 2544 1191 2574 cod.
1207 2544 1334 2582 Rhetliy.
1350 2541 1566 2583 τριακοντάδα
1581 2546 1648 2584 pri-

167 2587 198 2621 7.
221 2587 255 2619 in
279 2587 393 2630 quibus
418 2589 514 2620 versio
538 2591 580 2619 est
603 2589 740 2627 antiqua.
910 2591 1002 2620 milus
1023 2590 1117 2628 fuisse
1138 2598 1251 2619 rasura
1274 2589 1400 2619 indicat.

170 2634 200 2665 ὃ.
225 2633 300 2675 φῶς
323 2634 412 2664 codd.
435 2635 529 2664 Vatic.
557 2634 676 2672 Venct.,
701 2636 727 2664 et
749 2634 794 2664 ed.
810 2635 867 2665 Pe·
958 2636 1008 2666 12.
1032 2631 1143 2676 πηγήν
1173 2631 1309 2674 δύναμιν
1343 2635 1431 2665 codd.
1457 2636 1527 2665 Ven.
1554 2636 1648 2666 Vatic.

126 2681 187 2709 ιαυ.
205 2688 275 2709 cum
295 2679 535 2718 Vet.1nterprete.
575 2678 692 2719 σαφῶς
711 2679 866 2710 coctam·
912 2681 945 2711 ln
967 2681 1092 2719 reliquis
1115 2681 1200 2709 libris
1221 2680 1318 2709 sotum
1342 2677 1452 2720 πηγὴν
1476 2683 1569 2710 extat.

124 2723 187 2763 «119.
209 2727 236 2754 et
257 2725 302 2755 ed.
323 2725 423 2762 princ.
961 2724 1008 2756 13.
1032 2721 1156 2765 ταύτην
1181 2725 1269 2754 codd.
1290 2726 1384 2754 Venet.
1407 2726 1500 2755 Vatic.
1547 2726 1584 2756 Et
1605 2728 1648 2757 ita

169 2767 200 2799 9.
224 2766 261 2802 τὸ
287 2764 379 2807 ξύλον
411 2770 478 2800 cod.
502 2769 571 2800 Ven.
599 2770 694 2799 Vatic.
738 2770 773 2800 In
795 2770 866 2800 reli-
905 2771 1050 2808 primitus
1078 2772 1170 2800 etiam
1197 2771 1227 2800 in
1257 2770 1471 2809 cod.Rhed1'9.
1502 2773 1650 2810 scriptum

126 2814 193 2852 quis
215 2815 301 2845 libris
324 2815 474 2845 articulus
496 2823 556 2845 non
580 2816 744 2852 comparet.
909 2816 1001 2854 fuisse
1020 2816 1140 2846 videtur
1155 2823 1212 2853 pro
1232 2814 1348 2853 ταῦτα,
1367 2823 1444 2854 quae
1462 2816 1589 2855 vulyata
1607 2819 1650 2847 est

174 2857 224 2889 10.
247 2859 295 2890 Ita
317 2860 500 2899 corriyeucta
523 2861 609 2890 erant
632 2868 669 2889 ex
694 2859 756 2889 Vel.
773 2859 866 2890 Inter·
908 2861 1054 2891 librorum
1077 2861 1241 2898 scriptura.

124 2905 207 2942 prete
233 2905 327 2935 verba
354 2913 433 2944 quae
459 2905 552 2944 vul9o
573 2905 715 2943 leguntur
736 2900 865 2937 πετεινά
957 2902 1007 2937 14.
1032 2903 1159 2948 ἔχοντος
1182 2905 1432 2944 emendationem,
1453 2915 1547 2944 quam
1566 2910 1647 2938 stru-

126 2957 187 2980 που
209 2951 287 2985 τοῖς.
909 2953 995 2981 θωνα
1011 2951 1156 2990 postulat,
1176 2950 1279 2988 firmat
1300 2950 1359 2980 Vel.
1374 2951 1531 2989 Interpres.
1575 2952 1647 2982 Vul-

174 2991 224 3024 11.
247 2994 414 3033 Epiphanii
430 2995 498 3025 libri
513 2995 622 3025 habeut
640 2991 701 3035 τὴν
721 2990 866 3035 τριάκον·
907 3005 945 3034 9⁰
970 2992 1112 3038 ἔχοντας.

197 3044 310 3081 Corpus
329 3046 505 3075 Haereseol.
523 3046 559 3074 u.
1327 3053 1379 3094 30
