2034 3267
459 175 636 207 PANARH
661 176 742 208 LIB.
764 178 784 208 t.
809 176 915 208 ΤοΜ.
931 177 985 208 111.
1011 175 1319 207 HAER.XXX1V.
1565 166 1647 205 449

130 254 244 294 tionis
266 254 469 304 indicium,
502 262 543 294 ut
564 255 742 295 coelestis
765 256 890 296 anima
914 256 1011 309 quod
1031 255 1103 295 sibi
1125 261 1325 309 cognatum
1352 260 1411 294 est
1433 266 1649 307 agnoscens

129 322 397 377 opitulatorem
427 322 639 363 submittat.

241 389 301 430 Dc
333 398 412 430 toto
438 390 554 444 igitur
578 392 642 431 illo
670 392 847 441 nomine,
888 391 986 444 quod
1012 388 1140 430 XXX
1163 404 1215 430 ex
1240 390 1361 430 literis
1389 389 1643 444 componitur,
1673 392 1849 434 Cap.V111.

129 457 256 513 Bytho
288 458 349 512 qui
382 459 475 497 iisce
505 473 557 498 ex
582 459 704 499 literis
730 459 1006 499 incrementum
1033 458 1154 512 capit,
1200 472 1270 497 nec
1301 472 1375 498 non
1403 465 1442 498 et
1464 457 1649 499 Veritatis

129 540 290 581 corpore
315 527 496 567 membris
517 534 719 567 constante
743 526 941 566 duodecim
958 556 968 575 ,
997 540 1156 579 quorum
1179 526 1328 579 singula
1353 525 1497 565 duabus
1524 541 1543 566 e
1567 526 1650 566 lite-

127 595 182 634 ris
207 594 370 634 conflata
395 601 505 644 sunt,
538 594 732 648 ipsiusque
756 608 852 633 voce
878 607 989 647 quam
1014 593 1168 633 minime
1192 594 1375 647 eloquens
1399 601 1458 634 est
1483 594 1647 644 elocuta,

130 669 205 702 tum
233 662 278 702 de
302 663 456 702 minime
480 661 615 716 prolati
640 661 875 701 resolutione
901 661 1081 711 nominis,
1114 675 1159 700 ac
1185 662 1230 701 de
1252 659 1388 701 Mundi
1411 668 1449 701 et
1474 661 1650 701 Hominis

129 729 278 780 anima,
313 738 500 784 quatenus
526 731 569 769 ad
597 729 882 769 similitudinem
909 742 1095 783 expressa
1119 728 1382 782 providentiae
1410 730 1650 770 administra-

130 798 300 852 tionique
333 798 590 852 respondent,
640 797 710 836 hoc
742 796 806 836 ille
838 797 950 836 modo
983 803 1144 850 nugatus
1176 803 1249 836 est.
1319 794 1650 849 Quemadmodum

128 880 222 906 vero
245 880 297 906 ex
323 865 538 905 nominibus
561 864 758 918 aequalem
784 878 943 904 numero
966 862 1159 904 Virtutem
1183 865 1217 903 ei
1243 862 1449 918 Tetractys
1473 867 1653 906 ostende-

128 934 199 984 rit,
244 934 422 988 deinceps
448 931 747 987 explicabimus,
789 945 837 972 ne
871 932 956 985 qnid
983 946 1114 972 eorum
1150 939 1209 982 te,
1251 933 1474 982 carissime,
1520 933 1648 983 lateat,

130 1016 224 1055 quae
248 1001 293 1041 ab
317 1001 382 1042 illo
405 1001 503 1040 dicta
527 1001 572 1040 ad
599 1007 768 1039 nostram
793 1000 1012 1040 memoriam
1041 1008 1325 1054 pervenerunt,
1357 1002 1392 1040 id
1417 1001 1513 1054 quod
1540 1015 1561 1041 a
1584 1015 1651 1041 no-

128 1070 186 1110 bis
220 1084 333 1123 saepe
367 1068 584 1123 postulasti.
646 1067 731 1107 Hoc
766 1067 894 1122 itaque
927 1068 1038 1107 modo
1075 1067 1358 1121 sapientissima
1389 1067 1482 1122 Sige
1507 1067 1649 1108 XXIV

129 1138 406 1178 elementorum
435 1135 488 1176 illi
519 1136 807 1189 generationem
839 1136 1035 1190 exposuit.
1096 1134 1288 1176 Nimirum
1321 1151 1405 1176 cum
1436 1135 1652 1189 Singulari-

131 1212 205 1246 tate
232 1203 422 1246 Unitatem
447 1204 642 1244 existere:
676 1204 722 1244 ab
746 1204 792 1244 iis
817 1211 1025 1259 propagata
1050 1204 1123 1244 duo
1151 1202 1360 1244 Monadem
1388 1212 1502 1258 atque
1526 1203 1652 1245 Unum

129 1280 291 1328 quatuor
314 1272 510 1327 implesse.
572 1270 641 1312 Bis
661 1272 760 1312 enim
787 1272 859 1312 duo
883 1279 1047 1326 quatuor
1068 1272 1248 1312 efficiunt.
1311 1272 1556 1327 Rursumquc
1580 1274 1652 1313 duo

128 1341 329 1381 coniuncta
361 1355 444 1380 cum
477 1347 640 1394 quatuor
674 1340 869 1380 senarium
901 1340 1167 1380 ostenderunt.
1230 1339 1304 1380 Hic
1336 1349 1470 1394 quater
1500 1342 1536 1381 in
1565 1355 1652 1382 sese

127 1410 261 1449 ductus
292 1406 438 1448 XXlV
467 1409 610 1448 formas
642 1408 782 1448 effecit.
845 1409 904 1448 Ac
936 1409 1078 1463 primae
1110 1407 1259 1461 quidem
1288 1407 1467 1448 Tetradis
1499 1409 1653 1449 nomina

128 1476 394 1526 sanctissima,
429 1489 525 1530 quae
550 1475 805 1529 intelligentia
826 1476 908 1516 sola
930 1476 1073 1530 percipi
1097 1482 1277 1530 possunt,
1313 1476 1443 1516 verbis
1468 1477 1653 1530 explicari

129 1558 205 1584 non
228 1551 403 1599 possunt,
437 1544 508 1584 soli
531 1551 637 1598 putat
660 1544 735 1583 filio
756 1544 924 1598 cognita,
957 1557 1054 1597 quae
1075 1544 1285 1583 cuiusmodi
1307 1543 1380 1583 sint
1403 1542 1521 1584 Pater
1541 1544 1653 1584 intel-

128 1611 226 1665 ligit.
288 1600 400 1665 Quae
423 1625 517 1652 vero
541 1612 597 1651 sic
620 1619 781 1666 augusta
803 1618 914 1661 sunt,
957 1618 998 1651 ut
1023 1625 1106 1651 cum
1130 1611 1202 1651 fide
1225 1611 1462 1666 pronuntiari
1487 1613 1648 1666 possint,

129 1679 229 1719 hunc
259 1679 298 1719 in
333 1680 482 1720 modum
514 1686 706 1720 recenset.
767 1679 962 1719 Arrhetus
995 1687 1033 1718 et
1068 1676 1210 1732 Seige,
1256 1677 1375 1719 Pater
1408 1686 1446 1719 et
1477 1678 1649 1720 Veritas.

129 1746 254 1787 Huius
280 1745 462 1788 Tetradis
489 1761 669 1787 numerus
696 1747 819 1786 omnis
844 1745 989 1787 XXIV
1015 1747 1202 1786 clementa
1229 1746 1387 1800 colligit.
1448 1745 1550 1787 Nam
1577 1748 1653 1787 Ar-

128 1814 261 1854 rhetus
284 1821 429 1869 septem
457 1815 494 1854 in
519 1829 561 1855 se
582 1814 714 1854 literas
739 1815 1029 1868 complectitur,
1063 1813 1182 1867 Seige
1206 1813 1255 1864 V,
1290 1813 1408 1854 Pater
1428 1813 1479 1865 V,
1513 1822 1551 1855 et
1574 1814 1654 1855 Ve-

128 1883 222 1922 ritas
245 1881 343 1935 Vll;
371 1896 466 1936 quae
488 1883 526 1922 in
549 1897 664 1922 unum
689 1882 898 1937 composita
919 1882 976 1923 bis
997 1882 1162 1936 quinque
1185 1882 1318 1936 bisque
1340 1889 1485 1936 septem
1507 1881 1653 1923 XXlV

128 1950 309 1990 efficiunt.
372 1949 430 1990 lta
458 1958 497 1990 et
522 1951 690 1991 secunda
717 1949 884 2001 Tetras,
925 1947 1084 2004 Logus,
1120 1949 1226 2000 Zoe’,
1262 1950 1485 2005 Anthi-opus
1514 1958 1552 1990 et
1579 1949 1653 1990 Ec-

128 2017 245 2058 clesia
268 2019 429 2058 eundem
453 2018 639 2058 exhibent
664 2018 940 2058 elementorum
964 2032 1179 2058 numerum.
1243 2016 1321 2057 lam
1347 2016 1563 2059 Salvatoris
1587 2034 1655 2059 no-

127 2100 231 2137 men,
260 2087 357 2140 quod
380 2086 510 2126 efferri
535 2088 589 2125 l'as
611 2093 685 2136 est,
716 2086 786 2125 hoc
810 2093 870 2126 est
887 2082 1048 2137 Ἰησοῦς,
1072 2086 1268 2126 literarum
1292 2100 1379 2126 esse
1400 2100 1486 2127 sex.
1542 2085 1655 2140 Quod

127 2167 221 2194 vero
250 2153 491 2209 pronuntiari
525 2154 676 2207 nequit,
722 2153 853 2194 literas
883 2154 1022 2194 habere
1049 2152 1209 2194 XXlV.
1274 2152 1331 2193 lta
1361 2152 1557 2194 Christum
1589 2153 1653 2194 Fi-

127 2221 217 2261 lium
244 2222 438 2262 literarum
458 2235 545 2262 csse
567 2220 672 2261 Xll:
710 2222 807 2275 quod
830 2236 924 2262 vero
946 2223 983 2262 in
1008 2219 1166 2263 Christo
1189 2235 1260 2261 net·-
1283 2221 1433 2262 effabile
1454 2230 1536 2273 est,
1569 2223 1653 2263 lite-

127 2303 256 2329 rarum
274 2288 419 2329 XXX.
472 2288 640 2343 ideoque
662 2292 699 2328 A
719 2297 757 2329 ct
776 2291 817 2328 ,Ω
835 2290 1001 2345 seipsum
1024 2290 1210 2340 nominat,
1238 2296 1276 2329 ut
1300 2289 1510 2329 columbam
1534 2291 1653 2344 signi-

128 2357 229 2398 ficet.
293 2356 394 2397 Huic
426 2358 526 2398 enim
558 2357 620 2398 avi
651 2371 832 2399 numerus
862 2358 935 2398 iste
967 2358 1164 2398 convenit.

171 2526 202 2559 8.
226 2529 271 2559 Ila
286 2529 403 2559 restitui
417 2537 454 2559 ex
468 2529 746 2568 Pseudo-Oriyene.
795 2530 866 2560 Vul-
912 2525 1032 2565 Οὕτως
1061 2538 1097 2561 το
1127 2525 1159 2559 ἐ)
1188 2527 1234 2569 τῷ
1261 2526 1399 2577 Χριστῷ
1423 2522 1561 2569 ἄρρητον
1586 2525 1650 2582 φά-

127 2582 165 2612 9⁰
187 2569 253 2605 τὸν.
913 2584 1028 2606 σκουσι
1059 2583 1167 2614 στοιχε
1172 2570 1226 2604 ιω)
1248 2569 1440 2627 ,τριάκοντω
1496 2571 1565 2604 Κειι
1594 2575 1626 2607 δι
1629 2570 1670 2606 εὶΔ

171 2615 202 2649 9.
227 2619 349 2649 Plenior
371 2619 419 2650 hic
442 2620 508 2657 ipso
530 2619 654 2649 Irenaeo
678 2620 742 2649 eius
765 2628 867 2650 excer-
911 2620 1006 2651 τοῦτο
1029 2617 1068 2651 δέ
1092 2627 1191 2670 φασιν
1215 2613 1275 2649 ajr
1279 2615 1312 2649 ὸν
1338 2616 1373 2649 λε’
1358 2629 1411 2669 0¹¹7,
1397 2628 1461 2656 ειν
1494 2613 1586 2659 Εγώ
1611 2616 1646 2651 τὸ

124 2665 194 2700 plor
217 2666 258 2693 est
279 2665 420 2694 Pseudo·
435 2665 595 2703 Oriyenes:
623 2661 671 2696 Τὸ
699 2661 736 2696 δὲ
763 2662 794 2696 ἐν
817 2663 864 2707 τῷ
912 2659 1009 2716 ἄκρα
1026 2674 1082 2696 και
1104 2659 1141 2695 τὸ
1165 2664 1213 2698 ὦ,
1255 2664 1327 2695 ττιεδ
1332 2659 1461 2694 ικνύατα
1480 2673 1569 2702 την
1561 2674 1649 2716 περι-

128 2705 266 2747 Χριστῷ
290 2703 465 2749 ἄρρητον
463 2720 494 2750 ,χι
480 2707 660 2749 ραιιμάτων
684 2719 734 2749 τιρ
737 2705 866 2744 ἄκοντα
915 2720 970 2741 στε
956 2706 1045 2761 ιράν
1054 2707 1166 2740 τοῦτον
1191 2705 1327 2749 ἔχουσα)
1351 2704 1406 2740 τὸν
1428 2703 1590 2749 α’ριὲμον,
1629 2705 1648 2742 0'

129 2750 187 2784 καὶ
215 2749 276 2786 αὐτ
281 2765 296 2785 0
321 2757 388 2790 τοῖς
414 2751 446 2786 ἐ)
471 2750 562 2805 ajrq]
587 2764 625 2795 γρ
630 2751 761 2793 ἰαμασι
784 2751 869 2786 κατὰ
914 2752 999 2786 ἐστιν
1028 2750 1088 2786 0³7:
1091 2764 1151 2785 172
1144 2751 1189 2783 ’σι
1192 2763 1210 2783 J
1242 2750 1282 2784 ἔν.
1331 2753 1418 2791 Quod
1448 2755 1649 2785 testimonium

127 2792 161 2828 ἓν
179 2800 335 2848 στοιχεῖον
352 2795 540 2850 α’ριξμούμε
543 2810 602 2830 νον
637 2796 686 2830 T&
706 2795 769 2839 γὰρ
786 2798 867 2839 Χρι-
913 2801 1004 2830 etiam
1039 2799 1147 2838 refellit
1180 2798 1369 2828 Salmasium
1408 2799 1445 2828 (le
1480 2799 1648 2837 scripturae

131 2839 209 2878 στάς
233 2841 303 2875 ἐστι
325 2842 494 2898 στοιχείων
517 2839 577 2876 ὄντ
580 2839 617 2875 ὤ.
655 2840 704 2875 Τὸ
728 2841 767 2884 μὲ
769 2855 784 2875 ν
803 2840 865 2884 γὰρ
910 2845 1041 2875 nominis
1077 2844 1187 2874 Clzrisli
1217 2843 1306 2873 modo
1335 2844 1496 2873 Pelavium
1529 2845 1646 2882 vitupe-

129 2896 181 2928 χει
199 2888 318 2927 τριῶν,
341 2886 378 2921 τὸ
401 2886 438 2921 δὲ
460 2900 476 2930 ρ
500 2885 579 2927 δύο,
605 2899 662 2920 και
683 2885 718 2921 τὸ
744 2889 772 2920 εἳ
793 2885 865 2927 δυο,
910 2893 1027 2920 mntem
1043 2891 1075 2919 in
1091 2888 1156 2928 (Fr.
1168 2888 1295 2928 Franci)
1315 2888 1467 2927 confutat.
1481 2889 1645 2920 Animadv.

129 2929 223 2963 καὶ·
211 2946 223 2963 ι
245 2930 437 2987 τεσσάρω-ν,
462 2931 499 2966 τὸ
529 2944 548 2965 σ
570 2944 610 2965 a:
605 2932 647 2964 ’ν
651 2943 684 2970 ;,
759 2932 825 2966 ,τὸ
847 2945 865 2966 τ
911 2936 979 2965 Ant.
1003 2934 1145 2965 Cercoetii
1163 2941 1238 2972 pay.
1256 2931 1298 2965 73
1312 2941 1376 2972 sqq.

128 2975 246 3017 τριῶν,
270 2975 307 3010 τὸ
330 2977 368 3011 δὲ
387 2980 422 3012 ο-ι»
445 2975 516 3017 δύο,
541 2974 654 3011 καὶτὸ
680 2945 752 3011 :Ji-1³t
757 2977 864 3020 τριῶν.

197 3029 311 3066 corpus
328 3030 501 3059 fluet-escol.
521 3029 558 3057 11.
1325 3036 1377 3076 29
