2034 3267
451 205 629 238 PANARII
652 204 732 238 Lm.
751 207 775 238 1.
799 206 904 239 ToM.
926 206 981 238 111.
1005 206 1257 238 HAER.XL11.
1536 197 1615 237 673

100 284 212 324 ritum
237 284 349 324 affert
371 297 421 324 ex
443 298 552 335 sese,
593 285 660 325 sed
684 285 891 339 legitimum
913 285 1092 325 iudicium
1114 291 1296 335 exercet,
1337 285 1458 338 deque
1482 283 1531 324 iis
1555 284 1619 338 qui

100 353 277 392 mandata
306 351 489 393 violarint
517 352 654 393 iustam
687 353 944 406 cognitionem
969 353 1147 393 instituit.
1208 355 1291 392 Non
1316 356 1409 391 enim
1432 355 1620 391 auditores

102 422 195 471 legis
225 423 318 458 iusti
341 423 440 472 apud
469 423 594 468 deum,
636 423 703 459 sed
718 422 890 473 faetores
920 422 1013 471 legis*
1040 422 1354 472 izcstificabuntecr.
1419 418 1497 460 lam
1525 433 1618 460 vcro

100 501 182 527 cum
207 487 272 527 tex
296 488 403 528 factis
425 488 608 543 praestita
632 489 814 528 factorem
836 487 958 541 ipsum
981 487 1176 537 iustificet‚
1211 502 1284 528 non
1307 488 1461 537 iniusta,
1496 500 1620 540 neque

101 554 330 610 poenitenda
364 556 430 596 lex
459 557 556 607 erit,
604 563 758 610 propter
792 569 901 608 quam
932 555 1020 594 iusti
1054 555 1147 595 fiunt
1181 556 1240 609 qui
1272 555 1305 595 ei
1336 556 1618 609 obtemperant.

103 620 286 663 Ceterum
308 623 353 663 ad
374 623 496 677 legem
518 624 655 663 attinet
673 623 764 662 tides
787 622 898 662 etiam
919 622 957 662 in
980 620 1176 663 Christum
1199 623 1235 663 in
1258 624 1391 663 cadem
1412 623 1495 676 lege
1513 635 1623 677 prae·

101 690 224 740 dicta,
256 690 339 731 sine
362 706 435 745 quo
454 690 651 731 iustificari
674 704 786 730 nemo
811 696 956 744 potest,
992 697 1027 730 et
1053 690 1087 729 ei
1108 686 1271 745 insuper*
1288 692 1514 745 quicumque
1541 703 1624 730 cre-

102 758 240 798 diderit
265 758 406 813 absque
433 758 526 813 legis
552 759 615 798 ilto
643 757 861 797 testimonio
886 757 1082 797 iustificari
1109 759 1263 812 nequit,
1305 759 1482 812 quoniam
1512 755 1624 799 Chri-

100 833 182 866 stus
206 825 301 880 tegis
326 827 644 881 complementum
669 833 749 874 est,
783 833 824 865 ut
847 826 1042 880 apostotus
1071 827 1127 865 his
1150 826 1280 867 verbis
1307 826 1496 866 declarat:
1539 828 1621 865 Ple·
1644 836 1781 871 Roman,
1800 838 1824 864 4.

102 897 230 934 m‘tztdo
252 897 345 947 leges
369 897 538 934 Christus
560 901 615 932 est
632 896 682 932 ad
697 896 888 932 z‘ustz'tz‘mn.
953 891 1102 945 Quibus
1125 894 1214 933 ittud
1239 894 1401 945 indicat,
1435 893 1518 934 sine
1540 894 1625 947 lege

103 963 216 1017 atque
239 960 396 1003 Christo
419 962 556 1002 nullam
582 975 668 1001 esse
690 961 889 1001 iustitiam.
951 960 1091 1015 Neque
1117 961 1216 1001 enim
1242 959 1394 1012 ludaei,
1428 962 1489 1015 qui
1513 959 1625 1002 Chri-

103 1039 201 1070 stum
225 1030 440 1085 repudiant,
472 1030 556 1069 sine
576 1043 622 1069 eo
645 1029 972 1080 iustificabuntur,
1006 1043 1130 1083 neque
1151 1036 1191 1069 tu
1214 1029 1487 1081 iustificabere,
1518 1028 1627 1069 Mar-

104 1099 186 1149 cio,
221 1099 281 1152 qui
314 1098 437 1151 legem
468 1097 653 1150 abnegas.

217 1164 350 1207 Schol.
372 1164 409 1205 Π
435 1173 472 1205 et
496 1164 659 1206 XXIX.
710 1168 947 1205 circumc-2350
978 1168 1071 1204 enim
1093 1168 1251 1217 prodest
1275 1169 1312 1204 si
1338 1168 1452 1217 legem
1469 1168 1623 1217 facias:
1646 1176 1827 1211 tt‹·1n.2.,25.

104 1238 140 1272 si
160 1242 279 1273 autem
296 1237 579 1286 praevccriealor
601 1236 653 1272 sis
680 1235 794 1285 legis,
837 1237 1068 1272 circumcisio
1094 1241 1156 1272 tua
1175 1237 1410 1286 praeputium
1419 1236 1531 1288 sacta
1554 1243 1621 1274 est.

216 1301 350 1342 Refut.
375 1301 411 1342 II
432 1309 470 1342 et
488 1300 651 1342 XXIX.
696 1300 1015 1355 Quandoquidem
1037 1302 1274 1355 profuturam
1295 1301 1626 1342 circumcisionem

105 1371 300 1425 apostolus
318 1370 552 1424 pronuntiat,
580 1369 664 1423 quis
687 1370 895 1410 fructuosis
916 1369 1030 1409 rebus
1051 1369 1277 1410 calumniam
1297 1377 1449 1410 struere
1466 1371 1628 1410 audeat?

107 1437 220 1478 Hunc
243 1438 392 1492 quidem
417 1437 608 1492 serpentis
634 1437 796 1477 similem
819 1443 970 1491 oportet
995 1451 1104 1488 esse,
1140 1452 1161 1478 a
1183 1451 1256 1491 quo
1282 1451 1405 1492 neque
1429 1445 1468 1478 tu
1490 1439 1628 1478 abhor-

105 1520 192 1557 res,
224 1504 393 1546 Marcio.
457 1503 653 1559 Siquidem
675 1505 738 1545 ille
763 1505 823 1544 dci
842 1505 958 1546 verba
981 1505 1214 1558 detorquens
1234 1504 1355 1546 Evam
1377 1506 1628 1560 persuasione

107 1588 178 1614 sna
201 1573 364 1628 decepit,
394 1573 445 1613 ita
467 1573 720 1627 compellans:
754 1575 993 1625 Nequaquam
1016 1576 1230 1612 moriemini.
1294 1573 1448 1614 Etenim
1473 1581 1628 1628 aposto·
1647 1584 1720 1612 Gen.
1733 1585 1759 1618 3,
1773 1586 1795 1612 i.

106 1642 165 1682 lus
189 1641 312 1695 legem
339 1642 382 1680 ad
407 1640 739 1681 circumcisionem
763 1641 992 1690 adstrinxit,
1026 1648 1064 1681 et
1087 1641 1417 1681 circumcisionem
1442 1642 1514 1696 legi
1539 1656 1629 1682 con-

106 1716 329 1750 sentaneam
363 1722 450 1749 esse
484 1708 735 1759 monstravit,
778 1708 1023 1762 eiusdemque
1055 1710 1272 1749 mandatum
1299 1723 1386 1750 esse
1414 1710 1474 1750 dei
1502 1710 1564 1764 qui
1594 1717 1632 1750 et

106 1777 436 1817 circumcisionem
463 1776 551 1816 olim
575 1775 763 1826 instituit,
797 1783 834 1816 et
858 1776 981 1830 legem
1010 1777 1190 1831 praesidii
1213 1791 1350 1817 caussa
1376 1777 1479 1828 tulit,
1523 1778 1630 1818 cuius

107 1844 294 1885 beneficio
318 1845 485 1885 creditus
506 1841 684 1885 Christus
705 1844 949 1885 credentibus
972 1845 1144 1900 perfecta
1167 1859 1339 1900 quaeque
1359 1844 1487 1886 dicere
1510 1860 1553 1887 ac
1575 1847 1630 1887 fa-

109 1926 198 1952 cere
228 1913 418 1953 concedit.

222 1978 356 2022 Schot.
381 1979 439 2020 III
463 1987 501 2021 et
521 1979 665 2022 XXX.
716 1981 899 2021 Habentes
921 1983 1213 2034 informationem
1237 1985 1479 2034 cognitionis,
1514 1990 1552 2022 et
1570 1997 1628 2022 ve·
1648 1993 1732 2021 Rom.
1745 1995 1771 2028 ι),
1785 1994 1830 2023 „a

110 2051 234 2088 ritatzls·
264 2052 300 2088 in
333 2051 425 2100 lege.

222 2115 354 2156 Refut.
378 2115 435 2156 111
458 2123 496 2156 et
513 2116 657 2157 XXX.
704 2115 748 2158 Si
769 2117 935 2171 cognitio
957 2117 1266 2158 informationem
1288 2118 1473 2169 continet,
1508 2120 1631 2160 forma

110 2199 205 2226 vero
236 2184 282 2224 ab
312 2184 584 2224 informatione
614 2183 760 2236 oritur,
803 2185 964 2240 apostoli
994 2200 1109 2241 porro
1142 2187 1361 2240 cognitione
1392 2201 1435 2227 ac
1466 2187 1630 2228 veritate

111 2253 270 2309 praediti
301 2267 351 2293 ex
383 2252 478 2306 legis
502 2251 773 2293 informatione
802 2254 958 2294 formam
988 2253 1108 2308 ipsam
1138 2254 1332 2305 obtinent,
1374 2255 1444 2295 hoc
1475 2262 1535 2295 est
1566 2269 1629 2296 co-

111 2321 320 2375 gnitionem
345 2334 389 2360 ac
414 2319 640 2371 veritatem,
682 2320 855 2374 sequitur
875 2321 998 2375 legem
1026 2336 1047 2362 a
1073 2322 1292 2376 cognitione
1317 2330 1354 2362 et
1376 2323 1538 2363 veritate
1560 2323 1630 2363 mi-

112 2390 214 2430 nime
244 2389 405 2429 alienam
437 2387 575 2428 videri.
637 2386 714 2428 Per
737 2389 834 2442 legis
861 2389 961 2429 euim
985 2388 1295 2431 informationem
1323 2390 1497 2431 veritatis
1519 2404 1630 2446 prae—

113 2470 229 2498 cones
260 2457 517 2511 coguitionem
548 2470 592 2496 ac
623 2456 824 2497 veritatem
856 2464 946 2498 sunt
976 2458 1117 2513 adepti.

226 2591 358 2642 Schol.
384 2591 440 2632 tV
461 2599 498 2632 et
519 2590 682 2633 XXXI.
729 2595 864 2632 Adlzuc
882 2596 975 2633 enim
999 2596 1168 2633 Christus
1188 2608 1267 2632 cum
1291 2608 1449 2634 essemus
1470 2596 1622 2646 infirmi,
1647 2606 1755 2643 Cape,
1769 2610 1792 2635 6.

114 2663 232 2701 adhuc
263 2665 298 2700 in
331 2669 488 2712 tempore
510 2675 582 2712 pro
613 2663 732 2712 impiis
762 2668 926 2700 mortuus
956 2670 1022 2701 est.

223 2728 358 2770 Rcfut.
384 2727 439 2768 tV
462 2735 499 2769 et
519 2726 681 2769 XXXI.
727 2726 926 2770 Vocabula
949 2729 1059 2781 haec,
1092 2732 1239 2777 Adhuc,
1275 2737 1328 2781 et,
1360 2733 1533 2770 Mortuus
1555 2740 1623 2780 est,

116 2812 192 2839 non
223 2798 360 2839 nudam
387 2796 577 2852 speciem,
623 2796 690 2837 sed
716 2796 917 2838 veritatem
943 2805 1121 2853 arguunt.
1183 2796 1227 2839 Si
1250 2797 1352 2839 enim
1373 2798 1456 2840 sola
1478 2799 1626 2853 species

114 2925 205 2962 tavit,
243 2924 408 2955 Cornarius
430 2922 571 2954 vertendo
592 2924 682 2962 plane
705 2923 844 2961 neglexit.
893 2926 919 2955 et
939 2925 1074 2963 Ρειαυίί,
1096 2932 1154 2963 pro
1174 2922 1231 2956 τοῦ
1248 2922 1368 2967 νόμου,
1392 2925 1473 2964 quod
1490 2927 1522 2957 in
1543 2926 1627 2957 libris

160 2968 212 3000 82.
235 2968 298 3009 τῆς
318 2966 492 3010 γνώσεως,
522 2969 602 3007 quod
623 2969 768 2999 sententia
790 2977 846 3006 po·
890 2972 980 3001 extat.

116 3014 263 3052 stulabat,
297 3015 418 3052 reposui
444 3022 481 3044 ex
512 3014 682 3045 coniectura
707 3013 849 3044 Ceruarii

185 3066 298 3102 Corpus
315 3066 490 3095 Haereseol.
510 3065 545 3094 11.
1306 3076 1356 3113 43
